<!doctype html>
<html lang="pt">
<head>
<meta charset="utf-8">
<meta http-equiv="x-ua-compatible" content="ie=edge">
<title>Comparador de Preços de Supermercados</title>
<meta name="viewport" content="width=device-width, initial-scale=1, maximum-scale=5">
<meta name="description" content="Encontre e compare milhões de produtos em centenas de lojas online. Veja as melhores ofertas, promoções e descontos no comparador de preços mais popular de Portugal!">
<meta name="copyright" content="Copyright 2022">
<meta name="referrer" content="same-origin">
<meta name="robots" content="index, follow">
<meta name="resource-type" content="DOCUMENT">

<!--Links CSS-->
<link rel="stylesheet" href="../../css/cssSite.v511.css">
<link rel="stylesheet" href="../../css/global.css">
<link rel="stylesheet" href="../../css/bootstrap.min.css">
<link rel="stylesheet" href="../../css/estilo.css">
<link rel="stylesheet" href="../../css/search.css">
<link rel="stylesheet" href="../../css/produtos.css">
<link rel="stylesheet" href="../../css/search1.css">

<!--JavaScript-->
<script src="../../js/nr-agent.js"></script>
<script>
        ;NREUM.loader_config={accountID:"3072507",trustKey:"1545474",agentID:"1025845875",licenseKey:"NRJS-0dd6c177c1318524aaa",applicationID:"1025845875"}
        ;NREUM.info={beacon:"bam.nr-data.net",errorBeacon:"bam.nr-data.net",licenseKey:"NRJS-0dd6c177c1318524aaa",applicationID:"1025845875",sa:1}
    </script>
<script type="text/javascript">
      (function (s, y, n, di, go) {
        di = s.createElement(y);
        di.type = 'text/java'+y;
        di.async = true;
        di.src = n + Math.floor(Date.now() / 86400000);
        go = s.getElementsByTagName(y)[0];
        go.parentNode.insertBefore(di,go);
      }(document,'script', "https://content.syndigo.com/site/710ff2e0-2f41-1551-6979-4c465865d7d1/tag.js?cv="));
</script>
<!--[if gt IE 9]><!-->
<script>//common/scripts.isml</script>
<script data-cookieconsent="ignore" defer="defer" src="../../js/vendors.js"></script>
<script data-cookieconsent="ignore" defer="defer" src="../../js/vendors-additional.js"></script>
<script data-cookieconsent="ignore" defer="defer" src="../../js/main.js"></script>
<script data-cookieconsent="ignore" defer="defer" src="../../js/search.js"></script>

<script type="text/javascript">//<!--
    /* <![CDATA[ (head-active_data.js) */
    var dw = (window.dw || {});
    dw.ac = {
        _analytics: null,
        _events: [],
        _category: "",
        _searchData: "",
        _anact: "",
        _anact_nohit_tag: "",
        _analytics_enabled: "true",
        _timeZone: "Europe/Lisbon",
        _capture: function(configs) {
            if (Object.prototype.toString.call(configs) === "[object Array]") {
                configs.forEach(captureObject);
                return;
            }
            dw.ac._events.push(configs);
        },
        capture: function() { 
            dw.ac._capture(arguments);
            // send to CQ as well:
            if (window.CQuotient) {
                window.CQuotient.trackEventsFromAC(arguments);
            }
        },
        EV_PRD_SEARCHHIT: "searchhit",
        EV_PRD_DETAIL: "detail",
        EV_PRD_RECOMMENDATION: "recommendation",
        EV_PRD_SETPRODUCT: "setproduct",
        applyContext: function(context) {
            if (typeof context === "object" && context.hasOwnProperty("category")) {
                dw.ac._category = context.category;
            }
            if (typeof context === "object" && context.hasOwnProperty("searchData")) {
                dw.ac._searchData = context.searchData;
            }
        },
        setDWAnalytics: function(analytics) {
            dw.ac._analytics = analytics;
        },
        eventsIsEmpty: function() {
            return 0 == dw.ac._events.length;
        }
    };
    /* ]]> */
    // -->
    </script>
    <script type="text/javascript">//<!--
    /* <![CDATA[ (head-cquotient.js) */
    var CQuotient = window.CQuotient = {};
    CQuotient.clientId = 'bdvs-continente';
    CQuotient.realm = 'BDVS';
    CQuotient.siteId = 'continente';
    CQuotient.instanceType = 'prd';
    CQuotient.locale = 'default';
    CQuotient.fbPixelId = '__UNKNOWN__';
    CQuotient.activities = [];
    CQuotient.cqcid='';
    CQuotient.cquid='';
    CQuotient.cqeid='';
    CQuotient.cqlid='';
    /* Turn this on to test against Staging Einstein */
    /* CQuotient.useTest= true; */
    CQuotient.initFromCookies = function () {
        var ca = document.cookie.split(';');
        for(var i=0;i < ca.length;i++) {
          var c = ca[i];
          while (c.charAt(0)==' ') c = c.substring(1,c.length);
          if (c.indexOf('cqcid=') == 0) {
            CQuotient.cqcid=c.substring('cqcid='.length,c.length);
          } else if (c.indexOf('cquid=') == 0) {
              var value = c.substring('cquid='.length,c.length);
              if (value) {
                  var split_value = value.split("|", 3);
                  if (split_value.length > 0) {
                  CQuotient.cquid=split_value[0];
                  }
                  if (split_value.length > 1) {
                  CQuotient.cqeid=split_value[1];
                  }
                  if (split_value.length > 2) {
                  CQuotient.cqlid=split_value[2];
                  }
              }
          }
        }
    }
    CQuotient.getCQCookieId = function () {
        if(window.CQuotient.cqcid == '')
            window.CQuotient.initFromCookies();
        return window.CQuotient.cqcid;
    };
    CQuotient.getCQUserId = function () {
        if(window.CQuotient.cquid == '')
            window.CQuotient.initFromCookies();
        return window.CQuotient.cquid;
    };
    CQuotient.getCQHashedEmail = function () {
        if(window.CQuotient.cqeid == '')
            window.CQuotient.initFromCookies();
        return window.CQuotient.cqeid;
    };
    CQuotient.getCQHashedLogin = function () {
        if(window.CQuotient.cqlid == '')
            window.CQuotient.initFromCookies();
        return window.CQuotient.cqlid;
    };
    CQuotient.trackEventsFromAC = function (/* Object or Array */ events) {
    try {
        if (Object.prototype.toString.call(events) === "[object Array]") {
            events.forEach(_trackASingleCQEvent);
        } else {
            CQuotient._trackASingleCQEvent(events);
        }
    } catch(err) {}
    };
    CQuotient._trackASingleCQEvent = function ( /* Object */ event) {
        if (event && event.id) {
            if (event.type === dw.ac.EV_PRD_DETAIL) {
                CQuotient.trackViewProduct( {id:'', alt_id: event.id, type: 'raw_sku'} );
            } // not handling the other dw.ac.* events currently
        }
    };
    CQuotient.trackViewProduct = function(/* Object */ cqParamData){
        var cq_params = {};
        cq_params.cookieId = CQuotient.getCQCookieId();
        cq_params.userId = CQuotient.getCQUserId();
        cq_params.emailId = CQuotient.getCQHashedEmail();
        cq_params.loginId = CQuotient.getCQHashedLogin();
        cq_params.product = cqParamData.product;
        cq_params.realm = cqParamData.realm;
        cq_params.siteId = cqParamData.siteId;
        cq_params.instanceType = cqParamData.instanceType;
        cq_params.locale = CQuotient.locale;
        
        if(CQuotient.sendActivity) {
            CQuotient.sendActivity(CQuotient.clientId, 'viewProduct', cq_params);
        } else {
            CQuotient.activities.push({activityType: 'viewProduct', parameters: cq_params});
        }
    };
    /* ]]> */
    // -->
    </script>

</head>

<body>
    <body class="" data-theme="default" data-layout="fluid" data-sidebar-position="left" data-sidebar-behavior="sticky" data-tooltip-container>
        <div class="wrap" id="mainpage" data-popover-container>
    
    <header>
    <header class="header" id="header">
        <div class="header-top">
           <div class="header-top-container header-container container">
             <div class="header-section header-section-logo">
                <img class="header-logo-img" src="../../img/logo.png" alt="Comparador de Preços" width="250" height="100">
                    <a href="#" class="btn-product-catalog">
                        <span class="hamburger-icon">
                        <span></span>
                            <span></span>
                            <span></span>
                            </span>
                        <span class="hamburger-text">Catálogo Productos</span>
                     </a>
    
     <form action="#" class="header-section header-section-search" rel="ajaxify">
         <label class="sr-only" for="main-autocomplete">O que pesquisa hoje?</label>
             <input class="header-input-search form-control" id="main-autocomplete" type="text" placeholder="O que pesquisa hoje?" autocomplete="off" data-url="#" data-default-search-url="#" name="q" value="" data-autocomplete__="{&quot;text&quot;:&quot;&quot;}">
                 <button class="header-btn header-btn-search" id="main-autocomplete-submit" type="submit" aria-label="Search">
                     <img class="svg-icon" src="../../img/icons8-search-50.png" alt=""> <use xlink:href="#search"></use></svg>
                 </button>
                 <button class="header-btn header-btn-clear" id="main-autocomplete-clear" type="button">
                 </button>
     </form>
    
     <div class="header-section header-section-account">
         <a class="header-btn header-btn-dot header-btn-heart" id="header-wishlist-icon" href="#" title="Lista de favoritos">
             <img class="favorite" src="../../img/icons8-favorite-48.png" alt="" style="max-width: 100%;"><use xlink:href="#heart"></use></svg>
         </a>
         <a class="header-btn header-btn-dot header-btn-user" href="#" title="Minha conta" data-overlayer data-load-fragment data-title="false" data-width="460" data-close-outside="false" data-fragment-options="{&quot;linkSelector&quot;:&quot;a[href], [data-href]&quot;,&quot;formSelector&quot;:&quot;form&quot;,&quot;formExclude&quot;:null}">
             <img class="user" src="../../img/icons8-user-48.png" alt="" style="max-width: 100%;"><use xlink:href="#user"></use></svg>
         </a>
    
    <div class="navigation-container ff-montse">
        <nav id="nav_main" class="nav_main scrollable">
            <ul class="yCmsContentSlot clear_fix first_nav">
                <li id="nav-submenu-container">
                    <div class="nav-submenu__header">
                        <button class="btn-close-menu"></button>
                            <div class="siteLogo">
                                <a href="index.html" class="siteLogoDia">
                                    <img src="../../img/supermarket.png" class="siteLogo siteLogo-img"/>
                                </a>
                            </div>
                    </div>
            <ul class="nav-submenu ff-montse">
                <li class="main_menu_element_newProducts">
                    <span class="iconoCat  icoNewProducts">
                    </span>
                        <a href="#">
                          <p style="margin-left: 40px;">Categorias</p></a>
                              </li>
                
             <li>
                 <img class="hot" src="https://img.icons8.com/wired/64/000000/bread-and-rolling-pin.png"/>
                     <button class="btn-main-category">Padaria e Pastelaria</button>
                         <div class="child-menu child-menu-platos-preparados">
                             <div class="back-to-category">
                                 <button class="back responsivo responsivo-tablet"></button>
                                     <span>Padaria e Pastelaria</span>
                             </div>
                             <div class="category-link">
                                 <span class="iconCategory frescos"></span>
                                     <a href="#" class="go-to-category">Ver todos</a>
                             </div>
                                 <span class="shop-by-cat-text">Comprar por categor&iacute;as</span>
    
                                 <ul class="child-menu-container">
                                     <li>
                                         <a href="#">Padaria</a>
                                             <span class="iconCategory arrow-mobile RD_Desplegar2"></span>
            
                                 <ul class="grandchild-menu">
                                     <li>
                                         <div class="back-to-category">
                                             <button class="back responsivo responsivo-tablet"></button>
                                                 <span>Padaria</span>
                                         </div>
                                     </li>
                                     <li class="go-to-category-child">
                                         <a href="#">Ver Padaria</a>
                                     </li>
                                         <span class="shop-by-cat-text">Comprar por categor&iacute;as</span>
                                     <li>
                                         <a href="#">Pão do Dia e Broa</a>
                                     </li>
                                     <li>
                                         <a href="#">Pão de Forma e Embalado</a>
                                     </li>
                                     <li>
                                         <a href="#">Pão de Hambúrguer, Cachorro e Wraps</a>
                                     </li>
                                     <li>
                                         <a href="#">Tostas, Gressinos e Croutons</a>
                                     </li>
                                 </ul>
                             </li>
                                     <li>
                                            <a href="#">Pastelaria</a>
                                                <span class="iconCategory arrow-mobile RD_Desplegar2"></span>
            
                                                    <ul class="grandchild-menu">
                                        <li>
                                            <div class="back-to-category">
                                                <button class="back responsivo responsivo-tablet"></button>
                                                    <span>Pastelaria</span>
                                            </div>
                                        </li>
                                        <li class="go-to-category-child">
                                            <a href="#">Ver Pastelaria</a>
                                        </li>
                                            <span class="shop-by-cat-text">Comprar por categor&iacute;as</span>
                                        <li>
                                            <a href="#">Croissants e Pães de Leite</a>
                                        </li>
                                        <li>
                                            <a href="#">Pastelaria Sortida</a>
                                        </li>
                                        <li>
                                            <a href="#">Biscoitos</a>
                                        </li>
                                        <li>
                                            <a href="#">Bolos, Salames e Tartes</a>
                                        </li>
                                        <li>
                                            <a href="#">Bolos de Festa</a>
                                        </li>
                                        <li>
                                            <a href="#">Sobremesas</a>
                                        </li>
                                        <li>
                                            <a href="#">Pastelaria Salgada</a>
                                        </li>
                                    </ul>
                                </li>
                                        <li>
                                            <a href="#">Massas para Culinária</a>
                                                <span class="iconCategory arrow-mobile RD_Desplegar2"></span>
            
                                        <ul class="grandchild-menu">
                                            <li>
                                                <div class="back-to-category">
                                                    <button class="back responsivo responsivo-tablet"></button>
                                                        <span>Massas para Culinária</span>
                                                </div>
                                            </li>
                                            <li class="go-to-category-child">
                                                <a href="#">Ver Massas para Culinária</a>
                                            </li>
                                                <span class="shop-by-cat-text">Comprar por categor&iacute;as</span>
                                        </ul>
                                    </li>
                                </ul>
                            </div>
                        </li>
            
                        <li>
                            <img class="hot" src="https://img.icons8.com/external-konkapp-detailed-outline-konkapp/64/000000/external-takeaway-cafe-konkapp-detailed-outline-konkapp.png"/>
                                <button class="btn-main-category">Take-Away</button>
                                    <div class="child-menu child-menu-frescos">
                                        <div class="back-to-category">
                                            <button class="back responsivo responsivo-tablet"></button>
                                                <span>Take-Away</span>
                                        </div>
                                        <div class="category-link">
                                            <span class="iconCategory frescos"></span>
                                                <a href="#" class="go-to-category">Ver todos</a>
                                        </div>
                                            <span class="shop-by-cat-text">Comprar por categor&iacute;as</span>
            
                                        <ul class="child-menu-container">
                                            <li>
                                                <a href="#">Entradas e Salgados</a>
                                                    <span class="iconCategory arrow-mobile RD_Desplegar2"></span>
            
                                        <ul class="grandchild-menu">
                                            <li>
                                                <div class="back-to-category">
                                                    <button class="back responsivo responsivo-tablet"></button>
                                                        <span>Entradas e Salgados</span>
                                                </div>
                                            </li>
                                            <li class="go-to-category-child">
                                                <a href="#">Ver Entradas e Salgados</a>
                                            </li>
                                                <span class="shop-by-cat-text">Comprar por categor&iacute;as</span>
                                            <li>
                                                <a href="#">Salgados</a>
                                            </li>
                                            <li>
                                                <a href="#">Empadas e Empanadas</a>
                                            </li>
                                            <li>
                                                <a href="#">Panados, Quiches e Folhados</a>
                                            </li>
                                            <li>
                                                <a href="#">Pastas para Barrar</a>
                                            </li>
                                            <li>
                                                <a href="#">Pães de Alho e Queijo</a>
                                            </li>
                                        </ul>
                                    </li>
                                            <li>
                                                <a href="#">Sopas</a>
                                                    <span class="iconCategory arrow-mobile RD_Desplegar2"></span>
            
                                                        <ul class="grandchild-menu">
                                            <li>
                                                <div class="back-to-category">
                                                    <button class="back responsivo responsivo-tablet"></button>
                                                        <span>Sopas</span>
                                                </div>
                                            </li>
                                            <li class="go-to-category-child">
                                                <a href="#">Ver Sopas</a>
                                            </li>
                                                <span class="shop-by-cat-text">Comprar por categor&iacute;as</span>
                                            <li>
                                                <a href="#">Tradicionais</a>
                                            </li>
                                            <li>
                                                <a href="#">Sem Batata</a>
                                            </li>
                                        </ul>
                                    </li>
                                            <li>
                                                <a href="#">Pizzas</a>
                                                    <span class="iconCategory arrow-mobile RD_Desplegar2"></span>
            
                                            <ul class="grandchild-menu">
                                                <li>
                                                    <div class="back-to-category">
                                                        <button class="back responsivo responsivo-tablet"></button>
                                                            <span>Pizzas</span>
                                                    </div>
                                                </li>
                                                <li class="go-to-category-child">
                                                    <a href="#">Ver Pizzas</a>
                                                </li>
                                                    <span class="shop-by-cat-text">Comprar por categor&iacute;as</span>
                                                <li>
                                                    <a href="#">Frescas</a>
                                                </li>
                                                <li>
                                                    <a href="#">Congeladas</a>
                                                </li>
                                            </ul>
                                        </li>
                                                <li>
                                                    <a href="#">Massas Frescas e Noodles</a>
                                                        <span class="iconCategory arrow-mobile RD_Desplegar2"></span>
            
                                            <ul class="grandchild-menu">
                                                <li>
                                                    <div class="back-to-category">
                                                        <button class="back responsivo responsivo-tablet"></button>
                                                            <span>Massas Frescas e Noodles</span>
                                                    </div>
                                                </li>
                                                <li class="go-to-category-child">
                                                    <a href="#">Ver Massas Frescas e Noodles</a>
                                                </li>
                                                    <span class="shop-by-cat-text">Comprar por categor&iacute;as</span>
                                                        <li>
                                                            <a href="#">Massas Simples e Recheadas</a>
                                                        </li>
                                                        <li>
                                                            <a href="#">Noodles</a>
                                                        </li>
                                                        <li>
                                                            <a href="#">Massas para Culinária</a>
                                                        </li>
                                                    </ul>
                                                </li>
                                                        <li>
                                                            <a href="#">Hambúrgueres</a>
                                                                <span class="iconCategory arrow-mobile RD_Desplegar2"></span>
            
                                            <ul class="grandchild-menu">
                                                <li>
                                                    <div class="back-to-category">
                                                        <button class="back responsivo responsivo-tablet"></button>
                                                            <span>Hambúrgueres</span>
                                                    </div>
                                                </li>
                                                <li class="go-to-category-child">
                                                    <a href="#">Ver Hambúrgueres</a>
                                                </li>
                                                    <span class="shop-by-cat-text">Comprar por categor&iacute;as</span>
                                                <li>
                                                    <a href="#">Pronto a Comer</a>
                                                </li>
                                                <li>
                                                    <a href="#">Frescos</a>
                                                </li>
                                                <li>
                                                    <a href="#">Congelados</a>
                                                </li>
                                            </ul>
                                        </li>
            
                            <li>
                                <a href="#">Saladas, Sandes e Wraps</a>
                                    <span class="iconCategory arrow-mobile RD_Desplegar2"></span>
            
                                        <ul class="grandchild-menu">
                            <li>
                                <div class="back-to-category">
                                    <button class="back responsivo responsivo-tablet"></button>
                                        <span>Saladas, Sandes e Wraps</span>
                                </div>
                            </li>
                            <li class="go-to-category-child">
                                <a href="#">Ver Saladas, Sandes e Wraps</a>
                            </li>
                                <span class="shop-by-cat-text">Comprar por categor&iacute;as</span>
                            <li>
                                <a href="#">Sandes</a>
                            </li>
                            <li>
                                <a href="#">Wraps</a>
                            </li>
                            <li>
                                <a href="#">Saladas Simples</a>
                            </li>
                            <li>
                                <a href="#">Saladas Refeição</a>
                            </li>
                        </ul>
                    </li>
            
                            <li>
                                <a href="#">Frango Assado e Leitão</a>
                                    <span class="iconCategory arrow-mobile RD_Desplegar2"></span>
            
                        <ul class="grandchild-menu">
                            <li>
                                <div class="back-to-category">
                                    <button class="back responsivo responsivo-tablet"></button>
                                        <span>Frango Assado e Leitão</span>
                                </div>
                            </li>
                            <li class="go-to-category-child">
                                <a href="#">Ver Frango Assado e Leitão</a>
                            </li>
                                <span class="shop-by-cat-text">Comprar por categor&iacute;as</span>
                            </ul>
                        </li>
            
                            <li>
                                <a href="#">Refeições Prontas</a>
                                    <span class="iconCategory arrow-mobile RD_Desplegar2"></span>
            
                        <ul class="grandchild-menu">
                            <li>
                                <div class="back-to-category">
                                    <button class="back responsivo responsivo-tablet"></button>
                                        <span>Refeições Prontas</span>
                                </div>
                            </li>
                            <li class="go-to-category-child">
                                <a href="#">Ver Refeições Prontas</a>
                            </li>
                                <span class="shop-by-cat-text">Comprar por categor&iacute;as</span>
                            <li>
                                <a href="#">Carne</a>
                            </li>
                            <li>
                                <a href="#">Peixe e Marisco</a>
                            </li>
                            <li>
                                <a href="#">Italianas</a>
                            </li>
                            <li>
                                <a href="#">Acompanhamentos</a>
                            </li>
                        </ul>
                    </li>
            
                            <li>
                                <a href="#">Vegetarianas e Vegan</a>
                                    <span class="iconCategory arrow-mobile RD_Desplegar2"></span>
            
                        <ul class="grandchild-menu">
                            <li>
                                <div class="back-to-category">
                                    <button class="back responsivo responsivo-tablet"></button>
                                        <span>Vegetarianas e Vegan</span>
                                </div>
                            </li>
                            <li class="go-to-category-child">
                                <a href="#">Ver Vegetarianas e Vegan</a>
                            </li>
                                <span class="shop-by-cat-text">Comprar por categor&iacute;as</span>
                            <li>
                                <a href="#">Hambúrgueres e Almôndegas</a>
                            </li>
                            <li>
                                <a href="#">Nuggets, Bifes e Escalopes</a>
                            </li>
                            <li>
                                <a href="#">Tofu e Seitan</a>
                            </li>
                            <li>
                                <a href="#">Saladas e Algas</a>
                            </li>
                            <li>
                                <a href="#">Outras Refeições</a>
                            </li>
                        </ul>
                    </li>
                </ul>
            </div>
            </li>
                            <li>
                                <img class="hot" src="https://img.icons8.com/external-wanicon-lineal-wanicon/64/000000/external-grocery-food-delivery-wanicon-lineal-wanicon.png"/>
                                    <button class="btn-main-category">Mercearia</button>
                                        <div class="child-menu child-menu-despensa">
                                            <div class="back-to-category">
                                                <button class="back responsivo responsivo-tablet"></button>
                                                    <span>Mercearia</span>
                                            </div>
                                            <div class="category-link">
                                                <span class="iconCategory despensa"></span>
                                                    <a href="#" class="go-to-category">Ver todos</a>
                                            </div>
                                                <span class="shop-by-cat-text">Comprar por categor&iacute;as</span>
            
                        <ul class="child-menu-container">
                            <li>
                                <a href="#">Café, Chá e Chocolate Solúvel</a>
                                    <span class="iconCategory arrow-mobile RD_Desplegar2"></span>
            
                        <ul class="grandchild-menu">
                            <li>
                                <div class="back-to-category">
                                    <button class="back responsivo responsivo-tablet"></button>
                                        <span>Café, Chá e Chocolate Solúvel</span>
                                </div>
                            </li>
                            <li class="go-to-category-child">
                                <a href="#">Ver Café, Chá e Chocolate Solúvel</a>
                            </li>
                                <span class="shop-by-cat-text">Comprar por categor&iacute;as</span>
                            <li>
                                <a href="#">Café em Cápsulas</a>
                            </li>
                            <li>
                                <a href="#">Café Torrado</a>
                            </li>
                            <li>
                                <a href="#">Café Solúvel</a>
                            </li>
                            <li>
                                <a href="#">Chás e Infusões</a>
                            </li>
                            <li>
                                <a href="#">Chocolate Solúvel</a>
                            </li>
                            <li>
                                <a href="#">Bebidas de Cereais</a>
                            </li>
                        </ul>
                    </li>
                            <li>
                                <a href="#">Cereais e Barras</a>
                                    <span class="iconCategory arrow-mobile RD_Desplegar2"></span>
            
                        <ul class="grandchild-menu">
                            <li>
                                <div class="back-to-category">
                                    <button class="back responsivo responsivo-tablet"></button>
                                        <span>Cereais e Barras</span>
                                </div>
                            </li>
                            <li class="go-to-category-child">
                                <a href="#">Ver Cereais e Barras</a>
                            </li>
                                <span class="shop-by-cat-text">Comprar por categor&iacute;as</span>
                            <li>
                                <a href="#">Cereais Infantis e Juvenis</a>
                            </li>
                            <li>
                                <a href="#">Cereais Linha e Fibra</a>
                            </li>
                            <li>
                                <a href="#">Corn Flakes</a>
                            </li>
                            <li>
                                <a href="#">Muesli e Granola</a>
                            </li>
                            <li>
                                <a href="#">Flocos e Papas de Aveia</a>
                            </li>
                            <li>
                                <a href="#">Barras de Cereais</a>
                            </li>
                        </ul>
                            </li>
                                        
                            <li>
                                <a href="#">Bolachas, Biscoitos e Tostas</a>
                                    <span class="iconCategory arrow-mobile RD_Desplegar2"></span>
            
                        <ul class="grandchild-menu">
                            <li>
                                <div class="back-to-category">
                                    <button class="back responsivo responsivo-tablet"></button>
                                        <span>Bolachas, Biscoitos e Tostas</span>
                                </div>
                            </li>
                            <li class="go-to-category-child">
                                <a href="#">Ver Bolachas, Biscoitos e Tostas</a>
                            </li>
                                <span class="shop-by-cat-text">Comprar por categor&iacute;as</span>
                            <li>
                                <a href="#">Bolachas de Chocolate</a>
                            </li>
                            <li>
                                <a href="#">Bolachas com Cobertura e Recheio</a>
                            </li>
                            <li>
                                <a href="#">Bolachas Infantis</a>
                            </li>
                            <li>
                                <a href="#">Bolachas de Manteiga</a>
                            </li>
                            <li>
                                <a href="#">Maria, Torrada e Biscoitos</a>
                            </li>
                            <li>
                                <a href="#">Bolachas Fibra e Sem Açúcar</a>
                            </li>
                            <li>
                                <a href="#">Sortidos de Bolachas</a>
                            </li>
                            <li>
                                <a href="#">Bolos, Napolitanas, Queques…</a>
                            </li>
                            <li>
                                <a href="#">Bolachas e Biscoitos Salgados</a>
                            </li>
                            <li>
                                <a href="#">Tortitas de Arroz e Milho</a>
                            </li>
                            <li>
                                <a href="#">Tostas, Gressinos e Croutons</a>
                            </li>
                        </ul>
                            </li>
                            <li>
                                <a href="#">Chocolate, Gomas e Rebuçados</a>
                                    <span class="iconCategory arrow-mobile RD_Desplegar2"></span>
            
                        <ul class="grandchild-menu">
                            <li>
                                <div class="back-to-category">
                                    <button class="back responsivo responsivo-tablet"></button>
                                        <span>Chocolate, Gomas e Rebuçados</span>
                                </div>
                            </li>
                            <li class="go-to-category-child">
                                <a href="#">Ver Chocolate, Gomas e Rebuçados</a>
                            </li>
                                <span class="shop-by-cat-text">Comprar por categor&iacute;as</span>
                            <li>
                                <a href="#">Chocolates</a>
                            </li>
                            <li>
                                <a href="#">Bombons</a>
                            </li>
                            <li>
                                <a href="#">Snacks de Chocolate</a>
                            </li>
                            <li>
                                <a href="#">Chocolates Solúveis</a>
                            </li>
                            <li>
                                <a href="#">Cacau e Chocolates de Culinária</a>
                            </li>
                            <li>
                                <a href="#">Gomas, Pastilhas e Rebuçados</a>
                            </li>
                        </ul>
                            </li>
                            <li>
                                <a href="#">Arroz, Massa e Farinha</a>
                                    <span class="iconCategory arrow-mobile RD_Desplegar2"></span>
            
                        <ul class="grandchild-menu">
                            <li>
                                <div class="back-to-category">
                                    <button class="back responsivo responsivo-tablet"></button>
                                        <span>Arroz, Massa e Farinha</span>
                                </div>
                            </li>
                            <li class="go-to-category-child">
                                <a href="#">Ver Arroz, Massa e Farinha</a>
                            </li>
                                <span class="shop-by-cat-text">Comprar por categor&iacute;as</span>
                            <li>
                                <a href="#">Arroz</a>
                            </li>
                            <li>
                                <a href="#">Massa</a>
                            </li>
                            <li>
                                <a href="#">Farinha e Pão Ralado</a>
                            </li>
                            <li>
                                <a href="#">Puré</a>
                            </li>
                            <li>
                                <a href="#">Couscous, Quinoa, Bulgur e Outros</a>
                            </li>
                            <li>
                                <a href="#">Feijão, Grão de Bico e Lentilhas</a>
                            </li>
                        </ul>
                            </li>
                            <li>
                                <a href="#">Azeite, Óleo e Vinagre</a>
                                    <span class="iconCategory arrow-mobile RD_Desplegar2"></span>
            
                        <ul class="grandchild-menu">
                            <li>
                                <div class="back-to-category">
                                    <button class="back responsivo responsivo-tablet"></button>
                                        <span>Azeite, Óleo e Vinagre</span>
                                </div>
                            </li>
                            <li class="go-to-category-child">
                                <a href="#">Ver Azeite, Óleo e Vinagre</a>
                            </li>
                                <span class="shop-by-cat-text">Comprar por categor&iacute;as</span>
                            <li>
                                <a href="#">Azeite</a>
                            </li>
                            <li>
                                <a href="#">Óleo Alimentar</a>
                            </li>
                            <li>
                                <a href="#">Vinagre</a>
                            </li>
                        </ul>
                            </li>
                            <li>
                                <a href="#">Conservas</a>
                                    <span class="iconCategory arrow-mobile RD_Desplegar2"></span>
            
                        <ul class="grandchild-menu">
                            <li>
                                <div class="back-to-category">
                                    <button class="back responsivo responsivo-tablet"></button>
                                        <span>Conservas</span>
                                </div>
                            </li>
                            <li class="go-to-category-child">
                                <a href="#">Ver Conservas</a>
                            </li>
                                <span class="shop-by-cat-text">Comprar por categor&iacute;as</span>
                            <li>
                                <a href="#">Atum</a>
                            </li>
                            <li>
                                <a href="#">Sardinha, Cavala, Lulas…</a>
                            </li>
                            <li>
                                <a href="#">Salsichas</a>
                            </li>
                            <li>
                                <a href="#">Patês</a>
                            </li>
                            <li>
                                <a href="#">Tomate Polpa, Pelado e Seco</a>
                            </li>
                            <li>
                                <a href="#">Feijão e Grão de Bico</a>
                            </li>
                            <li>
                                <a href="#">Cogumelos, Milho, Ervilhas…</a>
                            </li>
                            <li>
                                <a href="#">Azeitonas e Tremoços</a>
                            </li>
                            <li>
                                <a href="#">Polpas e Frutas em Calda</a>
                            </li>
                            <li>
                                <a href="#">Refeições</a>
                            </li>
                        </ul>
                            </li>
                            <li>
                                <a href="#">Molhos, Tempero e Sal</a>
                                    <span class="iconCategory arrow-mobile RD_Desplegar2"></span>
            
                        <ul class="grandchild-menu">
                            <li>
                                <div class="back-to-category">
                                    <button class="back responsivo responsivo-tablet"></button>
                                        <span>Molhos, Tempero e Sal</span>
                                </div>
                            </li>
                            <li class="go-to-category-child">
                                <a href="#">Ver Molhos, Tempero e Sal</a>
                            </li>
                                <span class="shop-by-cat-text">Comprar por categor&iacute;as</span>
                            <li>
                                <a href="#">Molhos</a>
                            </li>
                            <li>
                                <a href="#">Maionese, Ketchup e Mostarda</a>
                            </li>
                            <li>
                                <a href="#">Especiarias e Ervas Aromáticas</a>
                            </li>
                            <li>
                                <a href="#">Caldos</a>
                            </li>
                            <li>
                                <a href="#">Sal</a>
                            </li>
                        </ul>
                            </li>
            
                            <li>
                                <a href="#">Snacks e Batatas Fritas</a>
                                    <span class="iconCategory arrow-mobile RD_Desplegar2"></span>
            
                        <ul class="grandchild-menu">
                            <li>
                                <div class="back-to-category">
                                    <button class="back responsivo responsivo-tablet"></button>
                                        <span>Snacks e Batatas Fritas</span>
                                </div>
                            </li>
                            <li class="go-to-category-child">
                                <a href="#">Ver Snacks e Batatas Fritas</a>
                            </li>
                                <span class="shop-by-cat-text">Comprar por categor&iacute;as</span>
                            <li>
                                <a href="#">Batatas Fritas</a>
                            </li>
                            <li>
                                <a href="#">Aperitivos e Snacks</a>
                            </li>
                            <li>
                                <a href="#">Frutos Secos, Desidratados e Sementes</a>
                            </li>
                            <li>
                                <a href="#">Barras de Cereais</a>
                            </li>
                            <li>
                                <a href="#">Pipocas</a>
                            </li>
                            <li>
                                <a href="#">Saquetas e Purés de Fruta</a>
                            </li>
                        </ul>
                    </li>
            
                            <li>
                                <a href="#">Compotas, Cremes e Mel</a>
                                    <span class="iconCategory arrow-mobile RD_Desplegar2"></span>
            
                        <ul class="grandchild-menu">
                            <li>
                                <div class="back-to-category">
                                    <button class="back responsivo responsivo-tablet"></button>
                                        <span>Compotas, Cremes e Mel</span>
                                </div>
                            </li>
                            <li class="go-to-category-child">
                                <a href="#">Ver Compotas, Cremes e Mel</a>
                            </li>
                                <span class="shop-by-cat-text">Comprar por categor&iacute;as</span>
                            <li>
                                <a href="#">Doces e Compotas</a>
                            </li>
                            <li>
                                <a href="#">Nutella e Cremes de Barrar</a>
                            </li>
                            <li>
                                <a href="#">Mel</a>
                            </li>
                            <li>
                                <a href="#">Marmeladas e Goiabadas</a>
                            </li>
                        </ul>
                            </li>
                            <li>
                                <a href="#">Açúcar e Sobremesas</a>
                                    <span class="iconCategory arrow-mobile RD_Desplegar2"></span>
            
                        <ul class="grandchild-menu">
                            <li>
                                <div class="back-to-category">
                                    <button class="back responsivo responsivo-tablet"></button>
                                        <span>Açúcar e Sobremesas</span>
                                </div>
                            </li>
                            <li class="go-to-category-child">
                                <a href="#">Ver Açúcar e Sobremesas</a>
                            </li>
                                <span class="shop-by-cat-text">Comprar por categor&iacute;as</span>
                            <li>
                                <a href="#">Açúcar e Adoçante</a>
                            </li>
                            <li>
                                <a href="#">Cacau e Chocolates de Culinária</a>
                            </li>
                            <li>
                                <a href="#">Gelatinas e Pudins</a>
                            </li>
                            <li>
                                <a href="#">Leite Condensado e Leite de Coco</a>
                            </li>
                            <li>
                                <a href="#">Preparados para Mousses e Bolos</a>
                            </li>
                            <li>
                                <a href="#">Aromas e Toppings</a>
                            </li>
                            <li>
                                <a href="#">Fermento</a>
                            </li>
                        </ul>
                            </li>
                            <li>
                                <a href="#">Sopas e Refeições</a>
                                    <span class="iconCategory arrow-mobile RD_Desplegar2"></span>
            
                        <ul class="grandchild-menu">
                            <li>
                                <div class="back-to-category">
                                    <button class="back responsivo responsivo-tablet"></button>
                                        <span>Sopas e Refeições</span>
                                </div>
                            </li>
                            <li class="go-to-category-child">
                                <a href="#">Ver Sopas e Refeições</a>
                            </li>
                                <span class="shop-by-cat-text">Comprar por categor&iacute;as</span>
                            <li>
                                <a href="#">Sopas</a>
                            </li>
                            <li>
                                <a href="#">Refeições</a>
                            </li>
                            <li>
                                <a href="#">Cozinha do Mundo</a>
                            </li>
                        </ul>
                            </li>
                            <li>
                                <a href="#">Alimentação Infantil</a>
                                    <span class="iconCategory arrow-mobile RD_Desplegar2"></span>
            
                        <ul class="grandchild-menu">
                            <li>
                                <div class="back-to-category">
                                    <button class="back responsivo responsivo-tablet"></button>
                                        <span>Alimentação Infantil</span>
                                </div>
                            </li>
                            <li class="go-to-category-child">
                                <a href="#">Ver Alimentação Infantil</a>
                            </li>
                                <span class="shop-by-cat-text">Comprar por categor&iacute;as</span>
                            <li>
                                <a href="#">Boiões, Saquetas e Puré de Fruta</a>
                            </li>
                            <li>
                                <a href="#">Refeições</a>
                            </li>
                            <li>
                                <a href="#">Alimentos Lácteos</a>
                            </li>
                            <li>
                                <a href="#">Leites Infantis</a>
                            </li>
                            <li>
                                <a href="#">Papas Infantis</a>
                            </li>
                            <li>
                                <a href="#">Snacks e Bolachinhas</a>
                            </li>
                        </ul>
                    </li>
                </ul>
                        </div>
                    </li>
            
                            <li>
                                <img class="hot" src="https://img.icons8.com/ios/50/000000/jamon.png"/>
                                    <button class="btn-main-category">Charcutaria</button>
                                        <div class="child-menu child-menu-bebidas">
                                            <div class="back-to-category">
                                                <button class="back responsivo responsivo-tablet"></button>
                                                    <span>Charcutaria</span>
                                            </div>
                                            <div class="category-link">
                                                <span class="iconCategory bebidas"></span>
                                                    <a href="/compra-online/bebidas/cf" class="go-to-category">Ver todos</a>
                                            </div>
                                                <span class="shop-by-cat-text">Comprar por categor&iacute;as</span>
            
                        <ul class="child-menu-container">
                            <li>
                                <a href="#">Fiambre, Mortadela e Salame</a>
                            </li>
                            <li>
                                <a href="#">Presunto</a>
                            </li>
                            <li>
                                <a href="#">Bacon e Fumados</a>
                            </li>
                            <li>
                                <a href="#">Alheira e Farinheira</a>
                            </li>
                            <li>
                                <a href="#">Chouriço e Morcela</a>
                            </li>
                            <li>
                                <a href="#">Salpicão, Paio e Fuet</a>
                            </li>
                            <li>
                                <a href="#">Salsichas e Linguiças</a>
                            </li>
                        </ul>
                    </div>
                </li>
            
                            <li>
                                <img class="hot" src="https://img.icons8.com/ios-filled/50/000000/steak-rare.png"/>
                                    <button class="btn-main-category">Talho</button>
                                        <div class="child-menu child-menu-mascotas">
                                            <div class="back-to-category">
                                                <button class="back responsivo responsivo-tablet"></button>
                                                    <span>Talho</span>
                                            </div>
                                            <div class="category-link">
                                                <span class="iconCategory mascotas"></span>
                                                    <a href="#" class="go-to-category">Ver todos</a>
                                            </div>
                                                <span class="shop-by-cat-text">Comprar por categor&iacute;as</span>
            
                        <ul class="child-menu-container">
                            <li>
                                <a href="#">Novilho, Vitela e Vitelão</a>
                            </li>
                            <li>
                                <a href="#">Frango e Peru</a>
                            </li>
                            <li>
                                <a href="#">Porco</a>
                            </li>
                            <li>
                                <a href="#">Pato e Coelho</a>
                            </li>
                            <li>
                                <a href="#">Cabrito e Borrego</a>
                            </li>
                            <li>
                                <a href="#">Pronto a Cozinhar</a>
                            </li>
                            <li>
                                <a href="#">Cortes do Mundo</a>
                            </li>
                            <li>
                                <a href="#">Cortado Especialmente para Si</a>
                            </li>
                            <li>
                                <a href="#">Carne Congelada</a>
                            </li>
                        </ul>
            
                            <li>
                                <img class="hot" src="https://img.icons8.com/ios/50/000000/fish--v1.png"/>
                                    <button class="btn-main-category">Peixaria</button>
                                        <div class="child-menu child-menu-bodega">
                                            <div class="back-to-category">
                                                <button class="back responsivo responsivo-tablet"></button>
                                                    <span>Peixaria</span>
                                            </div>
                                            <div class="category-link">
                                                <span class="iconCategory bodega"></span>
                                                    <a href="#" class="go-to-category">Ver todos</a>
                                            </div>
                                                <span class="shop-by-cat-text">Comprar por categor&iacute;as</span>
            
                        <ul class="child-menu-container">
                            <li>
                                <a href="#">Peixe Fresco</a>
                            </li>
                            <li>
                                <a href="#">Peixe Congelado</a>
                            </li>
                            <li>
                                <a href="#">Filetes, Lombos e Postas</a>
                            </li>
                            <li>
                                <a href="#">Bacalhau</a>
                            </li>
                            <li>
                                <a href="#">Polvo, Lulas e Chocos</a>
                            </li>
                            <li>
                                <a href="#">Camarão</a>
                            </li>
                            <li>
                                <a href="#">Mariscos</a>
                            </li>
                            <li>
                                <a href="#">Salmão Fumado e Especialidades</a>
                            </li>
                        </ul>
                    </div>
                </li>
            
                            <li>
                                <img class="hot" src="https://img.icons8.com/external-photo3ideastudio-lineal-photo3ideastudio/64/000000/external-fruits-restaurant-photo3ideastudio-lineal-photo3ideastudio.png"/>
                                    <button class="btn-main-category">Frutas e Legumes</button>
                                        <div class="child-menu child-menu-congelados">
                                            <div class="back-to-category">
                                                <button class="back responsivo responsivo-tablet"></button>
                                                    <span>Frutas e Legumes</span>
                                            </div>
                                            <div class="category-link">
                                                <span class="iconCategory congelados"></span>
                                                    <a href="#" class="go-to-category">Ver todos</a>
                                            </div>
                                                <span class="shop-by-cat-text">Comprar por categor&iacute;as</span>
            
                        <ul class="child-menu-container">
                            <li>
                                <a href="#">Frutas</a>
                                <span class="iconCategory arrow-mobile RD_Desplegar2"></span>
            
                        <ul class="grandchild-menu">
                            <li>
                                <div class="back-to-category">
                                    <button class="back responsivo responsivo-tablet"></button>
                                        <span>Frutas</span>
                                </div>
                            </li>
                            <li class="go-to-category-child">
                                <a href="#">Ver Frutas</a>
                            </li>
                                <span class="shop-by-cat-text">Comprar por categor&iacute;as</span>
                            <li>
                                <a href="#">Banana, Maçã e Pera</a>
                            </li>
                            <li>
                                <a href="#">Laranja, Clementina e Limão</a>
                            </li>
                            <li>
                                <a href="#">Melancia, Melão e Meloa</a>
                            </li>
                            <li>
                                <a href="#">Pêssego, Ameixa e Kiwi</a>
                            </li>
                            <li>
                                <a href="#">Morango e Frutos Vermelhos</a>
                            </li>
                            <li>
                                <a href="#">Uvas e Tropicais</a>
                            </li>
                            <li>
                                <a href="#">Congeladas</a>
                            </li>
                        </ul>
                    </li>
                            <li>
                                <a href="#">Legumes</a>
                                    <span class="iconCategory arrow-mobile RD_Desplegar2"></span>
            
                        <ul class="grandchild-menu">
                            <li>
                                <div class="back-to-category">
                                    <button class="back responsivo responsivo-tablet"></button>
                                        <span>Legumes</span>
                                </div>
                            </li>
                            <li class="go-to-category-child">
                                <a href="#">Ver Legumes</a>
                            </li>
                                <span class="shop-by-cat-text">Comprar por categor&iacute;as</span>
                            <li>
                                <a href="#">Batata, Batata Doce e Mandioca</a>
                            </li>
                            <li>
                                <a href="#">Cebola, Alho e Nabo</a>
                            </li>
                            <li>
                                <a href="#">Cenoura, Abóbora e Beterraba</a>
                            </li>
                            <li>
                                <a href="#">Curgete, Beringela e Feijão Verde</a>
                            </li>
                            <li>
                                <a href="#">Couves, Brócolos e Espinafres</a>
                            </li>
                            <li>
                                <a href="#">Alface, Tomate, Pepino e Pimento</a>
                            </li>
                            <li>
                                <a href="#">Saladas, Sopas e Salteados</a>
                            </li>
                            <li>
                                <a href="#">Cogumelos, Espargos e Exóticos</a>
                            </li>
                            <li>
                                <a href="#">Congelados</a>
                            </li>
                        </ul>
                    </li>
                            <li>
                                <a href="#">Frutas e Legumes Biológicos</a>
                            </li>
                            <li>
                                <a href="#">Cabazes de Frutas e Legumes</a>
                            </li>
            
                            <li>
                                <a href="#">Sumos Naturais</a>
                                    <span class="iconCategory arrow-mobile RD_Desplegar2"></span>
            
                        <ul class="grandchild-menu">
                            <li>
                                <div class="back-to-category">
                                    <button class="back responsivo responsivo-tablet"></button>
                                        <span>Sumos Naturais</span>
                                </div>
                            </li>
                            <li class="go-to-category-child">
                                <a href="#">Ver Sumos Naturais</a>
                            </li>
                                <span class="shop-by-cat-text">Comprar por categor&iacute;as</span>
                            <li>
                                <a href="#">Sumos Espremidos no Momento</a>
                            </li>
                        </ul>
                    </li>
                            <li>
                                <a href="#">Frutos Secos, Desidratados e Sementes</a>
                            </li>      
                            <li>
                                <a href="#">Tremoços e Azeitonas</a>
                            </li>
                            <li>
                                <a href="#">Ervas Aromáticas e Especiarias</a>
                            </li> 
                        </ul>
                    </div>
                </li>
            
                            <li>
                                <img class="hot" src="https://img.icons8.com/ios-filled/50/000000/cooling.png"/>
                                    <button class="btn-main-category">Congelados</button>
                                        <div class="child-menu child-menu-cuidado-personal">
                                            <div class="back-to-category">
                                                <button class="back responsivo responsivo-tablet"></button>
                                                    <span>Congelados</span>
                                            </div>
                                            <div class="category-link">
                                                <span class="iconCategory cuidado-personal"></span>
                                                    <a href="#" class="go-to-category">Ver todos</a>
                                            </div>
                                                <span class="shop-by-cat-text">Comprar por categor&iacute;as</span>
            
                        <ul class="child-menu-container">
                            <li>
                                <a href="#">Gelados</a>
                                    <span class="iconCategory arrow-mobile RD_Desplegar2"></span>
            
                        <ul class="grandchild-menu">
                            <li>
                                <div class="back-to-category">
                                    <button class="back responsivo responsivo-tablet"></button>
                                        <span>Gelados</span>
                                </div>
                            </li>
                            <li class="go-to-category-child">
                                <a href="#">Ver Gelados</a>
                            </li>
                                <span class="shop-by-cat-text">Comprar por categor&iacute;as</span>
                            <li>
                                <a href="#">Gelados Familiares</a>
                            </li>
                            <li>
                                <a href="#">Gelados Multipacks</a>
                            </li>
                            <li>
                                <a href="#">Gelados Americanos</a>
                            </li>
                            <li>
                                <a href="#">Tartes Geladas e Viennettas</a>
                            </li>
                        </ul>
                    </li>
            
                            <li>
                                <a href="#">Frutas e Legumes</a>
                                    <span class="iconCategory arrow-mobile RD_Desplegar2"></span>
                        <ul class="grandchild-menu">
                            <li>
                                <div class="back-to-category">
                                    <button class="back responsivo responsivo-tablet"></button>
                                        <span>Frutas e Legumes</span>
                                </div>
                            </li>
                            <li class="go-to-category-child">
                                <a href="#">Ver Frutas e Legumes</a>
                            </li>
                                <span class="shop-by-cat-text">Comprar por categor&iacute;as</span>
                            <li>
                                <a href="#">Frutas Congeladas</a>
                            </li>
                            <li>
                                <a href="#">Batatas Congeladas</a>
                            </li>
                            <li>
                                <a href="#">Legumes Congelados</a>
                            </li>
                            <li>
                                <a href="#">Misturas de Legumes Congelados</a>
                            </li>
                        </ul>
                    </li>
                            <li>
                                <a href="#">Salgados e Aperitivos</a>
                            </li>
                            <li>
                                <a href="#">Pizzas</a>
                            </li>
                        
                            <li>
                                <a href="#">Douradinhos e Nuggets</a>
                                    <span class="iconCategory arrow-mobile RD_Desplegar2"></span>
            
                        <ul class="grandchild-menu">
                            <li>
                                <div class="back-to-category">
                                    <button class="back responsivo responsivo-tablet"></button>
                                        <span>Douradinhos e Nuggets</span>
                                </div>
                            </li>
                            <li class="go-to-category-child">
                                <a href="#">Ver todos</a>
                            </li>
                                <span class="shop-by-cat-text">Comprar por categor&iacute;as</span>
                            <li>
                                <a href="#">Douradinhos e Barrinhas</a>
                            </li>
                            <li>
                                <a href="#">Crocantes e Filetes</a>
                            </li>
                            <li>
                                <a href="#">Nuggets e Panados</a>
                            </li>
                        </ul>
            
                            <li>
                                <a href="#">Hambúrgueres e Refeições</a>
                                    <span class="iconCategory arrow-mobile RD_Desplegar2"></span>
            
                        <ul class="grandchild-menu">
                            <li>
                                <div class="back-to-category">
                                    <button class="back responsivo responsivo-tablet"></button>
                                        <span>Hambúrgueres e Refeições</span>
                                </div>
                            </li>
                            <li class="go-to-category-child">
                                <a href="#">Ver Hambúrgueres e Refeições</a>
                            </li>
                                <span class="shop-by-cat-text">Comprar por categor&iacute;as</span>
                            <li>
                                <a href="#">Hambúrgueres</a>
                            </li>
                            <li>
                                <a href="#">Refeições</a>
                            </li>
                            <li>
                                <a href="#">Refeições Vegetarianas</a>
                            </li>
                        </ul>
            
                            <li>
                                <a href="#">Peixe e Marisco Congelado</a>
                                    <span class="iconCategory arrow-mobile RD_Desplegar2"></span>
            
                        <ul class="grandchild-menu">
                            <li>
                                <div class="back-to-category">
                                    <button class="back responsivo responsivo-tablet"></button>
                                        <span>Peixe e Marisco Congelado</span>
                                </div>
                            </li>
                            <li class="go-to-category-child">
                                <a href="#">Ver Peixe e Marisco Congelado</a>
                            </li>
                                <span class="shop-by-cat-text">Comprar por categor&iacute;as</span>
                            <li>
                                <a href="#">Peixe Congelado</a>
                            </li>
                            <li>
                                <a href="#">Marisco Congelado</a>
                            </li>
                            <li>
                                <a href="#">Bacalhau Congelado</a>
                            </li>
                            <li>
                                <a href="#">Polvo, Lulas e Chocos Congelados</a>
                            </li>
                        </ul>
                            <li>
                                <a href="#">Carne Congelada</a>
                            </li>
                            <li>
                                <a href="#">Sobremesas</a>
                                    <span class="iconCategory arrow-mobile RD_Desplegar2"></span>
            
                        <ul class="grandchild-menu">
                            <li>
                                <div class="back-to-category">
                                    <button class="back responsivo responsivo-tablet"></button>
                                        <span>Sobremesas</span>
                                </div>
                            </li>
                            <li class="go-to-category-child">
                                <a href="#">Ver Sobremesas</a>
                            </li>
                                <span class="shop-by-cat-text">Comprar por categor&iacute;as</span>
                            <li>
                                <a href="#">Bolos Congelados</a>
                            </li>
                            <li>
                                <a href="#">Crepes e Petit Gâteau</a>
                            </li>
                            <li>
                                <a href="#">Tartes Geladas e Viennettas</a>
                            </li>
                        </ul>
                    </div>
                </li>
            
                            <li>
                                <img class="hot" src="https://img.icons8.com/external-smashingstocks-mixed-smashing-stocks/68/000000/external-dairy-products-farming-smashingstocks-mixed-smashing-stocks.png"/>
                                    <button class="btn-main-category">Lacticínios e Ovos</button>
                                        <div class="child-menu child-menu-bebe">
                                            <div class="back-to-category">
                                                <button class="back responsivo responsivo-tablet"></button>
                                                    <span>Lacticínios e Ovos</span>
                                            </div>
                                            <div class="category-link">
                                                <span class="iconCategory bebe"></span>
                                                    <a href="#" class="go-to-category">Ver todos</a>
                                            </div>
                                                <span class="shop-by-cat-text">Comprar por categor&iacute;as</span>
            
                        <ul class="child-menu-container">
                            <li>
                                <a href="#">Leite</a>
                                    <span class="iconCategory arrow-mobile RD_Desplegar2"></span>
                
                        <ul class="grandchild-menu">
                            <li>
                                <div class="back-to-category">
                                    <button class="back responsivo responsivo-tablet"></button>
                                        <span>Leite</span>
                                </div>
                            </li>
                            <li class="go-to-category-child">
                                <a href="#">Ver todos</a>
                            </li>
                                <span class="shop-by-cat-text">Comprar por categor&iacute;as</span>
                            <li>
                                <a href="#">Leite Magro</a>
                            </li>
                            <li>
                                <a href="#">Leite Meio Gordo</a>
                            </li>
                            <li>
                                <a href="#">Leite Gordo</a>
                            </li>
                            <li>
                                <a href="#">Leite Achocolatado e Aromatizado</a>
                            </li>
                            <li>
                                <a href="#">Leites Infantis</a>
                            </li>
                            <li>
                                <a href="#">Leite sem Lactose</a>
                            </li>
                        </ul>
                            </li>
                            <li>
                                <a href="#">Iogurtes</a>
                                    <span class="iconCategory arrow-mobile RD_Desplegar2"></span>
                
                        <ul class="grandchild-menu">
                            <li>
                                <div class="back-to-category">
                                    <button class="back responsivo responsivo-tablet"></button>
                                        <span>Iogurtes</span>
                                </div>
                            </li>
                            <li class="go-to-category-child">
                                <a href="#">Ver Iogurtes</a>
                            </li>
                                <span class="shop-by-cat-text">Comprar por categor&iacute;as</span>
                            <li>
                                <a href="#">Iogurtes Líquidos</a>
                            </li>
                            <li>
                                <a href="#">Iogurtes Aromas e Naturais</a>
                            </li>
                            <li>
                                <a href="#">Iogurtes Magros</a>
                            </li>
                            <li>
                                <a href="#">Iogurtes Bifidus</a>
                            </li>
                            <li>
                                <a href="#">Iogurtes Proteína</a>
                            </li>
                            <li>
                                <a href="#">Iogurtes Pedaços</a>
                            </li>
                            <li>
                                <a href="#">Iogurtes Gregos</a>
                            </li>
                            <li>
                                <a href="#">Iogurtes Infantis</a>
                            </li>
                            <li>
                                <a href="#">Iogurtes sem Lactose</a>
                            </li>
                            <li>
                                <a href="#">Vegegurtes e Yofu</a>
                            </li>
                        </ul>
                    </li>
                            <li>
                                <a href="#">Manteigas e Cremes para Barrar</a>
                                    <span class="iconCategory arrow-mobile RD_Desplegar2"></span>
                
                        <ul class="grandchild-menu">
                            <li>
                                <div class="back-to-category">
                                    <button class="back responsivo responsivo-tablet"></button>
                                        <span>Manteigas e Cremes para Barrar</span>
                                </div>
                            </li>
                            <li class="go-to-category-child">
                                <a href="#">Ver Manteigas e Cremes para Barrar</a>
                            </li>
                                <span class="shop-by-cat-text">Comprar por categor&iacute;as</span>
                            <li>
                                <a href="#">Manteigas</a>
                            </li>
                            <li>
                                <a href="#">Cremes para Barrar</a>
                            </li>
                            <li>
                                <a href="#">Cremes Culinários</a>
                            </li>
                        </ul>
                    </li>
                            <li>
                                <a href="#">Natas e Bechamel</a>
                                    <span class="iconCategory arrow-mobile RD_Desplegar2"></span>
                
                        <ul class="grandchild-menu">
                            <li>
                                <div class="back-to-category">
                                    <button class="back responsivo responsivo-tablet"></button>
                                        <span>Natas e Bechamel</span>
                                </div>
                            </li>
                            <li class="go-to-category-child">
                                <a href="#">Ver Natas e Bechamel</a>
                            </li>
                                <span class="shop-by-cat-text">Comprar por categor&iacute;as</span>
                            <li>
                                <a href="#">Natas Frescas e para Bater</a>
                            </li>
                            <li>
                                <a href="#">Natas Culinária</a>
                            </li>
                            <li>
                                <a href="#">Cremes Vegetais</a>
                            </li>
                            <li>
                                <a href="#">Molho Bechamel</a>
                            </li>
                            <li>
                                <a href="#">Chantilly</a>
                            </li>
                        </ul>
                    </li>
                            <li>
                                <a href="#">Bebidas Vegetais</a>
                                    <span class="iconCategory arrow-mobile RD_Desplegar2"></span>
                
                        <ul class="grandchild-menu">
                            <li>
                                <div class="back-to-category">
                                    <button class="back responsivo responsivo-tablet"></button>
                                        <span>Bebidas Vegetais</span>
                                </div>
                            </li>
                            <li class="go-to-category-child">
                                <a href="#">Ver Bebidas Vegetais</a>
                            </li>
                                <span class="shop-by-cat-text">Comprar por categor&iacute;as</span>
                            <li>
                                <a href="#">Bebida Soja</a>
                            </li>
                            <li>
                                <a href="#">Bebida Aveia</a>
                            </li>
                            <li>
                                <a href="#">Bebida Amêndoa</a>
                            </li>
                            <li>
                                <a href="#">Bebida Arroz</a>
                            </li>
                            <li>
                                <a href="#">Outras Bebidas Vegetais</a>
                            </li>
                        </ul>
                    </li>
                
                            <li>
                                <a href="#">Sobremesas</a>
                                    <span class="iconCategory arrow-mobile RD_Desplegar2"></span>
                
                        <ul class="grandchild-menu">
                            <li>
                                <div class="back-to-category">
                                    <button class="back responsivo responsivo-tablet"></button>
                                        <span>Sobremesas</span>
                                </div>
                            </li>
                            <li class="go-to-category-child">
                                <a href="#">Ver Sobremesas</a>
                            </li>
                                <span class="shop-by-cat-text">Comprar por categor&iacute;as</span>
                            <li>
                                <a href="#">Gelatinas</a>
                            </li>
                            <li>
                                <a href="#">Mousses e Pudins</a>
                            </li>
                        </ul>
                    </li>
                
                            <li>
                                <a href="#">Queijos</a>
                                    <span class="iconCategory arrow-mobile RD_Desplegar2"></span>
                
                        <ul class="grandchild-menu">
                            <li>
                                <div class="back-to-category">
                                    <button class="back responsivo responsivo-tablet"></button>
                                        <span>Queijos</span>
                                </div>
                            </li>
                            <li class="go-to-category-child">
                                <a href="#">Ver Queijos</a>
                            </li>
                                <span class="shop-by-cat-text">Comprar por categor&iacute;as</span>
                            <li>
                                <a href="#">Fatiado</a>
                            </li>
                            <li>
                                <a href="#">Bola, Metades e Quartos</a>
                            </li>
                            <li>
                                <a href="#">Ralado</a>
                            </li>
                            <li>
                                <a href="#">Fresco, Requeijão e Mozzarella</a>
                            </li>
                            <li>
                                <a href="#">Barrar</a>
                            </li>
                            <li>
                                <a href="#">Amanteigado</a>
                            </li>
                            <li>
                                <a href="#">Curado</a>
                            </li>
                            <li>
                                <a href="#">Queijos do Mundo</a>
                            </li>
                            <li>
                                <a href="#">Snacks</a>
                            </li>
                        </ul>
                            <li>
                                <a href="#">Ovos</a>
                                    <span class="iconCategory arrow-mobile RD_Desplegar2"></span>
            
                        <ul class="grandchild-menu">
                            <li>
                                <div class="back-to-category">
                                    <button class="back responsivo responsivo-tablet"></button>
                                        <span>Ovos</span>
                                </div>
                            </li>
                            <li class="go-to-category-child">
                                <a href="#">Ver Ovos</a>
                            </li>
                                <span class="shop-by-cat-text">Comprar por categor&iacute;as</span>
                            <li>
                                <a href="#">Ovos de Galinhas Biológicas</a>
                            </li>
                            <li>
                                <a href="#">Ovos de Galinhas Criadas ao Ar Livre</a>
                            </li>
                            <li>
                                <a href="#">Ovos de Galinhas Criadas no Solo</a>
                            </li>
                            <li>
                                <a href="#">Ovos de Galinhas de Gaiola</a>
                            </li>
                            <li>
                                <a href="#">Ovos de Codorniz</a>
                            </li>
                            <li>
                                <a href="#">Claras de Ovos</a>
                            </li>
                        </ul>
                    </div>
                </li>
            
                            <li>
                                <img class="hot" src="https://img.icons8.com/pastel-glyph/64/000000/energy-sport-drink.png"/>
                                    <button class="btn-main-category">Bebidas</button>
                                        <div class="child-menu child-menu-cuidado-del-hogar">
                                            <div class="back-to-category">
                                                <button class="back responsivo responsivo-tablet"></button>
                                                <span>Bebidas</span>
                                            </div>
                                            <div class="category-link">
                                                <span class="iconCategory cuidado-del-hogar"></span>
                                                    <a href="#" class="go-to-category">Ver todos</a>
                                            </div>
                                                <span class="shop-by-cat-text">Comprar por categor&iacute;as</span>
            
                        <ul class="child-menu-container">
                            <li>
                                <a href="#">Vinho tinto</a>
                                    <span class="iconCategory arrow-mobile RD_Desplegar2"></span>
                
                        <ul class="grandchild-menu">
                            <li>
                                <div class="back-to-category">
                                    <button class="back responsivo responsivo-tablet"></button>
                                        <span>Vinho tinto</span>
                                </div>
                            </li>
                            <li class="go-to-category-child">
                                <a href="#">Ver Vinho tinto</a>
                            </li>
                                <span class="shop-by-cat-text">Comprar por categor&iacute;as</span>
                            <li>
                                <a href="#">Vinho tinto alentejano</a>
                            </li>
                            <li>
                                <a href="#">Vinho tinto corrente</a>
                            </li>
                            <li>
                                <a href="#">Vinho tinto dão e bairrada</a>
                            </li>
                            <li>
                                <a href="#">Vinho tinto douro</a>
                            </li>
                            <li>
                                <a href="#">Vinho tinto setúbal e tejo</a>
                            </li>
                        </ul>
                    </li>
                            <li>
                                <a href="#">Vinho branco</a>
                                    <span class="iconCategory arrow-mobile RD_Desplegar2"></span>
                
                        <ul class="grandchild-menu">
                            <li>
                                <div class="back-to-category">
                                    <button class="back responsivo responsivo-tablet"></button>
                                        <span>Vinho branco</span>
                                </div>
                            </li>
                            <li class="go-to-category-child">
                                <a href="#">Ver Vinho branco</a>
                            </li>
                                <span class="shop-by-cat-text">Comprar por categor&iacute;as</span>
                            <li>
                                <a href="#">Vinho branco alentejano</a>
                            </li>
                            <li>
                                <a href="#">Vinho branco corrente</a>
                            </li>
                            <li>
                                <a href="#">Vinho branco dão e beiras</a>
                            </li>
                            <li>
                                <a href="#">Vinho branco douro</a>
                            </li>
                            <li>
                                <a href="#">Vinho branco setúbal e tejo</a>
                            </li>
                        </ul>
                    </li>
                            <li>
                                <a href="#">Vinho verde</a>
                                    <span class="iconCategory arrow-mobile RD_Desplegar2"></span>
                
                        <ul class="grandchild-menu">
                            <li>
                                <div class="back-to-category">
                                    <button class="back responsivo responsivo-tablet"></button>
                                        <span>Vinho verde</span>
                                </div>
                            </li>
                            <li class="go-to-category-child">
                                <a href="#">Ver Vinho verde</a>
                            </li>
                                <span class="shop-by-cat-text">Comprar por categor&iacute;as</span>
                            <li>
                                <a href="#">Vinho verde tinto</a>
                            </li>
                            <li>
                                <a href="#">Vinho verde branco</a>
                            </li>
                            <li>
                                <a href="#">Vinho verde rosé</a>
                            </li>
                        </ul>
                            </li>
                            <li>
                                <a href="#">Vinho rosé</a>
                                    <span class="iconCategory arrow-mobile RD_Desplegar2"></span>
                
                        <ul class="grandchild-menu">
                            <li>
                                <div class="back-to-category">
                                    <button class="back responsivo responsivo-tablet"></button>
                                        <span>Vinho rosé</span>
                                </div>
                            </li>
                            <li class="go-to-category-child">
                                <a href="#">Ver Vinho rosé</a>
                            </li>
                                <span class="shop-by-cat-text">Comprar por categor&iacute;as</span>
                            <li>
                                <a href="#">Vinho rosé outros</a>
                            </li>
                            <li>
                                <a href="#">Vinho rosé corrente</a>
                            </li>
                        </ul>
                            </li>
                            <li>
                                <a href="#">Outros vinhos</a>
                                    <span class="iconCategory arrow-mobile RD_Desplegar2"></span>
                
                        <ul class="grandchild-menu">
                            <li>
                                <div class="back-to-category">
                                    <button class="back responsivo responsivo-tablet"></button>
                                        <span>Outros vinhos</span>
                                </div>
                            </li>
                            <li class="go-to-category-child">
                                <a href="#">Ver Outros vinhos</a>
                            </li>
                                <span class="shop-by-cat-text">Comprar por categor&iacute;as</span>
                            <li>
                                <a href="#">Aromatizantes</a>
                            </li>
                            <li>
                                <a href="#">Sangrias</a>
                            </li>
                        </ul>
                            </li>
                
                            <li>
                                <a href="#">Bebidas espirituosas e espumantes</a>
                                    <span class="iconCategory arrow-mobile RD_Desplegar2"></span>
                
                        <ul class="grandchild-menu">
                            <li>
                                <div class="back-to-category">
                                    <button class="back responsivo responsivo-tablet"></button>
                                        <span>Bebidas espirituosas e espumantes</span>
                                </div>
                            </li>
                            <li class="go-to-category-child">
                                <a href="#">Ver Bebidas espirituosas e espumantes</a>
                            </li>
                                <span class="shop-by-cat-text">Comprar por categor&iacute;as</span>
                            <li>
                                <a href="#">Outras bebidas espirituosas</a>
                            </li>
                            <li>
                                <a href="#">Vinho do porto e moscatel</a>
                            </li>
                            <li>
                                <a href="#">Espumantes</a>
                            </li>
                            <li>
                                <a href="#">Vodka e gin</a>
                            </li>
                            <li>
                                <a href="#">Whisky</a>
                            </li>
                            <li>
                                <a href="#">Licores</a>
                            </li>
                        </ul>
                    </li>
                
                            <li>
                                <a href="#">Cervejas e sidras</a>
                                    <span class="iconCategory arrow-mobile RD_Desplegar2"></span>
                
                        <ul class="grandchild-menu">
                            <li>
                                <div class="back-to-category">
                                    <button class="back responsivo responsivo-tablet"></button>
                                        <span>Cervejas e sidras</span>
                                </div>
                            </li>
                            <li class="go-to-category-child">
                                <a href="#">Ver Cervejas e sidras</a>
                            </li>
                                <span class="shop-by-cat-text">Comprar por categor&iacute;as</span>
                            <li>
                                <a href="#">Especiais</a>
                            </li>
                            <li>
                                <a href="#">Brancas com álcool</a>
                            </li>
                            <li>
                                <a href="#">Sem álcool</a>
                            </li>
                            <li>
                                <a href="#">Sidras</a>
                            </li>
                        </ul>
            
                            <li>
                                <a href="#">Águas</a>
                                    <span class="iconCategory arrow-mobile RD_Desplegar2"></span>
                
                        <ul class="grandchild-menu">
                            <li>
                                <div class="back-to-category">
                                    <button class="back responsivo responsivo-tablet"></button>
                                        <span>Águas</span>
                                </div>
                            </li>
                            <li class="go-to-category-child">
                                <a href="#">Ver Águas</a>
                            </li>
                                <span class="shop-by-cat-text">Comprar por categor&iacute;as</span>
                            <li>
                                <a href="#">Com gás</a>
                            </li>
                            <li>
                                <a href="#">Sem gás</a>
                            </li>
                        </ul>
            
                            <li>
                                <a href="#">Sumos e néctares</a>
                                    <span class="iconCategory arrow-mobile RD_Desplegar2"></span>
            
                        <ul class="grandchild-menu">
                            <li>
                                <div class="back-to-category">
                                    <button class="back responsivo responsivo-tablet"></button>
                                        <span>Sumos e néctares</span>
                                </div>
                            </li>
                            <li class="go-to-category-child">
                                <a href="#">Ver Sumos e néctares</a>
                            </li>
                                <span class="shop-by-cat-text">Comprar por categor&iacute;as</span>
                            <li>
                                <a href="#">Néctares e sumos 100%</a>
                            </li>
                            <li>
                                <a href="#">Sumos</a>
                            </li>
                            <li>
                                <a href="#">Sumos infantis</a>
                            </li>
                        </ul>
            
                            <li>
                                <a href="#">Refrigerantes</a>
                                    <span class="iconCategory arrow-mobile RD_Desplegar2"></span>
            
                        <ul class="grandchild-menu">
                            <li>
                                <div class="back-to-category">
                                    <button class="back responsivo responsivo-tablet"></button>
                                        <span>Refrigerantes</span>
                                </div>
                            </li>
                            <li class="go-to-category-child">
                                <a href="#">Ver Refrigerantes</a>
                            </li>
                                <span class="shop-by-cat-text">Comprar por categor&iacute;as</span>
                            <li>
                                <a href="#">Água tónica e ginger ale</a>
                            </li>
                            <li>
                                <a href="#">Bebidas isotónicas e energéticas</a>
                            </li>
                            <li>
                                <a href="#">Colas e lima-limão</a>
                            </li>
                            <li>
                                <a href="#">Ice teas</a>
                            </li>
                            <li>
                                <a href="#">Pós e concentrados para preparar</a>
                            </li>
                            <li>
                                <a href="#">Sumos com gás</a>
                            </li>
                            <li>
                                <a href="#">Sumos sem gás</a>
                            </li>
                        </ul>
                    </div>
                </li>
            
                            <li>
                                <img class="hot" src="https://img.icons8.com/ios/50/000000/shower-and-tub.png"/>
                                    <button class="btn-main-category">Higiene Beleza e Bem Estar</button>
                                        <div class="child-menu child-menu-mascotas">
                                            <div class="back-to-category">
                                                <button class="back responsivo responsivo-tablet"></button>
                                                    <span>Higiene Beleza e Bem Estar</span>
                                            </div>
                                            <div class="category-link">
                                                <span class="iconCategory mascotas"></span>
                                                    <a href="#" class="go-to-category">Higiene Beleza e Bem Estar - Ver todos</a>
                                            </div>
                                                <span class="shop-by-cat-text">Comprar por categor&iacute;as</span>
            
                        <ul class="child-menu-container">
                            <li>
                                <a href="#">Higiene oral</a>
                                    <span class="iconCategory arrow-mobile RD_Desplegar2"></span>
                
                        <ul class="grandchild-menu">
                            <li>
                                <div class="back-to-category">
                                    <button class="back responsivo responsivo-tablet"></button>
                                        <span>Higiene oral</span>
                                </div>
                            </li>
                            <li class="go-to-category-child">
                                <a href="#">Ver Higiene oral</a>
                            </li>
                                <span class="shop-by-cat-text">Comprar por categor&iacute;as</span>
                            <li>
                                <a href="#">Cuidados próteses</a>
                            </li>
                            <li>
                                <a href="#">Elixires</a>
                            </li>
                            <li>
                                <a href="#">Limpeza dentária</a>
                            </li>
                            <li>
                                <a href="#">Pastas de dentes</a>
                            </li>
                        </ul>
                    </li>
                            <li>
                                <a href="#">Higiene íntima</a>
                                    <span class="iconCategory arrow-mobile RD_Desplegar2"></span>
                
                        <ul class="grandchild-menu">
                            <li>
                                <div class="back-to-category">
                                    <button class="back responsivo responsivo-tablet"></button>
                                        <span>Higiene íntima</span>
                                </div>
                            </li>
                            <li class="go-to-category-child">
                                <a href="#">Ver Higiene íntima</a>
                            </li>
                                <span class="shop-by-cat-text">Comprar por categor&iacute;as</span>
                            <li>
                                <a href="#">Higiene</a>
                            </li>
                            <li>
                                <a href="#">Incontinência</a>
                            </li>
                            <li>
                                <a href="#">Pensos diários</a>
                            </li>
                            <li>
                                <a href="#">Pensos higiénicos</a>
                            </li>
                            <li>
                                <a href="#">Tampões</a>
                            </li>
                        </ul>
                    </li>
                            <li>
                                <a href="#">Higiene e cuidado corporal</a>
                                    <span class="iconCategory arrow-mobile RD_Desplegar2"></span>
                
                        <ul class="grandchild-menu">
                            <li>
                                <div class="back-to-category">
                                    <button class="back responsivo responsivo-tablet"></button>
                                        <span>Higiene e cuidado corporal</span>
                                </div>
                            </li>
                            <li class="go-to-category-child">
                                <a href="#">Ver Higiene e cuidado corporal</a>
                            </li>
                                <span class="shop-by-cat-text">Comprar por categor&iacute;as</span>
                            <li>
                                <a href="#">Produtos solares</a>
                            </li>
                            <li>
                                <a href="#">Gel de banho</a>
                            </li>
                            <li>
                                <a href="#">Hidratantes e loções corporais</a>
                            </li>
                        </ul>
                    </li>
                            <li>
                                <a href="#">Saúde</a>
                                    <span class="iconCategory arrow-mobile RD_Desplegar2"></span>
                
                        <ul class="grandchild-menu">
                            <li>
                                <div class="back-to-category">
                                    <button class="back responsivo responsivo-tablet"></button>
                                        <span>Saúde</span>
                                </div>
                            </li>
                            <li class="go-to-category-child">
                                <a href="#">Ver Saúde</a>
                            </li>
                                <span class="shop-by-cat-text">Comprar por categor&iacute;as</span>
                            <li>
                                <a href="#">Higiene sexual</a>
                            </li>
                            <li>
                                <a href="#">Primeiros socorros</a>
                            </li>
                        </ul>
                    </li>
                            <li>
                                <a href="#">Cuidado do cabelo</a>
                                    <span class="iconCategory arrow-mobile RD_Desplegar2"></span>
                
                        <ul class="grandchild-menu">
                            <li>
                                <div class="back-to-category">
                                    <button class="back responsivo responsivo-tablet"></button>
                                        <span>Cuidado do cabelo</span>
                                </div>
                            </li>
                            <li class="go-to-category-child">
                                <a href="#">Ver Cuidado do cabelo</a>
                            </li>
                                <span class="shop-by-cat-text">Comprar por categor&iacute;as</span>
                            <li>
                                <a href="#">Champôs</a>
                            </li>
                            <li>
                                <a href="#">Colorações</a>
                            </li>
                            <li>
                                <a href="#">Máscaras e condicionadores</a>
                            </li>
                            <li>
                                <a href="#">Styling</a>
                            </li>
                        </ul>
            
                            <li>
                                <a href="#">Cuidado e limpeza do rosto</a>
                                    <span class="iconCategory arrow-mobile RD_Desplegar2"></span>
            
                        <ul class="grandchild-menu">
                            <li>
                                <div class="back-to-category">
                                    <button class="back responsivo responsivo-tablet"></button>
                                        <span>Cuidado e limpeza do rosto</span>
                                </div>
                            </li>
                            <li class="go-to-category-child">
                                <a href="#">Ver Cuidado e limpeza do rosto</a>
                            </li>
                                <span class="shop-by-cat-text">Comprar por categor&iacute;as</span>
                            <li>
                                <a href="#">Cremes de rosto</a>
                            </li>
                            <li>
                                <a href="#">Limpeza facial</a>
                            </li>
                        </ul>
            
                            <li>
                                <a href="#">Desodorizantes</a>
                                    <span class="iconCategory arrow-mobile RD_Desplegar2"></span>
            
                        <ul class="grandchild-menu">
                            <li>
                                <div class="back-to-category">
                                    <button class="back responsivo responsivo-tablet"></button>
                                        <span>Desodorizantes</span>
                                </div>
                            </li>
                            <li class="go-to-category-child">
                                <a href="#">Ver Desodorizantes</a>
                            </li>
                                <span class="shop-by-cat-text">Comprar por categor&iacute;as</span>
                            <li>
                                <a href="#">Roll-on</a>
                            </li>
                            <li>
                                <a href="#">Spray</a>
                            </li>
                        </ul>
            
                            <li>
                                <a href="#">Cuidado mãos e pés</a>
                                    <span class="iconCategory arrow-mobile RD_Desplegar2"></span>
            
                        <ul class="grandchild-menu">
                            <li>
                                <div class="back-to-category">
                                    <button class="back responsivo responsivo-tablet"></button>
                                        <span>Cuidado mãos e pés</span>
                                </div>
                            </li>
                            <li class="go-to-category-child">
                                <a href="#">Ver Cuidado mãos e pés</a>
                            </li>
                                <span class="shop-by-cat-text">Comprar por categor&iacute;as</span>
                            <li>
                                <a href="#">Sabonetes líquidos</a>
                            </li>
                            <li>
                                <a href="#">Sabonetes sólidos</a>
                            </li>
                            <li>
                                <a href="#">Tratamento</a>
                            </li>
                        </ul>
            
                            <li>
                                <a href="#">Depilatórios</a>
                                    <span class="iconCategory arrow-mobile RD_Desplegar2"></span>
            
                        <ul class="grandchild-menu">
                            <li>
                                <div class="back-to-category">
                                    <button class="back responsivo responsivo-tablet"></button>
                                        <span>Depilatórios</span>
                                </div>
                            </li>
                            <li class="go-to-category-child">
                                <a href="#">Ver Depilatórios</a>
                            </li>
                                <span class="shop-by-cat-text">Comprar por categor&iacute;as</span>
                            <li>
                                <a href="#">Cremes e bandas depilatórias</a>
                            </li>
                            <li>
                                <a href="#">Lâminas e máquinas depilatórias</a>
                            </li>
                        </ul>
            
                            <li>
                                <a href="#">Homem</a>
                                    <span class="iconCategory arrow-mobile RD_Desplegar2"></span>
            
                        <ul class="grandchild-menu">
                            <li>
                                <div class="back-to-category">
                                    <button class="back responsivo responsivo-tablet"></button>
                                        <span>Homem</span>
                                </div>
                            </li>
                            <li class="go-to-category-child">
                                <a href="#">Ver Homem</a>
                            </li>
                                <span class="shop-by-cat-text">Comprar por categor&iacute;as</span>
                            <li>
                                <a href="#">Aftershave</a>
                            </li>
                            <li>
                                <a href="#">Desodorizantes</a>
                            </li>
                            <li>
                                <a href="#">Espuma e gel de barbear</a>
                            </li>
                            <li>
                                <a href="#">Gel banho e champôs</a>
                            </li>
                            <li>
                                <a href="#">Lâminas e máquinas de barbear</a>
                            </li>
                        </ul>
            
                            <li>
                                <a href="#">Papel higiénico e lenços</a>
                                    <span class="iconCategory arrow-mobile RD_Desplegar2"></span>
            
                        <ul class="grandchild-menu">
                            <li>
                                <div class="back-to-category">
                                    <button class="back responsivo responsivo-tablet"></button>
                                        <span>Papel higiénico e lenços</span>
                                </div>
                            </li>
                            <li class="go-to-category-child">
                                <a href="#">Ver Papel higiénico e lenços</a>
                            </li>
                                <span class="shop-by-cat-text">Comprar por categor&iacute;as</span>
                            <li>
                                <a href="#">Lenços de papel e toalhitas</a>
                            </li>
                            <li>
                                <a href="#">Papel higiénico</a>
                            </li>
                        </ul> 
                    </ul>
                </div>
            </li>
            
                            <li>
                                <img class="hot" src="https://img.icons8.com/external-bzzricon-outline-bzzricon-studio/64/000000/external-cleaning-labour-day-bzzricon-outline-bzzricon-outline-bzzricon-studio.png"/>
                                    <button class="btn-main-category">Limpeza e cuidado do lar</button>
                                        <div class="child-menu child-menu-mascotas">
                                            <div class="back-to-category">
                                                <button class="back responsivo responsivo-tablet"></button>
                                                    <span>Limpeza e cuidado do lar</span>
                                            </div>
                                            <div class="category-link">
                                                <span class="iconCategory mascotas"></span>
                                                    <a href="#" class="go-to-category">Limpeza e Cuidado do Lar - Ver todos</a>
                                            </div>
                                                <span class="shop-by-cat-text">Comprar por categor&iacute;as</span>
            
                        <ul class="child-menu-container">
                            <li>
                                <a href="#">Ambientadores e inseticidas</a>
                                    <span class="iconCategory arrow-mobile RD_Desplegar2"></span>
            
                        <ul class="grandchild-menu">
                            <li>
                                <div class="back-to-category">
                                    <button class="back responsivo responsivo-tablet"></button>
                                        <span>Ambientadores e inseticidas</span>
                                </div>
                            </li>
                            <li class="go-to-category-child">
                                <a href="#">Ver Ambientadores e inseticidas</a>
                            </li>
                                <span class="shop-by-cat-text">Comprar por categor&iacute;as</span>
                            <li>
                                <a href="#">Outros ambientadores</a>
                            </li>
                        </ul>
                            </li>
                            <li>
                                <a href="#">Automóveis</a>
                                    <span class="iconCategory arrow-mobile RD_Desplegar2"></span>
            
                        <ul class="grandchild-menu">
                            <li>
                                <div class="back-to-category">
                                    <button class="back responsivo responsivo-tablet"></button>
                                        <span>Automóveis</span>
                                </div>
                            </li>
                            <li class="go-to-category-child">
                                <a href="#">Ver Automóveis</a>
                            </li>
                                <span class="shop-by-cat-text">Comprar por categor&iacute;as</span>
                        </ul>
                            </li>
                            <li>
                                <a href="#">Calçado</a>
                                    <span class="iconCategory arrow-mobile RD_Desplegar2"></span>
            
                        <ul class="grandchild-menu">
                            <li>
                                <div class="back-to-category">
                                    <button class="back responsivo responsivo-tablet"></button>
                                        <span>Calçado</span>
                                </div>
                            </li>
                            <li class="go-to-category-child">
                                <a href="#">Ver Calçado</a>
                            </li>
                                <span class="shop-by-cat-text">Comprar por categor&iacute;as</span>
                            <li>
                                <a href="#">Calçado</a>
                            </li>
                        </ul>
                            </li>
                            <li>
                                <a href="#">Acessórios e utensílios para o lar</a>
                                    <span class="iconCategory arrow-mobile RD_Desplegar2"></span>
            
                        <ul class="grandchild-menu">
                            <li>
                                <div class="back-to-category">
                                    <button class="back responsivo responsivo-tablet"></button>
                                        <span>Acessórios e utensílios para o lar</span>
                                </div>
                            </li>
                            <li class="go-to-category-child">
                                <a href="#">Ver Acessórios e utensílios para o lar</a>
                            </li>
                                <span class="shop-by-cat-text">Comprar por categor&iacute;as</span>
                            <li>
                                <a href="#">Luvas</a>
                            </li>
                            <li>
                                <a href="#">Sacos para lixo</a>
                            </li>
                            <li>
                                <a href="#">Conservação e organização de alimentos</a>
                            </li>
                            <li>
                                <a href="#">Esfregonas</a>
                            </li>
                            <li>
                                <a href="#">Esfregões</a>
                            </li>
                            <li>
                                <a href="#">Outros acessórios e utensílios</a>
                            </li>
                            <li>
                                <a href="#">Panos</a>
                            </li>
                        </ul>
                            </li>
                            <li>
                                <a href="#">Aquecimento</a>
                                    <span class="iconCategory arrow-mobile RD_Desplegar2"></span>
            
                        <ul class="grandchild-menu">
                            <li>
                                <div class="back-to-category">
                                    <button class="back responsivo responsivo-tablet"></button>
                                        <span>Aquecimento</span>
                                </div>
                            </li>
                            <li class="go-to-category-child">
                                <a href="#">Ver Aquecimento</a>
                            </li>
                                <span class="shop-by-cat-text">Comprar por categor&iacute;as</span>
                            <li>
                                <a href="#">Acendalhas</a>
                            </li>
                        </ul>
            
                            <li>
                                <a href="#">Limpeza da casa</a>
                                    <span class="iconCategory arrow-mobile RD_Desplegar2"></span>
            
                        <ul class="grandchild-menu">
                            <li>
                                <div class="back-to-category">
                                    <button class="back responsivo responsivo-tablet"></button>
                                        <span>Limpeza da casa</span>
                                </div>
                            </li>
                            <li class="go-to-category-child">
                                <a href="#">Ver Limpeza da casa</a>
                            </li>
                                <span class="shop-by-cat-text">Comprar por categor&iacute;as</span>
                            <li>
                                <a href="#">Casa de banho</a>
                            </li>
                            <li>
                                <a href="#">Cozinha</a>
                            </li>
                            <li>
                                <a href="#">Limpeza geral</a>
                            </li>
                            <li>
                                <a href="#">Móveis e madeiras</a>
                            </li>
                            <li>
                                <a href="#">Vidros</a>
                            </li>
                        </ul>
            
                            <li>
                                <a href="#">Loiça</a>
                                    <span class="iconCategory arrow-mobile RD_Desplegar2"></span>
            
                        <ul class="grandchild-menu">
                            <li>
                                <div class="back-to-category">
                                    <button class="back responsivo responsivo-tablet"></button>
                                        <span>Loiça</span>
                                </div>
                            </li>
                            <li class="go-to-category-child">
                                <a href="#">Ver Loiça</a>
                            </li>
                                <span class="shop-by-cat-text">Comprar por categor&iacute;as</span>
                            <li>
                                <a href="#">Detergente manual loiça</a>
                            </li>
                            <li>
                                <a href="#">Máquina de lavar loiça</a>
                            </li>
                        </ul>
            
                            <li>
                                <a href="#">Roupa</a>
                                    <span class="iconCategory arrow-mobile RD_Desplegar2"></span>
            
                        <ul class="grandchild-menu">
                            <li>
                                <div class="back-to-category">
                                    <button class="back responsivo responsivo-tablet"></button>
                                        <span>Roupa</span>
                                </div>
                            </li>
                            <li class="go-to-category-child">
                                <a href="#">Ver Roupa</a>
                            </li>
                                <span class="shop-by-cat-text">Comprar por categor&iacute;as</span>
                            <li>
                                <a href="#">Amaciadores</a>
                            </li>
                            <li>
                                <a href="#">Complementos e lixivias</a>
                            </li>
                            <li>
                                <a href="#">Detergente manual roupa</a>
                            </li>
                            <li>
                                <a href="#">Detergente máquina cápsulas</a>
                            </li>
                            <li>
                                <a href="#">Detergente máquina líquido</a>
                            </li>
                            <li>
                                <a href="#">Detergente máquina pó</a>
                            </li>
                        </ul>
            
                            <li>
                                <a href="#">Papel</a>
                                    <span class="iconCategory arrow-mobile RD_Desplegar2"></span>
            
                        <ul class="grandchild-menu">
                            <li>
                                <div class="back-to-category">
                                    <button class="back responsivo responsivo-tablet"></button>
                                        <span>Papel</span>
                                </div>
                            </li>
                            <li class="go-to-category-child">
                                <a href="#">Ver Papel</a>
                            </li>
                                <span class="shop-by-cat-text">Comprar por categor&iacute;as</span>
                            <li>
                                <a href="#">Guardanapos</a>
                            </li>
                            <li>
                                <a href="#">Rolos de cozinha</a>
                            </li>
                        </ul>
                    </ul>
                </div>
            </li>
            
                            <li>
                                <img class="hot" src="https://img.icons8.com/ios/50/000000/pacifier.png"/>
                                    <button class="btn-main-category">Artigos de Bebé</button>
                                        <div class="child-menu child-menu-mascotas">
                                            <div class="back-to-category">
                                                <button class="back responsivo responsivo-tablet"></button>
                                                    <span>Artigos de Bebé</span>
                                            </div>
                                            <div class="category-link">
                                                <span class="iconCategory mascotas"></span>
                                                    <a href="#" class="go-to-category">Artigos de Bebé - Ver todos</a>
                                            </div>
                                                <span class="shop-by-cat-text">Comprar por categor&iacute;as</span>
            
                        <ul class="child-menu-container">
                            <li>
                                <a href="#">Leites Infantis</a>
                                    <span class="iconCategory arrow-mobile RD_Desplegar2"></span>
            
                        <ul class="grandchild-menu">
                            <li>
                                <div class="back-to-category">
                                    <button class="back responsivo responsivo-tablet"></button>
                                        <span>Leites Infantis</span>
                                </div>
                            </li>
                            <li class="go-to-category-child">
                                <a href="#">Ver Leites Infantis</a>
                            </li>
                                <span class="shop-by-cat-text">Comprar por categor&iacute;as</span>
                            <li>
                                <a href="#">Até 6 meses</a>
                            </li>
                            <li>
                                <a href="#">+ 6 meses</a>
                            </li>
                            <li>
                                <a href="#">+ 9 meses</a>
                            </li>
                            <li>
                                <a href="#">+ 12 meses</a>
                            </li>
                            <li>
                                <a href="#">+ 24 meses</a>
                            </li>
                            <li>
                                <a href="#">+ 3 anos</a>
                            </li>
                            <li>
                                <a href="#">Biberões, Tetinas e Escovilhões</a>
                            </li>
                        </ul>
                            </li>
            
                            <li>
                                <a href="#">Alimentação Infantil</a>
                                    <span class="iconCategory arrow-mobile RD_Desplegar2"></span>
                
                        <ul class="grandchild-menu">
                            <li>
                                <div class="back-to-category">
                                    <button class="back responsivo responsivo-tablet"></button>
                                        <span>Alimentação Infantil</span>
                                </div>
                            </li>
                            <li class="go-to-category-child">
                                <a href="#">Ver Alimentação Infantil</a>
                            </li>
                                <span class="shop-by-cat-text">Comprar por categor&iacute;as</span>
                            <li>
                                <a href="#">Boiões, Saquetas e Puré de Fruta</a>
                            </li>
                            <li>
                                <a href="#">Refeições</a>
                            </li>
                            <li>
                                <a href="#">Alimentos Lácteos</a>
                            </li>
                            <li>
                                <a href="#">Papas Infantis</a>
                            </li>
                            <li>
                                <a href="#">Snacks e Bolachinhas</a>
                            </li>
                            <li>
                                <a href="#">Babetes</a>
                            </li>
                            <li>
                                <a href="#">Cadeiras e Acessórios de Refeição </a>
                            </li>
                        </ul>
                            </li>
                            <li>
                                <a href="#">Fraldas e Toalhitas</a>
                                    <span class="iconCategory arrow-mobile RD_Desplegar2"></span>
            
                        <ul class="grandchild-menu">
                            <li>
                                <div class="back-to-category">
                                    <button class="back responsivo responsivo-tablet"></button>
                                        <span>Fraldas e Toalhitas</span>
                                </div>
                            </li>
                            <li class="go-to-category-child">
                                <a href="#">Ver Fraldas e Toalhitas</a>
                            </li>
                                <span class="shop-by-cat-text">Comprar por categor&iacute;as</span>
                            <li>
                                <a href="#">Packs Fraldas e Toalhitas XXL</a>
                            </li>
                            <li>
                                <a href="#">Fraldas &lt;2kg/2-5kg/3-6kg (T0, T1 e T2)</a>
                            </li>
                            <li>
                                <a href="#">Fraldas 4-11kg/9-15kg (T3 e T4)</a>
                            </li>
                            <li>
                                <a href="#">Fraldas 13-18kg/+18kg (T5 e T6)</a>
                            </li>
                            <li>
                                <a href="#">Fraldas de Aprendizagem</a>
                            </li>
                            <li>
                                <a href="#">Fraldas Cueca</a>
                            </li>
                            <li>
                                <a href="#">Fraldas de Banho</a>
                            </li>
                            <li>
                                <a href="#">Toalhitas</a>
                            </li>
                            <li>
                                <a href="#">Resguardos</a>
                            </li>
                        </ul>
                            </li>
                            <li>
                                <a href="#">Banho e Higiene</a>
                                    <span class="iconCategory arrow-mobile RD_Desplegar2"></span>
            
                        <ul class="grandchild-menu">
                            <li>
                                <div class="back-to-category">
                                    <button class="back responsivo responsivo-tablet"></button>
                                        <span>Banho e Higiene</span>
                                </div>
                            </li>
                            <li class="go-to-category-child">
                                <a href="#">Ver Banho e Higiene</a>
                            </li>
                                <span class="shop-by-cat-text">Comprar por categor&iacute;as</span>
                            <li>
                                <a href="#">Gel de Banho</a>
                            </li>
                            <li>
                                <a href="#">Cabelo e Perfumaria</a>
                            </li>
                            <li>
                                <a href="#">Protecção e Hidratação</a>
                            </li>
                            <li>
                                <a href="#">Cotonetes e Soro Fisiológico</a>
                            </li>
                            <li>
                                <a href="#">Bacios e Redutores</a>
                            </li>
                            <li>
                                <a href="#">Banheiras, Trocadores e Acessórios</a>
                            </li>
                            <li>
                                <a href="#">Acessórios de Higiene</a>
                            </li>
                        </ul>
                            </li>
                            <li>
                                <a href="#">Puericultura</a>
                                    <span class="iconCategory arrow-mobile RD_Desplegar2"></span>
            
                        <ul class="grandchild-menu">
                            <li>
                                <div class="back-to-category">
                                    <button class="back responsivo responsivo-tablet"></button>
                                        <span>Puericultura</span>
                                </div>
                            </li>
                            <li class="go-to-category-child">
                                <a href="#">Ver Puericultura</a>
                            </li>
                                <span class="shop-by-cat-text">Comprar por categor&iacute;as</span>
                            <li>
                                <a href="#">Cadeiras Auto e Carrinhos de Passeio</a>
                            </li>
                            <li>
                                <a href="#">Quarto do Bebé</a>
                            </li>
                            <li>
                                <a href="#">Bacios e Redutores</a>
                            </li>
                            <li>
                                <a href="#">Banho e Acessórios de Higiene</a>
                            </li>
                            <li>
                                <a href="#">Chupetas e Mordedores</a>
                            </li>
                            <li>
                                <a href="#">Biberões e Babetes</a>
                            </li>
                            <li>
                                <a href="#">Cadeiras e Acessórios de Refeição</a>
                            </li>
                            <li>
                                <a href="#">Mantas e Fraldas de Pano</a>
                            </li>
                            <li>
                                <a href="#">Bem-estar e Protecção</a>
                            </li>
                            <li>
                                <a href="#">Maternidade e Amamentação</a>
                            </li>
                        </ul>
            
                            <li>
                                <a href="#">Roupa do Bebé</a>
                                    <span class="iconCategory arrow-mobile RD_Desplegar2"></span>
            
                        <ul class="grandchild-menu">
                            <li>
                                <div class="back-to-category">
                                    <button class="back responsivo responsivo-tablet"></button>
                                        <span>Roupa do Bebé</span>
                                </div>
                            </li>
                            <li class="go-to-category-child">
                                <a href="#">Ver Roupa do Bebé</a>
                            </li>
                                <span class="shop-by-cat-text">Comprar por categor&iacute;as</span>
                        </ul>
            
                            <li>
                                <a href="#">Brinquedos e Livros</a>
                                    <span class="iconCategory arrow-mobile RD_Desplegar2"></span>
            
                        <ul class="grandchild-menu">
                            <li>
                                <div class="back-to-category">
                                    <button class="back responsivo responsivo-tablet"></button>
                                        <span>Brinquedos e Livros</span>
                                </div>
                            </li>
                            <li class="go-to-category-child">
                                <a href="#">Ver Brinquedos e Livros</a>
                            </li>
                                <span class="shop-by-cat-text">Comprar por categor&iacute;as</span>
                            <li>
                                <a href="#">Brinquedos de Bebé</a>
                            </li>
                            <li>
                                <a href="#">Livros de Bebé</a>
                            </li>
                            <li>
                                <a href="#">Livros de Gravidez e Puericultura</a>
                            </li>
                        </ul>
                    </ul>
            
                            <li>
                                <img class="hot" src="https://img.icons8.com/ios/50/000000/home--v1.png"/>
                                    <button class="btn-main-category">Casa, Bricolage e Jardim</button>
                                        <div class="child-menu child-menu-mascotas">
                                            <div class="back-to-category">
                                                <button class="back responsivo responsivo-tablet"></button>
                                                    <span>Casa, Bricolage e Jardim</span>
                                            </div>
                                            <div class="category-link">
                                                <span class="iconCategory mascotas"></span>
                                                    <a href="#" class="go-to-category">Casa, Bricolage e Jardim - Ver todos</a>
                                            </div>
                                                <span class="shop-by-cat-text">Comprar por categor&iacute;as</span>
            
                        <ul class="child-menu-container">
                            <li>
                                <a href="#">Cozinha</a>
                                    <span class="iconCategory arrow-mobile RD_Desplegar2"></span>
            
                        <ul class="grandchild-menu">
                            <li>
                                <div class="back-to-category">
                                    <button class="back responsivo responsivo-tablet"></button>
                                        <span>Cozinha</span>
                                </div>
                            </li>
                            <li class="go-to-category-child">
                                <a href="#">Ver Cozinha</a>
                            </li>
                                <span class="shop-by-cat-text">Comprar por categor&iacute;as</span>
                            <li>
                                <a href="#">Panelas, Frigideiras e Woks</a>
                            </li>
                            <li>
                                <a href="#">Jarros e Filtros para Água</a>
                            </li>
                            <li>
                                <a href="#">Caixas e Conservação de Alimentos</a>
                            </li>
                            <li>
                                <a href="#">Sacos Térmicos, Termos e Garrafas</a>
                            </li>
                            <li>
                                <a href="#">Formas e Acessórios de Pastelaria</a>
                            </li>
                            <li>
                                <a href="#">Facas e Utensílios</a>
                            </li>
                            <li>
                                <a href="#">Essenciais na Banca de Cozinha</a>
                            </li>
                            <li>
                                <a href="#">Acessórios de Vinho e Bar</a>
                            </li>
                            <li>
                                <a href="#">Forno</a>
                            </li>
                            <li>
                                <a href="#">Panos, Aventais e Pegas</a>
                            </li>
                            <li>
                                <a href="#">Baldes e Sacos do Lixo</a>
                            </li>
                            <li>
                                <a href="#">Películas e Sacos de Conservação</a>
                            </li>
                            <li>
                                <a href="#">Pequenos Eletrodomésticos</a>
                            </li>
                            <li>
                                <a href="#">Yämmi - Robot de Cozinha</a>
                            </li>
                        </ul>
                            </li>
                            <li>
                                <a href="#">Mesa e Festa</a>
                                    <span class="iconCategory arrow-mobile RD_Desplegar2"></span>
            
                        <ul class="grandchild-menu">
                            <li>
                                <div class="back-to-category">
                                    <button class="back responsivo responsivo-tablet"></button>
                                        <span>Mesa e Festa</span>
                                </div>
                            </li>
                            <li class="go-to-category-child">
                                <a href="#">Ver Mesa e Festa</a>
                            </li>
                                <span class="shop-by-cat-text">Comprar por categor&iacute;as</span>
                            <li>
                                <a href="#">Pratos e Serviços de Loiça</a>
                            </li>
                            <li>
                                <a href="#">Copos, Jarros e Garrafas</a>
                            </li>
                            <li>
                                <a href="#">Acessórios de Vinho e Bar</a>
                            </li>
                            <li>
                                <a href="#">Faqueiros e Talheres</a>
                            </li>
                            <li>
                                <a href="#">Loiça de Servir</a>
                            </li>
                            <li>
                                <a href="#">Canecas e Chávenas</a>
                            </li>
                            <li>
                                <a href="#">Toalhas, Guardanapos e Individuais</a>
                            </li>
                            <li>
                                <a href="#">Festa</a>
                            </li>
                        </ul>
                    </li>
                            <li>
                                <a href="#">Decoração</a>
                                    <span class="iconCategory arrow-mobile RD_Desplegar2"></span>
            
                        <ul class="grandchild-menu">
                            <li>
                                <div class="back-to-category">
                                    <button class="back responsivo responsivo-tablet"></button>
                                        <span>Decoração</span>
                                </div>
                            </li>
                            <li class="go-to-category-child">
                                <a href="#">Ver Decoração</a>
                            </li>
                                <span class="shop-by-cat-text">Comprar por categor&iacute;as</span>
                            <li>
                                <a href="#">Tapetes e Capachos</a>
                            </li>
                            <li>
                                <a href="#">Almofadas e Coxins</a>
                            </li>
                            <li>
                                <a href="#">Molduras</a>
                            </li>
                            <li>
                                <a href="#">Velas e Difusores</a>
                            </li>
                            <li>
                                <a href="#">Jarras e Plantas Artificiais</a>
                            </li>
                            <li>
                                <a href="#">Mantas e Sacas Água Quente</a>
                            </li>
                            <li>
                                <a href="#">Cestos e Caixas Decorativos</a>
                            </li>
                            <li>
                                <a href="#">Candeeiros</a>
                            </li>
                            <li>
                                <a href="#">Acessórios Decorativos</a>
                            </li>
                        </ul>
                    </li>
                            <li>
                                <a href="#">Mobiliário</a>
                                    <span class="iconCategory arrow-mobile RD_Desplegar2"></span>
            
                        <ul class="grandchild-menu">
                            <li>
                                <div class="back-to-category">
                                    <button class="back responsivo responsivo-tablet"></button>
                                        <span>Mobiliário</span>
                                </div>
                            </li>
                            <li class="go-to-category-child">
                                <a href="#">Ver Mobiliário</a>
                            </li>
                                <span class="shop-by-cat-text">Comprar por categor&iacute;as</span>
                            <li>
                                <a href="#">Mobiliário à Grande</a>
                            </li>
                            <li>
                                <a href="#">Armários e Estantes</a>
                            </li>
                            <li>
                                <a href="#">Sofás e Poltronas</a>
                            </li>
                            <li>
                                <a href="#">Cadeiras e Bancos</a>
                            </li>
                            <li>
                                <a href="#">Mesas e Mesas de Apoio</a>
                            </li>
                            <li>
                                <a href="#">Escritório</a>
                            </li>
                            <li>
                                <a href="#">Quarto</a>
                            </li>
                            <li>
                                <a href="#">Mobiliário de Jardim</a>
                            </li>
                        </ul>
                    </li>
                            <li>
                                <a href="#">Quarto e Colchões</a>
                                    <span class="iconCategory arrow-mobile RD_Desplegar2"></span>
            
                        <ul class="grandchild-menu">
                            <li>
                                <div class="back-to-category">
                                    <button class="back responsivo responsivo-tablet"></button>
                                        <span>Quarto e Colchões</span>
                                </div>
                            </li>
                            <li class="go-to-category-child">
                                <a href="#">Ver Quarto e Colchões</a>
                            </li>
                                <span class="shop-by-cat-text">Comprar por categor&iacute;as</span>
                            <li>
                                <a href="#">Roupa de Cama</a>
                            </li>
                            <li>
                                <a href="#">Edredões, Colchas e Mantas</a>
                            </li>
                            <li>
                                <a href="#">Protetores de Colchão e de Almofadas</a>
                            </li>
                            <li>
                                <a href="#">Almofadas</a>
                            </li>
                            <li>
                                <a href="#">Colchões e Estrados</a>
                            </li>
                            <li>
                                <a href="#">Camas e Sommiers</a>
                            </li>
                            <li>
                                <a href="#">Colchões Insufláveis</a>
                            </li>
                            <li>
                                <a href="#">Organizadores de Roupa e Sacos de Vácuo</a>
                            </li>
                            <li>
                                <a href="#">Mobiliário de Quarto</a>
                            </li>
                        </ul>
            
                            <li>
                                <a href="#">Banho</a>
                                    <span class="iconCategory arrow-mobile RD_Desplegar2"></span>
            
                        <ul class="grandchild-menu">
                            <li>
                                <div class="back-to-category">
                                    <button class="back responsivo responsivo-tablet"></button>
                                        <span>Banho</span>
                                </div>
                            </li>
                            <li class="go-to-category-child">
                                <a href="#">Ver Banho</a>
                            </li>
                                <span class="shop-by-cat-text">Comprar por categor&iacute;as</span>
                            <li>
                                <a href="#">Toalhas de Banho</a>
                            </li>
                            <li>
                                <a href="#">Cortinas e Tapetes</a>
                            </li>
                            <li>
                                <a href="#">Acessórios de Banho</a>
                            </li>
                            <li>
                                <a href="#">Cuidados Pessoais</a>
                            </li>
                        </ul>
            
                            <li>
                                <a href="#">Lavandaria e Arrumação</a>
                                    <span class="iconCategory arrow-mobile RD_Desplegar2"></span>
            
                        <ul class="grandchild-menu">
                            <li>
                                <div class="back-to-category">
                                    <button class="back responsivo responsivo-tablet"></button>
                                        <span>Lavandaria e Arrumação</span>
                                </div>
                            </li>
                            <li class="go-to-category-child">
                                <a href="#">Ver Lavandaria e Arrumação</a>
                            </li>
                                <span class="shop-by-cat-text">Comprar por categor&iacute;as</span>
                            <li>
                                <a href="#">Tábuas e Ferros de Engomar</a>
                            </li>
                            <li>
                                <a href="#">Estendais e Molas</a>
                            </li>
                            <li>
                                <a href="#">Organizadores de Roupa e Sacos de Vácuo</a>
                            </li>
                            <li>
                                <a href="#">Costura</a>
                            </li>
                            <li>
                                <a href="#">Bacias e Cestos de Roupa</a>
                            </li>
                            <li>
                                <a href="#">Arrumação, Caixas e Sacos</a>
                            </li>
                            <li>
                                <a href="#">Aspiradores e Lavadoras</a>
                            </li>
                            <li>
                                <a href="#">Vassouras, Esfregonas e Panos</a>
                            </li>
                            <li>
                                <a href="#">Baldes e Sacos do Lixo</a>
                            </li>
                        </ul>
            
                            <li>
                                <a href="#">Eletrodomésticos</a>
                                    <span class="iconCategory arrow-mobile RD_Desplegar2"></span>
            
                        <ul class="grandchild-menu">
                            <li>
                                <div class="back-to-category">
                                    <button class="back responsivo responsivo-tablet"></button>
                                        <span>Eletrodomésticos</span>
                                </div>
                            </li>
                            <li class="go-to-category-child">
                                <a href="#">Ver Eletrodomésticos</a>
                            </li>
                                <span class="shop-by-cat-text">Comprar por categor&iacute;as</span>
                            <li>
                                <a href="#">Yammi – Robot de Cozinha</a>
                            </li>
                            <li>
                                <a href="#">Preparação de Alimentos</a>
                            </li>
                            <li>
                                <a href="#">Pequeno Almoço</a>
                            </li>
                            <li>
                                <a href="#">Aspiradores e Lavadoras</a>
                            </li>
                            <li>
                                <a href="#">Tratamento da Roupa</a>
                            </li>
                            <li>
                                <a href="#">Cuidados Pessoais</a>
                            </li>
                            <li>
                                <a href="#">Tecnologia</a>
                            </li>
                            <li>
                                <a href="#">Aquecimento e Ventilação</a>
                            </li>
                        </ul>
            
                            <li>
                                <a href="#">Aquecimento</a>
                                    <span class="iconCategory arrow-mobile RD_Desplegar2"></span>
            
                        <ul class="grandchild-menu">
                            <li>
                                <div class="back-to-category">
                                    <button class="back responsivo responsivo-tablet"></button>
                                        <span>Aquecimento</span>
                                </div>
                            </li>
                            <li class="go-to-category-child">
                                <a href="#">Ver Aquecimento</a>
                            </li>
                                <span class="shop-by-cat-text">Comprar por categor&iacute;as</span>
                            <li>
                                <a href="#">Aquecedores</a>
                            </li>
                            <li>
                                <a href="#">Lenha, Pellets e Carvão</a>
                            </li>
                            <li>
                                <a href="#">Acendalhas e Acessórios de Lareira</a>
                            </li>
                        </ul>
            
                            <li>
                                <a href="#">Pilhas, Iluminação, Energia</a>
                                    <span class="iconCategory arrow-mobile RD_Desplegar2"></span>
            
                        <ul class="grandchild-menu">
                            <li>
                                <div class="back-to-category">
                                    <button class="back responsivo responsivo-tablet"></button>
                                        <span>Pilhas, Iluminação, Energia</span>
                                </div>
                            </li>
                            <li class="go-to-category-child">
                                <a href="#">Ver Pilhas, Iluminação, Energia</a>
                            </li>
                                <span class="shop-by-cat-text">Comprar por categor&iacute;as</span>
                            <li>
                                <a href="#">Lâmpadas</a>
                            </li>
                            <li>
                                <a href="#">Pilhas</a>
                            </li>
                            <li>
                                <a href="#">Smart Home</a>
                            </li>
                            <li>
                                <a href="#">Candeeiros e Luzes Decorativas</a>
                            </li>
                            <li>
                                <a href="#">Acessórios Eléctricos</a>
                            </li>
                            <li>
                                <a href="#">Extensões Eléctricas</a>
                            </li>
                        </ul>
            
                            <li>
                                <a href="#">Bricolage e Automóvel</a>
                                    <span class="iconCategory arrow-mobile RD_Desplegar2"></span>
            
                        <ul class="grandchild-menu">
                            <li>
                                <div class="back-to-category">
                                    <button class="back responsivo responsivo-tablet"></button>
                                        <span>Bricolage e Automóvel</span>
                                </div>
                            </li>
                            <li class="go-to-category-child">
                                <a href="#">Ver Bricolage e Automóvel</a>
                            </li>
                                <span class="shop-by-cat-text">Comprar por categor&iacute;as</span>
                            <li>
                                <a href="#">Ferramentas Eléctricas</a>
                            </li>
                            <li>
                                <a href="#">Ferramentas Manuais</a>
                            </li>
                            <li>
                                <a href="#">Quinquilharia e Arrumação</a>
                            </li>
                            <li>
                                <a href="#">Drogaria e Pintura</a>
                            </li>
                            <li>
                                <a href="#">Colas, Fitas e Isolamento</a>
                            </li>
                            <li>
                                <a href="#">Automóvel</a>
                            </li>
                        </ul>
            
                            <li>
                                <a href="#">Jardim, Piscinas, Barbecues</a>
                                    <span class="iconCategory arrow-mobile RD_Desplegar2"></span>
            
                        <ul class="grandchild-menu">
                            <li>
                                <div class="back-to-category">
                                    <button class="back responsivo responsivo-tablet"></button>
                                        <span>Jardim, Piscinas, Barbecues</span>
                                </div>
                            </li>
                            <li class="go-to-category-child">
                                <a href="#">Ver Jardim, Piscinas, Barbecues</a>
                            </li>
                                <span class="shop-by-cat-text">Comprar por categor&iacute;as</span>
                            <li>
                                <a href="#">Piscinas e Tratamento</a>
                            </li>
                            <li>
                                <a href="#">Barbecues, Carvão e Consumíveis</a>
                            </li>
                            <li>
                                <a href="#">Vasos, Sementes e Tratamento</a>
                            </li>
                            <li>
                                <a href="#">Rega e Ferramentas de Jardim</a>
                            </li>
                            <li>
                                <a href="#">Limpeza de Exterior</a>
                            </li>
                            <li>
                                <a href="#">Mobiliário de Jardim</a>
                            </li>
                            <li>
                                <a href="#">Iluminação Exterior</a>
                            </li>
                            <li>
                                <a href="#">Brinquedos de Exterior</a>
                            </li>
                            <li>
                                <a href="#">Casotas para Animais</a>
                            </li>
                        </ul>
                    </ul>
                </div>
            </li>
            
                            <li>
                                <img class="hot" src="https://img.icons8.com/external-glyph-andi-nur-abdillah/64/000000/external-animal-pets-and-veterinary-glyph-glyph-andi-nur-abdillah-24.png"/>
                                    <button class="btn-main-category">Artigos de Animais</button>
                                        <div class="child-menu child-menu-frescos">
                                            <div class="back-to-category">
                                                <button class="back responsivo responsivo-tablet"></button>
                                                    <span>Artigos de Animais</span>
                                            </div>
                                            <div class="category-link">
                                                <span class="iconCategory frescos"></span>
                                                    <a href="#" class="go-to-category">Ver todos</a>
                                            </div>
                                                <span class="shop-by-cat-text">Comprar por categor&iacute;as</span>
            
                        <ul class="child-menu-container">
                            <li>
                                    <a href="#">Cão</a>
                                        <span class="iconCategory arrow-mobile RD_Desplegar2"></span>
            
                        <ul class="grandchild-menu">
                            <li>
                                <div class="back-to-category">
                                    <button class="back responsivo responsivo-tablet"></button>
                                        <span>Cão</span>
                                </div>
                            </li>
                            <li class="go-to-category-child">
                                <a href="#">Ver Cão</a>
                            </li>
                                <span class="shop-by-cat-text">Comprar por categor&iacute;as</span>
                            <li>
                                <a href="#">Ração Seca</a>
                            </li>
                            <li>
                                <a href="#">Comida Húmida</a>
                            </li>
                            <li>
                                <a href="#">Alimentação Natural</a>
                            </li>
                            <li>
                                <a href="#">Snacks & Biscoitos</a>
                            </li>
                            <li>
                                <a href="#">Comedouros e Bebedouros</a>
                            </li>
                            <li>
                                <a href="#">Saúde e Higiene</a>
                            </li>
                            <li>
                                <a href="#">Casotas</a>
                            </li>
                            <li>
                                <a href="#">Camas, Almofadas e Colchões</a>
                            </li>
                            <li>
                                <a href="#">Transporte, Passeio e Viagem</a>
                            </li>
                            <li>
                                <a href="#">Brinquedos</a>
                            </li>
                        </ul>
                    </li>
                            <li>
                                <a href="#">Gato</a>
                                    <span class="iconCategory arrow-mobile RD_Desplegar2"></span>
            
                        <ul class="grandchild-menu">
                            <li>
                                <div class="back-to-category">
                                    <button class="back responsivo responsivo-tablet"></button>
                                        <span>Gato</span>
                                </div>
                            </li>
                            <li class="go-to-category-child">
                                <a href="#">Ver Gato</a>
                            </li>
                                <span class="shop-by-cat-text">Comprar por categor&iacute;as</span>
                            <li>
                                <a href="#">Ração Seca</a>
                            </li>
                            <li>
                                <a href="#">Comida Húmida</a>
                            </li>
                            <li>
                                <a href="#">Alimentação Natural</a>
                            </li>
                            <li>
                                <a href="#">Snacks, Leites & Biscoitos</a>
                            </li>
                            <li>
                                <a href="#">Absorventes</a>
                            </li>
                            <li>
                                <a href="#">Saúde e Higiene</a>
                            </li>
                            <li>
                                <a href="#">Camas e Bebedouros</a>
                            </li>
                            <li>
                                <a href="#">Transporte, Passeio e Viagem</a>
                            </li>
                            <li>
                                <a href="#">Brinquedos e Arranhadores</a>
                            </li>
                        </ul>
                    </li>
                            <li>
                                <a href="#">Outros Animais</a>
                                    <span class="iconCategory arrow-mobile RD_Desplegar2"></span>
            
                        <ul class="grandchild-menu">
                             <li>
                                <div class="back-to-category">
                                    <button class="back responsivo responsivo-tablet"></button>
                                        <span>Outros Animais</span>
                                </div>
                            </li>
                            <li class="go-to-category-child">
                                <a href="#">Ver Outros Animais</a>
                            </li>
                                <span class="shop-by-cat-text">Comprar por categor&iacute;as</span>
                            <li>
                                <a href="#">Pássaros</a>
                            </li>
                            <li>
                                <a href="#">Peixes</a>
                            </li>
                            <li>
                                <a href="#">Roedores</a>
                            </li>
                            <li>
                                <a href="#">Tartarugas</a>
                            </li>
                        </ul>
                    </li>
                            <li>
                                <a href="#">Saúde & Higiene</a>
                                    <span class="iconCategory arrow-mobile RD_Desplegar2"></span>
            
                        <ul class="grandchild-menu">
                            <li>
                                <div class="back-to-category">
                                    <button class="back responsivo responsivo-tablet"></button>
                                        <span>Saúde & Higiene</span>
                                </div>
                            </li>
                            <li class="go-to-category-child">
                                <a href="#">Ver Saúde & Higiene</a>
                            </li>
                                <span class="shop-by-cat-text">Comprar por categor&iacute;as</span>
                            <li>
                                <a href="#">Sacos e Dispensadores</a>
                            </li>
                            <li>
                                <a href="#">Cuidados de Pele e Pelo</a>
                            </li>
                            <li>
                                <a href="#">Resguardos, Fraldas e Toalhitas</a>
                            </li>
                            <li>
                                <a href="#">Acessórios de Higiene</a>
                            </li>
                            <li>
                                <a href="#">Limpeza da Casa</a>
                            </li>
                        </ul>  
                    </ul>
                </div>
            </li>
            
                            <li>
                                <img class="hot" src="https://img.icons8.com/external-others-maxicons/62/000000/external-toy-baby-others-maxicons.png"/>
                                    <button class="btn-main-category">Brinquedos e Jogos</button>
                                        <div class="child-menu child-menu-frescos">
                                            <div class="back-to-category">
                                                <button class="back responsivo responsivo-tablet"></button>
                                                    <span>Brinquedos e Jogos</span>
                                            </div>
                                            <div class="category-link">
                                                <span class="iconCategory frescos"></span>
                                                    <a href="#" class="go-to-category">Ver todos</a>
                                            </div>
                                                <span class="shop-by-cat-text">Comprar por categor&iacute;as</span>
            
                        <ul class="child-menu-container">
                            <li>
                                <a href="#">Construções</a>
                                    <span class="iconCategory arrow-mobile RD_Desplegar2"></span>
            
                        <ul class="grandchild-menu">
                            <li>
                                <div class="back-to-category">
                                    <button class="back responsivo responsivo-tablet"></button>
                                        <span>Construções</span>
                                </div>
                            </li>
                            <li class="go-to-category-child">
                                <a href="#">Ver Construções</a>
                            </li>
                                <span class="shop-by-cat-text">Comprar por categor&iacute;as</span>
                            <li>
                                <a href="#">LEGO</a>
                            </li>
                            <li>
                                <a href="#">Playmobil</a>
                            </li>
                            <li>
                                <a href="#">Pré-escolar</a>
                            </li>
                        </ul>
                    </li>
                            <li>
                                <a href="#">Jogos</a>
                                    <span class="iconCategory arrow-mobile RD_Desplegar2"></span>
            
                        <ul class="grandchild-menu">
                            <li>
                                <div class="back-to-category">
                                    <button class="back responsivo responsivo-tablet"></button>
                                        <span>Jogos</span>
                                </div>
                            </li>
                            <li class="go-to-category-child">
                                <a href="#">Ver Jogos</a>
                            </li>
                                <span class="shop-by-cat-text">Comprar por categor&iacute;as</span>
                            <li>
                                <a href="#">Jogos Infantis</a>
                            </li>
                            <li>
                                <a href="#">Jogos em Família</a>
                            </li>
                            <li>
                                <a href="#">Jogos Educativos</a>
                            </li>
                            <li>
                                <a href="#">Jogos Científicos</a>
                            </li>
                        </ul>
                    </li>
                            <li>
                                <a href="#">Puzzles</a>
                                    <span class="iconCategory arrow-mobile RD_Desplegar2"></span>
            
                        <ul class="grandchild-menu">
                            <li>
                                <div class="back-to-category">
                                    <button class="back responsivo responsivo-tablet"></button>
                                        <span>Puzzles</span>
                                </div>
                            </li>
                            <li class="go-to-category-child">
                                <a href="#">Ver Puzzles</a>
                            </li>
                                <span class="shop-by-cat-text">Comprar por categor&iacute;as</span>
                            <li>
                                <a href="#">Até 100 Peças</a>
                            </li>
                            <li>
                                <a href="#">100 a 499 Peças</a>
                            </li>
                            <li>
                                <a href="#">500 a 999 Peças</a>
                            </li>
                            <li>
                                <a href="#">1000 Peças</a>
                            </li>
                            <li>
                                <a href="#">Mais de 2000 Peças</a>
                            </li>
                            <li>
                                <a href="#">Puzzles 3D</a>
                            </li>
                        </ul>
                    </li>
                            <li>
                                <a href="#">Bonecas</a>
                                    <span class="iconCategory arrow-mobile RD_Desplegar2"></span>
            
                        <ul class="grandchild-menu">
                            <li>
                                <div class="back-to-category">
                                    <button class="back responsivo responsivo-tablet"></button>
                                        <span>Bonecas</span>
                                </div>
                            </li>
                            <li class="go-to-category-child">
                                <a href="#">Ver Bonecas</a>
                            </li>
                                <span class="shop-by-cat-text">Comprar por categor&iacute;as</span>
                            <li>
                                <a href="#">Bonecas Bebé</a>
                            </li>
                            <li>
                                <a href="#">Bonecas Miniatura</a>
                            </li>
                            <li>
                                <a href="#">Bonecas Fashion</a>
                            </li>
                        </ul>  
            
                            <li>
                                <a href="#">Ação e Super Heróis</a>
                                    <span class="iconCategory arrow-mobile RD_Desplegar2"></span>
                
                        <ul class="grandchild-menu">
                            <li>
                                <div class="back-to-category">
                                    <button class="back responsivo responsivo-tablet"></button>
                                        <span>Ação e Super Heróis</span>
                                </div>
                            </li>
                            <li class="go-to-category-child">
                                <a href="#">Ver Ação e Super Heróis</a>
                            </li>
                                <span class="shop-by-cat-text">Comprar por categor&iacute;as</span>
                            <li>
                                <a href="#">Figuras e Cenários de Ação</a>
                            </li>
                            <li>
                                <a href="#">NERF e Lançadores</a>
                            </li>
                        </ul>  
            
                            <li>
                                <a href="#">Veículos e Rádio Controlo</a>
                                    <span class="iconCategory arrow-mobile RD_Desplegar2"></span>
                    
                        <ul class="grandchild-menu">
                            <li>
                                <div class="back-to-category">
                                    <button class="back responsivo responsivo-tablet"></button>
                                        <span>Veículos e Rádio Controlo</span>
                                </div>
                            </li>
                            <li class="go-to-category-child">
                                <a href="#">Ver Veículos e Rádio Controlo</a>
                            </li>
                                <span class="shop-by-cat-text">Comprar por categor&iacute;as</span>
                            <li>
                                <a href="#">Veículos</a>
                            </li>
                            <li>
                                <a href="#">Pistas e Garagens</a>
                            </li>
                            <li>
                                <a href="#">Telecomandados, Drones e Robots</a>
                            </li>
                        </ul>  
            
                            <li>
                                <a href="#">Bebé e Peluches</a>
                                    <span class="iconCategory arrow-mobile RD_Desplegar2"></span>
                        
                        <ul class="grandchild-menu">
                            <li>
                                <div class="back-to-category">
                                    <button class="back responsivo responsivo-tablet"></button>
                                        <span>Bebé e Peluches</span>
                                </div>
                            </li>
                            <li class="go-to-category-child">
                                <a href="#">Ver Bebé e Peluches</a>
                            </li>
                                <span class="shop-by-cat-text">Comprar por categor&iacute;as</span>
                            <li>
                                <a href="#">Primeiros Brinquedos</a>
                            </li>
                            <li>
                                <a href="#">Peluches</a>
                            </li>
                            <li>
                                <a href="#">Interativos</a>
                            </li>
                        </ul> 
                                                    
                            <li>
                                <a href="#">Pré-escolar</a>
                                    <span class="iconCategory arrow-mobile RD_Desplegar2"></span>
                            
                        <ul class="grandchild-menu">
                            <li>
                                <div class="back-to-category">
                                    <button class="back responsivo responsivo-tablet"></button>
                                        <span>Pré-escolar</span>
                                </div>
                            </li>
                            <li class="go-to-category-child">
                                <a href="#">Ver Pré-escolar</a>
                            </li>
                                <span class="shop-by-cat-text">Comprar por categor&iacute;as</span>
                            <li>
                                <a href="#">Figuras</a>
                            </li>
                            <li>
                                <a href="#">Cenários e Veículos</a>
                            </li>
                            <li>
                                <a href="#">Construções</a>
                            </li>
                            <li>
                                <a href="#">Patrulha Pata</a>
                            </li>
                            <li>
                                <a href="#">Panda</a>
                            </li>
                        </ul>   
            
                            <li>
                                <a href="#">Faz de Conta</a>
                                    <span class="iconCategory arrow-mobile RD_Desplegar2"></span>
                                
                        <ul class="grandchild-menu">
                            <li>
                                <div class="back-to-category">
                                    <button class="back responsivo responsivo-tablet"></button>
                                        <span>Faz de Conta</span>
                                </div>
                            </li>
                            <li class="go-to-category-child">
                                <a href="#">Ver Faz de Conta</a>
                            </li>
                                <span class="shop-by-cat-text">Comprar por categor&iacute;as</span>
                            <li>
                                <a href="#">Cozinha e Alimentos</a>
                            </li>
                            <li>
                                <a href="#">Profissões</a>
                            </li>
                            <li>
                                <a href="#">Instrumentos Musicais</a>
                            </li>
                            <li>
                                <a href="#">Jóias e Cosmética</a>
                            </li>
                        </ul>
            
                            <li>
                                <a href="#">Didáticos, Pintura e Plasticinas</a>
                                    <span class="iconCategory arrow-mobile RD_Desplegar2"></span>
                                    
                        <ul class="grandchild-menu">
                            <li>
                                <div class="back-to-category">
                                    <button class="back responsivo responsivo-tablet"></button>
                                        <span>Didáticos, Pintura e Plasticinas</span>
                                </div>
                            </li>
                            <li class="go-to-category-child">
                                <a href="#">Ver Didáticos, Pintura e Plasticinas</a>
                            </li>
                                <span class="shop-by-cat-text">Comprar por categor&iacute;as</span>
                            <li>
                                <a href="#">Plasticinas e Moldáveis</a>
                            </li>
                            <li>
                                <a href="#">Didáticos e Manualidades</a>
                            </li>
                            <li>
                                <a href="#">Jóias e Cosmética</a>
                            </li>
                            <li>
                                <a href="#">Desenho e Pintura</a>
                            </li>
                        </ul>
            
                            <li>
                                <a href="#">Ar Livre</a>
                                    <span class="iconCategory arrow-mobile RD_Desplegar2"></span>
                                        
                        <ul class="grandchild-menu">
                            <li>
                                <div class="back-to-category">
                                    <button class="back responsivo responsivo-tablet"></button>
                                        <span>Ar Livre</span>
                                </div>
                            </li>
                            <li class="go-to-category-child">
                                <a href="#">Ver Ar Livre</a>
                            </li>
                                <span class="shop-by-cat-text">Comprar por categor&iacute;as</span>
                            <li>
                                <a href="#">Casas, Escorregas e Baloiços</a>
                            </li>
                            <li>
                                <a href="#">Veículos de Exterior e Bateria</a>
                            </li>
                            <li>
                                <a href="#">Bicicletas, Trotinetes e Patins</a>
                            </li>
                            <li>
                                <a href="#">Triciclos e Andadores</a>
                            </li>
                            <li>
                                <a href="#">Jogos de Exterior</a>
                            </li>
                            <li>
                                <a href="#">Bóias, Piscinas e Insufláveis</a>
                            </li>
                            <li>
                                <a href="#">Baldes e Brinquedos de Praia</a>
                            </li>
                        </ul>
                    </ul>
                </div>
            </li>
            
                            <li>
                                <img class="hot" src="https://img.icons8.com/dotty/80/000000/stack-of-paper.png"/>
                                    <button class="btn-main-category">Livraria e Papelaria</button>
                                        <div class="child-menu child-menu-frescos">
                                            <div class="back-to-category">
                                                <button class="back responsivo responsivo-tablet"></button>
                                                    <span>Livraria e Papelaria</span>
                                            </div>
                                            <div class="category-link">
                                                <span class="iconCategory frescos"></span>
                                                    <a href="#" class="go-to-category">Ver todos</a>
                                            </div>
                                                <span class="shop-by-cat-text">Comprar por categor&iacute;as</span>
            
                        <ul class="child-menu-container">
                            <li>
                                <a href="#">Livros</a>
                                    <span class="iconCategory arrow-mobile RD_Desplegar2"></span>
            
                        <ul class="grandchild-menu">
                            <li>
                                <div class="back-to-category">
                                    <button class="back responsivo responsivo-tablet"></button>
                                        <span>Livros</span>
                                </div>
                            </li>
                            <li class="go-to-category-child">
                                <a href="#">Ver Livros</a>
                            </li>
                                <span class="shop-by-cat-text">Comprar por categor&iacute;as</span>
                            <li>
                                <a href="#">Literatura</a>
                            </li>
                            <li>
                                <a href="#">Livros Infantis</a>
                            </li>
                            <li>
                                <a href="#">Livros Juvenis</a>
                            </li>
                            <li>
                                <a href="#">Apoio Escolar</a>
                            </li>
                            <li>
                                <a href="#">Plano Nacional de Leitura</a>
                            </li>
                            <li>
                                <a href="#">Livros Técnicos</a>
                            </li>
                            <li>
                                <a href="#">Livros Saúde e Bem-Estar</a>
                            </li>
                            <li>
                                <a href="#">Livros de Culinária</a>
                            </li>
                        </ul>
                    </li>
                            <li>
                                <a href="#">Papelaria</a>
                                    <span class="iconCategory arrow-mobile RD_Desplegar2"></span>
            
                        <ul class="grandchild-menu">
                            <li>
                                <div class="back-to-category">
                                    <button class="back responsivo responsivo-tablet"></button>
                                        <span>Papelaria</span>
                                </div>
                            </li>
                            <li class="go-to-category-child">
                                <a href="#">Ver Papelaria</a>
                            </li>
                                <span class="shop-by-cat-text">Comprar por categor&iacute;as</span>
                            <li>
                                <a href="#">Mochilas, Estojos e Sacos</a>
                            </li>
                            <li>
                                <a href="#">Cadernos, Blocos e Papel</a>
                            </li>
                            <li>
                                <a href="#">Lápis, Borrachas, Canetas</a>
                            </li>
                            <li>
                                <a href="#">Desenho, Arte e Pintura</a>
                            </li>
                            <li>
                                <a href="#">Material de Escritório</a>
                            </li>
                            <li>
                                <a href="#">Organização e Arquivo</a>
                            </li>
                            <li>
                                <a href="#">Agendas</a>
                            </li>
                            <li>
                                <a href="#">Sacos Presente e Embrulho</a>
                            </li>
                        </ul>
                    </li>
                        </ul>
                </div>
            </li>
            
                            <li>
                                <img class="hot" src="https://img.icons8.com/fluency-systems-regular/48/000000/sports.png"/>
                                    <button class="btn-main-category">Desporto e Ar Livre</button>
                                        <div class="child-menu child-menu-frescos">
                                            <div class="back-to-category">
                                                <button class="back responsivo responsivo-tablet"></button>
                                                    <span>Desporto e Ar Livre</span>
                                            </div>
                                            <div class="category-link">
                                                <span class="iconCategory frescos"></span>
                                                    <a href="#" class="go-to-category">Ver todos</a>
                                            </div>
                                                <span class="shop-by-cat-text">Comprar por categor&iacute;as</span>
            
                        <ul class="child-menu-container">
                            <li>
                                <a href="#">Bicicletas, Trotinetes, Patins</a>
                                    <span class="iconCategory arrow-mobile RD_Desplegar2"></span>
            
                        <ul class="grandchild-menu">
                            <li>
                                <div class="back-to-category">
                                    <button class="back responsivo responsivo-tablet"></button>
                                        <span>Bicicletas, Trotinetes, Patins</span>
                                </div>
                            </li>
                            <li class="go-to-category-child">
                                <a href="#">Ver Bicicletas, Trotinetes, Patins</a>
                            </li>
                                <span class="shop-by-cat-text">Comprar por categor&iacute;as</span>
                            <li>
                                <a href="#">Bicicletas de Criança</a>
                            </li>
                            <li>
                                <a href="#">Bicicletas de Adulto</a>
                            </li>
                            <li>
                                <a href="#">Trotinetes, Patins e Skates</a>
                            </li>
                            <li>
                                <a href="#">Capacetes, Proteções e Acessórios</a>
                            </li>
                        </ul>
                    </li>
                            <li>
                                <a href="#">Mobilidade Eléctrica</a>
                                    <span class="iconCategory arrow-mobile RD_Desplegar2"></span>
            
                        <ul class="grandchild-menu">
                            <li>
                                <div class="back-to-category">
                                    <button class="back responsivo responsivo-tablet"></button>
                                        <span>Mobilidade Eléctrica</span>
                                </div>
                            </li>
                            <li class="go-to-category-child">
                                <a href="#">Ver Mobilidade Eléctrica</a>
                            </li>
                                <span class="shop-by-cat-text">Comprar por categor&iacute;as</span>
                        </ul>
                    </li>
                            <li>
                                <a href="#">Modalidades Desportivas</a>
                                    <span class="iconCategory arrow-mobile RD_Desplegar2"></span>
            
                        <ul class="grandchild-menu">
                            <li>
                                <div class="back-to-category">
                                    <button class="back responsivo responsivo-tablet"></button>
                                        <span>Modalidades Desportivas</span>
                                </div>
                            </li>
                            <li class="go-to-category-child">
                                <a href="#">Ver Modalidades Desportivas</a>
                            </li>
                                <span class="shop-by-cat-text">Comprar por categor&iacute;as</span>
                            <li>
                                <a href="#">Acessórios Fitness</a>
                            </li>
                            <li>
                                <a href="#">Natação e Desportos Aquáticos</a>
                            </li>
                            <li>
                                <a href="#">Futebol</a>
                            </li>
                            <li>
                                <a href="#">Multidesporto</a>
                            </li>
                        </ul>
                    </li>
                            <li>
                                <a href="#">Roupa de Desporto</a>
                                    <span class="iconCategory arrow-mobile RD_Desplegar2"></span>
            
                        <ul class="grandchild-menu">
                            <li>
                                <div class="back-to-category">
                                    <button class="back responsivo responsivo-tablet"></button>
                                        <span>Roupa de Desporto</span>
                                </div>
                            </li>
                            <li class="go-to-category-child">
                                <a href="#">Ver Roupa de Desporto</a>
                            </li>
                                <span class="shop-by-cat-text">Comprar por categor&iacute;as</span>
                            <li>
                                <a href="#">T-shirts e Tops</a>
                            </li>
                            <li>
                                <a href="#">Camisolas e Casacos</a>
                            </li>
                            <li>
                                <a href="#">Calções, Calças e Leggings</a>
                            </li>
                            <li>
                                <a href="#">Calçado, Meias e Acessórios</a>
                            </li>
                        </ul>
                    </li>
                            <li>
                                <a href="#">Nutrição Desportiva</a>
                                    <span class="iconCategory arrow-mobile RD_Desplegar2"></span>
            
                        <ul class="grandchild-menu">
                            <li>
                                <div class="back-to-category">
                                    <button class="back responsivo responsivo-tablet"></button>
                                        <span>Nutrição Desportiva</span>
                                </div>
                            </li>
                            <li class="go-to-category-child">
                                <a href="#">Ver Nutrição Desportiva</a>
                            </li>
                                <span class="shop-by-cat-text">Comprar por categor&iacute;as</span>
                            <li>
                                <a href="#">Proteína Whey</a>
                            </li>
                            <li>
                                <a href="#">Barras e Snacks</a>
                            </li>
                            <li>
                                <a href="#">Suplementação</a>
                            </li>
                            <li>
                                <a href="#">Iogurtes e Pudins</a>
                            </li>
                            <li>
                                <a href="#">Leite e Bebidas Vegetais</a>
                            </li>
                            <li>
                                <a href="#">Cremes de Barrar</a>
                            </li>
                            <li>
                                <a href="#">Bebidas Isotónicas</a>
                            </li>
                            <li>
                                <a href="#">Preparados e Refeições Instantâneas</a>
                            </li>
                        </ul>
                    </li>
            
                            <li>
                                <a href="#">Campismo</a>
                                    <span class="iconCategory arrow-mobile RD_Desplegar2"></span>
            
                        <ul class="grandchild-menu">
                            <li>
                                <div class="back-to-category">
                                    <button class="back responsivo responsivo-tablet"></button>
                                        <span>Campismo</span>
                                </div>
                            </li>
                            <li class="go-to-category-child">
                                <a href="#">Ver Campismo</a>
                            </li>
                                <span class="shop-by-cat-text">Comprar por categor&iacute;as</span>
                        </ul>
                    </li>
                </ul>
            </div>
            </li>
            
                            <li>
                                <img class="hot" src="https://img.icons8.com/external-creatype-two-colour-colourcreatype/64/000000/external-clothes-e-commerce-creatype-two-colour-colourcreatype-3.png"/>
                                    <button class="btn-main-category">Roupa, Calçado, Bagagens</button>
                                        <div class="child-menu child-menu-frescos">
                                            <div class="back-to-category">
                                                <button class="back responsivo responsivo-tablet"></button>
                                                    <span>Roupa, Calçado, Bagagens</span>
                                            </div>
                                            <div class="category-link">
                                                <span class="iconCategory frescos"></span>
                                                    <a href="#" class="go-to-category">Ver todos</a>
                                            </div>
                                                <span class="shop-by-cat-text">Comprar por categor&iacute;as</span>
            
                        <ul class="child-menu-container">
                            <li>
                                <a href="#">Babé [até aos 36 meses]</a>
                                    <span class="iconCategory arrow-mobile RD_Desplegar2"></span>
            
                        <ul class="grandchild-menu">
                            <li>
                                <div class="back-to-category">
                                    <button class="back responsivo responsivo-tablet"></button>
                                        <span>Babé [até aos 36 meses]</span>
                                </div>
                            </li>
                            <li class="go-to-category-child">
                                <a href="#">Ver Babé [até aos 36 meses]</a>
                            </li>
                                <span class="shop-by-cat-text">Comprar por categor&iacute;as</span>
                            <li>
                                <a href="#">Bodies, Babygrows e Interiores</a>
                            </li>
                            <li>
                                <a href="#">Calças e Calções</a>
                            </li>
                            <li>
                                <a href="#">Babetes</a>
                            </li>
                            <li>
                                <a href="#">Mantas e Fraldas de Pano</a>
                            </li>
                        </ul>
                    </li>
                            <li>
                                <a href="#">Criança [2-14 anos]</a>
                                    <span class="iconCategory arrow-mobile RD_Desplegar2"></span>
            
                        <ul class="grandchild-menu">
                            <li>
                                <div class="back-to-category">
                                    <button class="back responsivo responsivo-tablet"></button>
                                        <span>Criança [2-14 anos]</span>
                                </div>
                            </li>
                            <li class="go-to-category-child">
                                <a href="#">Ver Criança [2-14 anos]</a>
                            </li>
                                <span class="shop-by-cat-text">Comprar por categor&iacute;as</span>
                            <li>
                                <a href="#">Pijamas e Interiores</a>
                            </li>
                            <li>
                                <a href="#">T-shirts e Camisas</a>
                            </li>
                            <li>
                                <a href="#">Camisolas e Casacos</a>
                            </li>
                            <li>
                                <a href="#">Calças e Calções</a>
                            </li>
                            <li>
                                <a href="#">Parkas e Blusões</a>
                            </li>
                            <li>
                                <a href="#">Calçado e Acessórios</a>
                            </li>
                        </ul>
                    </li>
                            <li>
                                <a href="#">Mulher</a>
                                    <span class="iconCategory arrow-mobile RD_Desplegar2"></span>
            
                        <ul class="grandchild-menu">
                            <li>
                                <div class="back-to-category">
                                    <button class="back responsivo responsivo-tablet"></button>
                                        <span>Mulher</span>
                                </div>
                            </li>
                            <li class="go-to-category-child">
                                <a href="#">Ver Mulher</a>
                            </li>
                                <span class="shop-by-cat-text">Comprar por categor&iacute;as</span>
                            <li>
                                <a href="#">Pijamas e Interiores</a>
                            </li>
                            <li>
                                <a href="#">T-shirts, Blusas e Tops</a>
                            </li>
                            <li>
                                <a href="#">Calças, Saias e Calções</a>
                            </li>
                        </ul>
                    </li>
                            <li>
                                <a href="#">Homem</a>
                                    <span class="iconCategory arrow-mobile RD_Desplegar2"></span>
            
                        <ul class="grandchild-menu">
                            <li>
                                <div class="back-to-category">
                                    <button class="back responsivo responsivo-tablet"></button>
                                        <span>Homem</span>
                                </div>
                            </li>
                            <li class="go-to-category-child">
                                <a href="#">Ver Homem</a>
                            </li>
                                <span class="shop-by-cat-text">Comprar por categor&iacute;as</span>
                            <li>
                                <a href="#">Pijamas e Interiores</a>
                            </li>
                            <li>
                                <a href="#">Camisolas e Casacos</a>
                            </li>
                            <li>
                                <a href="#">T-shirts e Camisas</a>
                            </li>
                            <li>
                                <a href="#">Jeans, Calças e Calções</a>
                            </li>
                        </ul>
                    </li>
                            <li>
                                <a href="#">Calçado, Meias e Acessórios</a>
                                    <span class="iconCategory arrow-mobile RD_Desplegar2"></span>
            
                        <ul class="grandchild-menu">
                            <li>
                                <div class="back-to-category">
                                    <button class="back responsivo responsivo-tablet"></button>
                                        <span>Calçado, Meias e Acessórios</span>
                                </div>
                            </li>
                            <li class="go-to-category-child">
                                <a href="#">Ver Calçado, Meias e Acessórios</a>
                            </li>
                                <span class="shop-by-cat-text">Comprar por categor&iacute;as</span>
                        </ul>
                    </li>
            
                            <li>
                                <a href="#">Roupa de Desporto</a>
                                    <span class="iconCategory arrow-mobile RD_Desplegar2"></span>
            
                        <ul class="grandchild-menu">
                            <li>
                                <div class="back-to-category">
                                    <button class="back responsivo responsivo-tablet"></button>
                                        <span>Roupa de Desporto</span>
                                </div>
                            </li>
                            <li class="go-to-category-child">
                                <a href="#">Ver Roupa de Desporto</a>
                            </li>
                                <span class="shop-by-cat-text">Comprar por categor&iacute;as</span>
                            <li>
                                <a href="#">T-shirts e Tops</a>
                            </li>
                            <li>
                                <a href="#">Camisolas e Casacos</a>
                            </li>
                            <li>
                                <a href="#">Calções, Calças e Leggings</a>
                            </li>
                            <li>
                                <a href="#">Calçado, Meias e Acessórios</a>
                            </li>
                        </ul>
                    </li>
            
                            <li>
                                <a href="#">Fatos de Banho, Chinelos e Toalhas</a>
                                    <span class="iconCategory arrow-mobile RD_Desplegar2"></span>
            
                        <ul class="grandchild-menu">
                            <li>
                                <div class="back-to-category">
                                    <button class="back responsivo responsivo-tablet"></button>
                                        <span>Fatos de Banho, Chinelos e Toalhas</span>
                                </div>
                            </li>
                            <li class="go-to-category-child">
                                <a href="#">Ver Fatos de Banho, Chinelos e Toalhas</a>
                            </li>
                                <span class="shop-by-cat-text">Comprar por categor&iacute;as</span>
                        </ul>
                    </li>
            
                            <li>
                                <a href="#">Malas e Acessórios de Viagem</a>
                                    <span class="iconCategory arrow-mobile RD_Desplegar2"></span>
            
                        <ul class="grandchild-menu">
                            <li>
                                <div class="back-to-category">
                                    <button class="back responsivo responsivo-tablet"></button>
                                        <span>Malas e Acessórios de Viagem</span>
                                </div>
                            </li>
                            <li class="go-to-category-child">
                                <a href="#">Ver Malas e Acessórios de Viagem</a>
                            </li>
                                <span class="shop-by-cat-text">Comprar por categor&iacute;as</span>
                            <li>
                                <a href="#">Malas de Cabine</a>
                            </li>
                            <li>
                                <a href="#">Malas de Viagem Médias</a>
                            </li>
                            <li>
                                <a href="#">Malas de Viagem Grandes</a>
                            </li>
                            <li>
                                <a href="#">Mochilas</a>
                            </li>
                            <li>
                                <a href="#">Acessórios de Viagem</a>
                            </li>
                        </ul>
                    </li>
                </ul>
            </div>
            </li>
    
    
    </div>
    </div>
    </div>
    </header>
    
    
                    <script type="text/javascript" src='https://s3.dia.es/compra-online/wro/dia_lib1_js-c7e239f47e57ded8d7f817a14cf95abd.js'></script>
                    <script type="text/javascript" src='https://s0.dia.es/compra-online/wro/dia_custom1_js-ef56e90e7f5dfbb087e04d6d28dc9d78.js'></script>
                    <script type="text/javascript" src='https://s0.dia.es/compra-online/wro/dia_custom2_js-5200ba4e059a90b270cbbae470479a62.js'></script>
    
                    <script type="text/javascript" src='https://s3.dia.es/compra-online/wro/dia_custom3_js-f896ba5062b8d45e90936947d7373aea.js'></script>
                    <script type="text/javascript">
                            $(function() {
                                $("#prod_tabs").tabs({
                                    selected : 0
                                });
                            });
                        </script>
                    <script type="text/javascript" src='https://s0.dia.es/compra-online/wro/dia_custom4_js-e22c2ac653a0df9e8f56da44c3eb893c.js'></script>
            
                    <script type="text/javascript" src='https://s3.dia.es/compra-online/wro/dia_custom5_js-d8ba3a0ee218014859727a18f3252cb1.js'></script>
            
                    <script type="text/javascript" src='https://s0.dia.es/compra-online/wro/dia_custom_landing_express-55a68d3dd54ca18c4cd3e86a4cde6cf6.js'></script>
            
                    <script type="text/javascript" src='https://s3.dia.es/compra-online/wro/dia_addons_js-2445e5583cc637840e58b3cf743f3d3a.js'></script>
            
                <script type="text/javascript">
            
                var BrainSINSModel = { data: {}};
            
                BrainSINSModel.data.token = "BS-8625485410-1";
                BrainSINSModel.data.language = "52507";
                BrainSINSModel.data.userEmail = "";
                BrainSINSModel.data.productId = "";
                BrainSINSModel.data.totalAmount = "";
                BrainSINSModel.data.typePage = "home";
                BrainSINSModel.data.categories = "";
            
                var brainsinsAddButtonText = "Adicionar";
                var brainsinsUnavailableProductText = "Não disponível";
                var brainsinsSelectColorButtonText = "Escolha uma cor";
                var brainsinsRequestCartUrl = "#";
                var brainsinsSecuredRequestCartUrl = "#";
            
            </script>
            
            
            <script type="text/javascript" src="https://customers.dia.es/v1.js"></script>

        <!--Conteúdo Principal-->
        <div role="main" id="maincontent" data-private-area="false">
            <div class="container-margin search-results">
            <div class="row search-nav">
            <div class="col-12 search-results-breadcrumbs">
            <div class="row hidden-s-down">
            <div class="col category_breadcrumbs">
            <ul class="breadcrumbs" itemscope itemtype="http://schema.org/BreadcrumbList">
            <li class="breadcrumbs-item" itemprop="itemListElement" itemscope itemtype="http://schema.org/ListItem">
            <a href="../index.html" data-toggle="tooltip" data-placement="right" title="P&aacute;gina inicial" itemprop="item">
            <span itemprop="name" class="d-none">P&aacute;gina inicial</span>
            <span class="svg-wrapper svg-icon-home" style="width:12px; height:12px">
            <svg class='svg-inline icon-home' xmlns='http://www.w3.org/2000/svg' width='100%' height='100%' viewBox='0 0 12 12'><path fill='#989898' fill-rule='evenodd' d='M11.677 5.22l-.001-.001L6.78.324A1.097 1.097 0 0 0 5.999 0c-.295 0-.572.115-.78.324L.325 5.216l-.005.005a1.106 1.106 0 0 0 .769 1.884h.195v3.602c0 .713.58 1.293 1.293 1.293h1.915a.352.352 0 0 0 .352-.352V8.824a.59.59 0 0 1 .59-.59h1.13a.59.59 0 0 1 .59.59v2.824c0 .195.157.352.35.352h1.916c.713 0 1.293-.58 1.293-1.293V7.105h.18a1.106 1.106 0 0 0 .782-1.885zm-.498 1.064a.4.4 0 0 1-.284.118h-.533a.352.352 0 0 0-.351.351v3.954a.59.59 0 0 1-.59.59H7.857V8.824c0-.713-.58-1.293-1.293-1.293h-1.13c-.712 0-1.292.58-1.292 1.293v2.473H2.578a.59.59 0 0 1-.59-.59V6.753a.352.352 0 0 0-.351-.351h-.524L1.097 6.4a.402.402 0 0 1-.277-.685L5.717.82a.399.399 0 0 1 .567 0l4.894 4.893.002.003a.402.402 0 0 1 0 .567z' /></svg>
            </span>
            </a>
            <meta itemprop="position" content="1" />
            </li>
            <li class="breadcrumbs-item">
            <span class="svg-wrapper svg-icon-arrow-right-black" style="width:8px; height:8px">
            <svg class='svg-inline icon-arrow-right-black' xmlns='http://www.w3.org/2000/svg' viewBox='0 0 500 500' width='100%' height='100%'><path fill='#32312D' fill-rule='evenodd' d='M 278.93286,275.00926 61.923842,490.20009 c -13.752316,13.69965 -36.147142,13.69965 -49.962542,0 -13.8154,-13.69965 -13.8154,-35.90684 0,-49.54394 L 203.98905,250.23729 11.9613,59.818423 c -13.8154,-13.637094 -13.8154,-35.844287 0,-49.543936 13.8154,-13.6996492 36.210226,-13.6996492 49.962542,0 L 278.93286,225.46532 c 6.93925,6.8811 10.34578,15.82653 10.34578,24.77197 0,8.94543 -3.40653,17.95342 -10.34578,24.77197 z' /></svg>
            </span>
            </li>
            <li class="breadcrumbs-item breadcrumbs-item--last" itemprop="itemListElement" itemscope itemtype="http://schema.org/ListItem">
            <a class="ct-anchor breadcrumb-anchor" href="../padaria_pastelaria.html" title="Padaria e Pastelaria" itemprop="item">
            <span class="breadcrumb-fill" itemprop="name">
            Padaria e Pastelaria
            </span>
            </a>
            <meta itemprop="position" content="2.0" />
            </li>
            <li class="breadcrumbs-item">
            <span class="svg-wrapper svg-icon-arrow-right-black" style="width:8px; height:8px">
            <svg class='svg-inline icon-arrow-right-black' xmlns='http://www.w3.org/2000/svg' viewBox='0 0 500 500' width='100%' height='100%'><path fill='#32312D' fill-rule='evenodd' d='M 278.93286,275.00926 61.923842,490.20009 c -13.752316,13.69965 -36.147142,13.69965 -49.962542,0 -13.8154,-13.69965 -13.8154,-35.90684 0,-49.54394 L 203.98905,250.23729 11.9613,59.818423 c -13.8154,-13.637094 -13.8154,-35.844287 0,-49.543936 13.8154,-13.6996492 36.210226,-13.6996492 49.962542,0 L 278.93286,225.46532 c 6.93925,6.8811 10.34578,15.82653 10.34578,24.77197 0,8.94543 -3.40653,17.95342 -10.34578,24.77197 z' /></svg>
            </span>
            </li>
            <li class="breadcrumbs-item " itemprop="itemListElement" itemscope="" itemtype="http://schema.org/ListItem">
            <a class="ct-anchor breadcrumb-anchor" href="../Padaria/padaria.html" title="Padaria" itemprop="item">
            <span class="breadcrumb-fill" itemprop="name">
             Padaria
            </span>
            </a>
            <meta itemprop="position" content="3.0">
            </li>
            <li class="breadcrumbs-item">
            <span class="svg-wrapper svg-icon-arrow-right-black" style="width:8px; height:8px">
            <svg class="svg-inline icon-arrow-right-black" xmlns="http://www.w3.org/2000/svg" viewBox="0 0 500 500" width="100%" height="100%"><path fill="#32312D" fill-rule="evenodd" d="M 278.93286,275.00926 61.923842,490.20009 c -13.752316,13.69965 -36.147142,13.69965 -49.962542,0 -13.8154,-13.69965 -13.8154,-35.90684 0,-49.54394 L 203.98905,250.23729 11.9613,59.818423 c -13.8154,-13.637094 -13.8154,-35.844287 0,-49.543936 13.8154,-13.6996492 36.210226,-13.6996492 49.962542,0 L 278.93286,225.46532 c 6.93925,6.8811 10.34578,15.82653 10.34578,24.77197 0,8.94543 -3.40653,17.95342 -10.34578,24.77197 z"></path></svg>
            </span>
            </li>
            <li class="breadcrumbs-item breadcrumbs-item--last" itemprop="itemListElement" itemscope="" itemtype="http://schema.org/ListItem">
            <a class="ct-anchor breadcrumb-anchor" href="../Pão de Forma e Embalado/paodeforma.html" title="Pão do Dia e Broa" itemprop="item">
            <span class="breadcrumb-fill" itemprop="name">
            Pão de Forma e Embalado
            </span>
            </a>
            <meta itemprop="position" content="4.0">
            </li>
            </ul>
            </div>
            </div>
            </div>
            </div>

        <!--Categorias-->
        <div class="search-results-title d-flex" data-cgid="padaria-e-pastelaria-padaria-fresco">
            <button type="button" class="btn d-block d-sm-none js-toggle-search-back toggle-search-back" data-href="https://www.continente.pt/padaria-e-pastelaria/padaria/">
            <span class="svg-wrapper svg-icon-arrow-left-small" style="width:20px; height:20px">
            <svg class="svg-inline icon-arrow-left-small" xmlns="http://www.w3.org/2000/svg" width="100%" height="100%" viewBox="0 0 9 15"><path fill="#EB0203" fill-rule="evenodd" d="M.308 8.243l6.45 6.45a1.05 1.05 0 1 0 1.485-1.486L2.536 7.5l5.707-5.707A1.05 1.05 0 0 0 6.757.308l-6.45 6.45a1.047 1.047 0 0 0 0 1.485z"></path></svg>
            </span>
            </button>
            <h1 class="ct-h3">
            Pão de Forma e Embalado
            </h1>
            </div>

        <!--Banners-->
        <div class="category-banner-image-wrapper hidden-s-down">
            <picture>
            <source srcset="https://www.continente.pt/on/demandware.static/-/Sites-global-navigation-catalog/default/dwcffdb9d0/images/clp/header/padaria-pastelaria/pao-forma.jpg" media="(min-width: 1280px)">
            <source srcset="https://www.continente.pt/on/demandware.static/-/Sites-global-navigation-catalog/default/dwcffdb9d0/images/clp/header/padaria-pastelaria/pao-forma.jpg" media="(min-width: 768px)">
            <source srcset="https://www.continente.pt/on/demandware.static/-/Sites-global-navigation-catalog/default/dwcffdb9d0/images/clp/header/padaria-pastelaria/pao-forma.jpg" media="(min-width: 320px)">
            <img class="img-fluid" src="https://www.continente.pt/on/demandware.static/-/Sites-global-navigation-catalog/default/dwcffdb9d0/images/clp/header/padaria-pastelaria/pao-forma.jpg" alt="Pão de Forma e Embalado" title="Pão de Forma e Embalado">
            </picture>
            </div>
            <br>

        <!--Resultados de Pesquisa-->
        <div class="search-results-grid">
            <div class="refinement-bar">
            <div class="filter-header">
            <div class="refinement-header-bar d-md-none">
            <span class="ct-font--opensans-extrabold">
            Filtrar por
            </span>
            <span class="product-count pull-right">
            91 Produtos
            </span>
            <button class="pull-right refinement-close" data-toggle="tooltip" data-placement="right" title="" data-original-title="Voltar">
            <span class="svg-wrapper svg-icon-close" style="width:16px; height:16px">
            <svg class="svg-inline icon-close" xmlns="http://www.w3.org/2000/svg" viewBox="0 0 16 16" width="100%" height="100%"><path fill="#6F6F6F" fill-rule="evenodd" d="M14.897.19a.646.646 0 01.914.913L8.914 8l6.897 6.897c.227.227.25.581.068.834l-.068.08a.644.644 0 01-.914 0L8 8.914l-6.897 6.897a.643.643 0 01-.358.181L.646 16a.646.646 0 01-.457-1.103L7.086 8 .189 1.103A.646.646 0 01.121.27L.19.19a.646.646 0 01.914 0L8 7.086z"></path></svg>
            </span>
            </button>
            </div>
            </div>
            <span class="js-forth-level-categories" data-category-object="{
              &quot;action&quot;: &quot;Search-RetrieveCategories&quot;,
              &quot;queryString&quot;: &quot;cgid=padaria-e-pastelaria-padaria-forma&amp;level=3&quot;,
              &quot;locale&quot;: &quot;default&quot;,
              &quot;data&quot;: {},
              &quot;CurrentPageMetaData&quot;: {
                &quot;title&quot;: &quot;Sites-continente-Site&quot;,
                &quot;description&quot;: &quot;&quot;,
                &quot;keywords&quot;: &quot;&quot;,
                &quot;pageMetaTags&quot;: []
              }
            }"></span>
            <div class="refinements-container">
            <div class="refinements">
            <div class="collapsible-lg ct-border--radius active refinement refinement-category" data-refinement-type="category">
            <div class="col-sm-12">
            <button class="title refinement-title text-left btn-block ct-font--opensans-bold d-flex justify-content-between" aria-controls="refinement-categorias" aria-expanded="false">
            <span class="refinement-title-text">
            Categorias
            </span>
            <span class="refinement-closed">
            <span class="svg-wrapper svg-icon-arrow-down" style="width:15px; height:15px">
            <svg class="svg-inline icon-arrow-down" xmlns="http://www.w3.org/2000/svg" viewBox="0 0 12 13" width="100%" height="100%"><path fill="#EB0203" fill-rule="evenodd" d="M5.406 9.174l-5.16-5.16a.84.84 0 111.189-1.188L6 7.39l4.565-4.565a.84.84 0 011.189 1.188l-5.16 5.16a.837.837 0 01-1.188 0z"></path></svg>
            </span>
            </span>
            <span class="refinement-opened">
            <span class="svg-wrapper svg-icon-arrow-up" style="width:auto; height:auto">
            <svg class="svg-inline icon-arrow-up" xmlns="http://www.w3.org/2000/svg" viewBox="0 0 15 9" width="15" height="9"><path fill="#EB0203" fill-rule="evenodd" d="M6.757.532l-6.45 6.45a1.05 1.05 0 1 0 1.486 1.486L7.5 2.76l5.707 5.707a1.05 1.05 0 0 0 1.485-1.486L8.242.532a1.047 1.047 0 0 0-1.485 0z"></path></svg>
            </span>
            </span>
            </button>
            </div>
            <div class="content value refinement-content category-refinements-container" id="refinement-categorias">
            <div class="search-refinement-wrapper">
            <label class="visually-hidden" for="categoryRefinementSearch">
            Procurar por categorias
            </label>
            <input id="searchbar" type="text" title class="form-control ct-form-input search-refinement" name="searchbar" placeholder="Procurar por Categorias" data-filter="category"/>
            <span class="svg-wrapper svg-icon-search" style="width:20px; height:20px">
            <svg class="svg-inline icon-search" xmlns="http://www.w3.org/2000/svg" width="100%" height="100%" viewBox="0 0 20 20"><path fill="#EB0203" fill-rule="evenodd" d="M8.667 0a8.667 8.667 0 016.582 14.305l4.441 4.443.054.06a.666.666 0 11-.936.936.628.628 0 01-.06-.054l-4.443-4.441A8.667 8.667 0 118.667 0zm0 1.333a7.333 7.333 0 100 14.667 7.333 7.333 0 000-14.667z"></path></svg>
            </span>
            </div>
            <div class="js-category-refinements-wrapper category-refinement-wrapper">
            <ul class="values content row js-category-first-level category-first-level category-level-displayed d-none">
                            <li class="refinement-value  filter-selected w-100  selected">
                                <a class="category-refinement-btn has-dropdown active d-flex justify-content-between is-selected" href="https://www.continente.pt/padaria-e-pastelaria/" data-category-id="padaria-e-pastelaria" data-cgid="padaria-e-pastelaria">
                                    
                        <span title="Padaria e Pastelaria" class="ct-font--opensans-bold refine-link" aria-hidden="true" data-has-childs="true">
                            Padaria e Pastelaria<span class="hit-count"> (549)</span>
                        </span>
                    
                        <span class="ml-auto d-flex align-items-center hideProductFromCategory">
                            <span class="svg-wrapper svg-icon-arrow-down" style="width:12px; height:13px">
            <svg class="svg-inline icon-arrow-down" xmlns="http://www.w3.org/2000/svg" viewBox="0 0 12 13" width="100%" height="100%"><path fill="#EB0203" fill-rule="evenodd" d="M5.406 9.174l-5.16-5.16a.84.84 0 111.189-1.188L6 7.39l4.565-4.565a.84.84 0 011.189 1.188l-5.16 5.16a.837.837 0 01-1.188 0z"></path></svg>
            </span><span class="svg-wrapper svg-icon-arrow-up" style="width:auto; height:auto">
            <svg class="svg-inline icon-arrow-up" xmlns="http://www.w3.org/2000/svg" viewBox="0 0 15 9" width="15" height="9"><path fill="#EB0203" fill-rule="evenodd" d="M6.757.532l-6.45 6.45a1.05 1.05 0 1 0 1.486 1.486L7.5 2.76l5.707 5.707a1.05 1.05 0 0 0 1.485-1.486L8.242.532a1.047 1.047 0 0 0-1.485 0z"></path></svg>
            </span>
                        </span>
                    
                        <span class="sr-only selected-assistive-text">
                            Padaria e Pastelaria<span class="hit-count"> (549)</span>
                        </span>
                    
                                </a>
                                
                            
                        
                            </li>
                        
                        <li class="refinement-value w-100   hide-refinement category-refinement-element">
                            <a class="category-refinement-btn  " href="https://www.continente.pt/mercearia/" data-category-id="mercearias" data-cgid="mercearias">
                                
                        <span title="Mercearia" class="refine-link" aria-hidden="true" data-has-childs="false">
                            Mercearia<span class="hit-count"> (5124)</span>
                        </span>
                    
                        <span class="sr-only selected-assistive-text">
                            Mercearia<span class="hit-count"> (5124)</span>
                        </span>
                    
                            </a>
                        </li>
                    
                        <li class="refinement-value w-100   hide-refinement category-refinement-element">
                            <a class="category-refinement-btn  " href="https://www.continente.pt/bio-e-escolhas-alimentares/" data-category-id="biologicos" data-cgid="biologicos">
                                
                        <span title="Bio e Escolhas Alimentares" class="refine-link" aria-hidden="true" data-has-childs="false">
                            Bio e Escolhas Alimentares<span class="hit-count"> (2228)</span>
                        </span>
                    
                        <span class="sr-only selected-assistive-text">
                            Bio e Escolhas Alimentares<span class="hit-count"> (2228)</span>
                        </span>
                    
                            </a>
                        </li>
                    
                        <li class="refinement-value w-100   hide-refinement category-refinement-element">
                            <a class="category-refinement-btn  " href="https://www.continente.pt/laticinios-e-ovos/" data-category-id="laticinios" data-cgid="laticinios">
                                
                        <span title="Laticínios e Ovos" class="refine-link" aria-hidden="true" data-has-childs="false">
                            Laticínios e Ovos<span class="hit-count"> (943)</span>
                        </span>
                    
                        <span class="sr-only selected-assistive-text">
                            Laticínios e Ovos<span class="hit-count"> (943)</span>
                        </span>
                    
                            </a>
                        </li>
                    
                        <li class="refinement-value w-100   hide-refinement category-refinement-element">
                            <a class="category-refinement-btn  " href="https://www.continente.pt/peixaria-e-talho/" data-category-id="peixaria-e-talho" data-cgid="peixaria-e-talho">
                                
                        <span title="Peixaria e Talho" class="refine-link" aria-hidden="true" data-has-childs="false">
                            Peixaria e Talho<span class="hit-count"> (710)</span>
                        </span>
                    
                        <span class="sr-only selected-assistive-text">
                            Peixaria e Talho<span class="hit-count"> (710)</span>
                        </span>
                    
                            </a>
                        </li>
                    
                        <li class="refinement-value w-100 view-more-elem  hide-refinement category-refinement-element">
                            <a class="category-refinement-btn  " href="https://www.continente.pt/frutas-e-legumes/" data-category-id="frutas-legumes" data-cgid="frutas-legumes">
                                
                        <span title="Frutas e Legumes" class="refine-link" aria-hidden="true" data-has-childs="false">
                            Frutas e Legumes<span class="hit-count"> (616)</span>
                        </span>
                    
                        <span class="sr-only selected-assistive-text">
                            Frutas e Legumes<span class="hit-count"> (616)</span>
                        </span>
                    
                            </a>
                        </li>
                    
                        <li class="refinement-value w-100 view-more-elem  hide-refinement category-refinement-element">
                            <a class="category-refinement-btn  " href="https://www.continente.pt/charcutaria-e-queijos/" data-category-id="charcutaria-queijo" data-cgid="charcutaria-queijo">
                                
                        <span title="Charcutaria e Queijos" class="refine-link" aria-hidden="true" data-has-childs="false">
                            Charcutaria e Queijos<span class="hit-count"> (725)</span>
                        </span>
                    
                        <span class="sr-only selected-assistive-text">
                            Charcutaria e Queijos<span class="hit-count"> (725)</span>
                        </span>
                    
                            </a>
                        </li>
                    
                        <li class="refinement-value w-100 view-more-elem  hide-refinement category-refinement-element">
                            <a class="category-refinement-btn  " href="https://www.continente.pt/refeicoes-faceis/" data-category-id="refeicoes-faceis" data-cgid="refeicoes-faceis">
                                
                        <span title="Refeições Fáceis" class="refine-link" aria-hidden="true" data-has-childs="false">
                            Refeições Fáceis<span class="hit-count"> (698)</span>
                        </span>
                    
                        <span class="sr-only selected-assistive-text">
                            Refeições Fáceis<span class="hit-count"> (698)</span>
                        </span>
                    
                            </a>
                        </li>
                    
                        <li class="refinement-value w-100 view-more-elem  hide-refinement category-refinement-element">
                            <a class="category-refinement-btn  " href="https://www.continente.pt/congelados/" data-category-id="congelados" data-cgid="congelados">
                                
                        <span title="Congelados" class="refine-link" aria-hidden="true" data-has-childs="false">
                            Congelados<span class="hit-count"> (797)</span>
                        </span>
                    
                        <span class="sr-only selected-assistive-text">
                            Congelados<span class="hit-count"> (797)</span>
                        </span>
                    
                            </a>
                        </li>
                    
                        <li class="refinement-value w-100 view-more-elem  hide-refinement category-refinement-element">
                            <a class="category-refinement-btn  " href="https://www.continente.pt/bebidas-e-garrafeira/" data-category-id="bebidas" data-cgid="bebidas">
                                
                        <span title="Bebidas e Garrafeira" class="refine-link" aria-hidden="true" data-has-childs="false">
                            Bebidas e Garrafeira<span class="hit-count"> (2596)</span>
                        </span>
                    
                        <span class="sr-only selected-assistive-text">
                            Bebidas e Garrafeira<span class="hit-count"> (2596)</span>
                        </span>
                    
                            </a>
                        </li>
                    
                        <li class="refinement-value w-100 view-more-elem  hide-refinement category-refinement-element">
                            <a class="category-refinement-btn  " href="https://www.continente.pt/beleza-e-higiene/" data-category-id="higiene-beleza" data-cgid="higiene-beleza">
                                
                        <span title="Beleza e Higiene" class="refine-link" aria-hidden="true" data-has-childs="false">
                            Beleza e Higiene<span class="hit-count"> (4181)</span>
                        </span>
                    
                        <span class="sr-only selected-assistive-text">
                            Beleza e Higiene<span class="hit-count"> (4181)</span>
                        </span>
                    
                            </a>
                        </li>
                    
                        <li class="refinement-value w-100 view-more-elem  hide-refinement category-refinement-element">
                            <a class="category-refinement-btn  " href="https://www.continente.pt/bebe/" data-category-id="bebe" data-cgid="bebe">
                                
                        <span title="Bebé" class="refine-link" aria-hidden="true" data-has-childs="false">
                            Bebé<span class="hit-count"> (1395)</span>
                        </span>
                    
                        <span class="sr-only selected-assistive-text">
                            Bebé<span class="hit-count"> (1395)</span>
                        </span>
                    
                            </a>
                        </li>
                    
                        <li class="refinement-value w-100 view-more-elem  hide-refinement category-refinement-element">
                            <a class="category-refinement-btn  " href="https://www.continente.pt/limpeza/" data-category-id="limpeza" data-cgid="limpeza">
                                
                        <span title="Limpeza" class="refine-link" aria-hidden="true" data-has-childs="false">
                            Limpeza<span class="hit-count"> (1747)</span>
                        </span>
                    
                        <span class="sr-only selected-assistive-text">
                            Limpeza<span class="hit-count"> (1747)</span>
                        </span>
                    
                            </a>
                        </li>
                    
                        <li class="refinement-value w-100 view-more-elem  hide-refinement category-refinement-element">
                            <a class="category-refinement-btn  " href="https://www.continente.pt/casa-bricolage-e-jardim/" data-category-id="casa" data-cgid="casa">
                                
                        <span title="Casa, Bricolage e Jardim" class="refine-link" aria-hidden="true" data-has-childs="false">
                            Casa, Bricolage e Jardim<span class="hit-count"> (4728)</span>
                        </span>
                    
                        <span class="sr-only selected-assistive-text">
                            Casa, Bricolage e Jardim<span class="hit-count"> (4728)</span>
                        </span>
                    
                            </a>
                        </li>
                    
                        <li class="refinement-value w-100 view-more-elem  hide-refinement category-refinement-element">
                            <a class="category-refinement-btn  " href="https://www.continente.pt/animais-by-zu/" data-category-id="animais" data-cgid="animais">
                                
                        <span title="Animais by ZU" class="refine-link" aria-hidden="true" data-has-childs="false">
                            Animais by ZU<span class="hit-count"> (2711)</span>
                        </span>
                    
                        <span class="sr-only selected-assistive-text">
                            Animais by ZU<span class="hit-count"> (2711)</span>
                        </span>
                    
                            </a>
                        </li>
                    
                        <li class="refinement-value w-100 view-more-elem  hide-refinement category-refinement-element">
                            <a class="category-refinement-btn  " href="https://www.continente.pt/brinquedos-e-jogos/" data-category-id="brinquedos" data-cgid="brinquedos">
                                
                        <span title="Brinquedos e Jogos" class="refine-link" aria-hidden="true" data-has-childs="false">
                            Brinquedos e Jogos<span class="hit-count"> (3721)</span>
                        </span>
                    
                        <span class="sr-only selected-assistive-text">
                            Brinquedos e Jogos<span class="hit-count"> (3721)</span>
                        </span>
                    
                            </a>
                        </li>
                    
                        <li class="refinement-value w-100 view-more-elem  hide-refinement category-refinement-element">
                            <a class="category-refinement-btn  " href="https://www.continente.pt/livraria-e-papelaria/" data-category-id="livraria-papelaria" data-cgid="livraria-papelaria">
                                
                        <span title="Livraria e Papelaria" class="refine-link" aria-hidden="true" data-has-childs="false">
                            Livraria e Papelaria<span class="hit-count"> (5951)</span>
                        </span>
                    
                        <span class="sr-only selected-assistive-text">
                            Livraria e Papelaria<span class="hit-count"> (5951)</span>
                        </span>
                    
                            </a>
                        </li>
                    
                        <li class="refinement-value w-100 view-more-elem  hide-refinement category-refinement-element">
                            <a class="category-refinement-btn  " href="https://www.continente.pt/desporto-e-ar-livre/" data-category-id="desporto-ar-livre" data-cgid="desporto-ar-livre">
                                
                        <span title="Desporto e Ar Livre" class="refine-link" aria-hidden="true" data-has-childs="false">
                            Desporto e Ar Livre<span class="hit-count"> (163)</span>
                        </span>
                    
                        <span class="sr-only selected-assistive-text">
                            Desporto e Ar Livre<span class="hit-count"> (163)</span>
                        </span>
                    
                            </a>
                        </li>
                    
                        <li class="refinement-value w-100 view-more-elem  hide-refinement category-refinement-element">
                            <a class="category-refinement-btn  " href="https://www.continente.pt/roupa-calcado-bagagens/" data-category-id="vestuario-calcado" data-cgid="vestuario-calcado">
                                
                        <span title="Roupa, Calçado, Bagagens" class="refine-link" aria-hidden="true" data-has-childs="false">
                            Roupa, Calçado, Bagagens<span class="hit-count"> (263)</span>
                        </span>
                    
                        <span class="sr-only selected-assistive-text">
                            Roupa, Calçado, Bagagens<span class="hit-count"> (263)</span>
                        </span>
                    
                            </a>
                        </li>
                    
                    <li class="refinement-value w-100 category-refinement-element refinement-link show-more hide-refinement">
                        <a class="ct-anchor js-refinement-show-more refinement-show-more" data-label-view-more="Ver mais" data-label-view-less="Ver menos" href="#">
                            Ver mais
                        </a>
                    </li>
                </ul>
            <ul class="values content row js-category-second-level category-second-level category-level-displayed disableCategoryButton">
                                
                            <li class="refinement-value  filter-selected w-100  selected">
                                <a class="category-refinement-btn has-dropdown active d-flex justify-content-between is-selected" href="https://www.continente.pt/padaria-e-pastelaria/padaria/" data-category-id="padaria-e-pastelaria-padaria" data-cgid="padaria-e-pastelaria-padaria">
                                    
                        <span title="Padaria" class="ct-font--opensans-bold refine-link" aria-hidden="true" data-has-childs="true">
                            Padaria<span class="hit-count"> (224)</span>
                        </span>
                    
                        <span class="ml-auto d-flex align-items-center hideProductFromCategory">
                            <span class="svg-wrapper svg-icon-arrow-down" style="width:12px; height:13px">
            <svg class="svg-inline icon-arrow-down" xmlns="http://www.w3.org/2000/svg" viewBox="0 0 12 13" width="100%" height="100%"><path fill="#EB0203" fill-rule="evenodd" d="M5.406 9.174l-5.16-5.16a.84.84 0 111.189-1.188L6 7.39l4.565-4.565a.84.84 0 011.189 1.188l-5.16 5.16a.837.837 0 01-1.188 0z"></path></svg>
            </span><span class="svg-wrapper svg-icon-arrow-up" style="width:auto; height:auto">
            <svg class="svg-inline icon-arrow-up" xmlns="http://www.w3.org/2000/svg" viewBox="0 0 15 9" width="15" height="9"><path fill="#EB0203" fill-rule="evenodd" d="M6.757.532l-6.45 6.45a1.05 1.05 0 1 0 1.486 1.486L7.5 2.76l5.707 5.707a1.05 1.05 0 0 0 1.485-1.486L8.242.532a1.047 1.047 0 0 0-1.485 0z"></path></svg>
            </span>
                        </span>
                    
                        <span class="sr-only selected-assistive-text">
                            Padaria<span class="hit-count"> (224)</span>
                        </span>
                    
                                </a>
                                
                            
                        
                            </li>
                        
                        <li class="refinement-value w-100   hide-refinement category-refinement-element">
                            <a class="category-refinement-btn  " href="https://www.continente.pt/padaria-e-pastelaria/pastelaria/" data-category-id="padaria-e-pastelaria-pastelaria" data-cgid="padaria-e-pastelaria-pastelaria">
                                
                        <span title="Pastelaria" class="refine-link" aria-hidden="true" data-has-childs="false">
                            Pastelaria<span class="hit-count"> (302)</span>
                        </span>
                    
                        <span class="sr-only selected-assistive-text">
                            Pastelaria<span class="hit-count"> (302)</span>
                        </span>
                    
                            </a>
                        </li>
                    
                        <li class="refinement-value w-100   hide-refinement category-refinement-element">
                            <a class="category-refinement-btn  " href="https://www.continente.pt/padaria-e-pastelaria/massas-para-culinaria/" data-category-id="padaria-e-pastelaria-pastelaria-massas" data-cgid="padaria-e-pastelaria-pastelaria-massas">
                                
                        <span title="Massas para Culinária" class="refine-link" aria-hidden="true" data-has-childs="false">
                            Massas para Culinária<span class="hit-count"> (23)</span>
                        </span>
                    
                        <span class="sr-only selected-assistive-text">
                            Massas para Culinária<span class="hit-count"> (23)</span>
                        </span>
                    
                            </a>
                        </li>
                    
                            </ul>
            <ul class="values content row js-category-third-level category-third-level">
                                
                        <li class="refinement-value w-100    selected">
                            <a class="category-refinement-btn  is-selected" href="" data-category-id="padaria-e-pastelaria-padaria-forma" data-cgid="padaria-e-pastelaria-padaria">
                                
                        <span title="Pão de Forma e Embalado" class="ct-font--opensans-bold refine-link" aria-hidden="true" data-has-childs="false">
                            Pão de Forma e Embalado<span class="hit-count"> (91)</span>
                        </span>
                    
                        <span class="sr-only selected-assistive-text">
                            Pão de Forma e Embalado<span class="hit-count"> (91)</span>
                        </span>
                    
                            </a>
                        </li>
                    
                        <li class="refinement-value w-100    category-refinement-element">
                            <a class="category-refinement-btn  " href="https://www.continente.pt/padaria-e-pastelaria/padaria/pao-do-dia-e-broa/" data-category-id="padaria-e-pastelaria-padaria-fresco" data-cgid="padaria-e-pastelaria-padaria-fresco">
                                
                        <span title="Pão do Dia e Broa" class="refine-link" aria-hidden="true" data-has-childs="false">
                            Pão do Dia e Broa<span class="hit-count"> (54)</span>
                        </span>
                    
                        <span class="sr-only selected-assistive-text">
                            Pão do Dia e Broa<span class="hit-count"> (54)</span>
                        </span>
                    
                            </a>
                        </li>
                    
                        <li class="refinement-value w-100    category-refinement-element">
                            <a class="category-refinement-btn  " href="https://www.continente.pt/padaria-e-pastelaria/padaria/pao-de-hamburguer-cachorro-e-wraps/" data-category-id="padaria-e-pastelaria-padaria-hamburguer" data-cgid="padaria-e-pastelaria-padaria-hamburguer">
                                
                        <span title="Pão de Hambúrguer, Cachorro e Wraps" class="refine-link" aria-hidden="true" data-has-childs="false">
                            Pão de Hambúrguer, Cachorro e Wraps<span class="hit-count"> (30)</span>
                        </span>
                    
                        <span class="sr-only selected-assistive-text">
                            Pão de Hambúrguer, Cachorro e Wraps<span class="hit-count"> (30)</span>
                        </span>
                    
                            </a>
                        </li>
                    
                        <li class="refinement-value w-100    category-refinement-element">
                            <a class="category-refinement-btn  " href="https://www.continente.pt/padaria-e-pastelaria/padaria/tostas-gressinos-e-croutons/" data-category-id="padaria-e-pastelaria-padaria-tostas" data-cgid="padaria-e-pastelaria-padaria-tostas">
                                
                        <span title="Tostas, Gressinos e Croutons" class="refine-link" aria-hidden="true" data-has-childs="false">
                            Tostas, Gressinos e Croutons<span class="hit-count"> (51)</span>
                        </span>
                    
                        <span class="sr-only selected-assistive-text">
                            Tostas, Gressinos e Croutons<span class="hit-count"> (51)</span>
                        </span>
                    
                            </a>
                        </li>
                    
                            </ul>
            <ul class="values content row js-category-forth-level category-forth-level">
            </ul>
            </div>
            <div class="d-none">
            <span class="label-show-more">Ver mais</span>
            <span class="label-show-less">Ver menos</span>
            </div>
            </div>
            </div>
            <div class="collapsible-lg ct-border--radius active refinement refinement-food.producttype" data-refinement-type="food.ProductType">
            <div class="col-sm-12">
            <button class="title refinement-title text-left btn-block ct-font--opensans-bold d-flex justify-content-between" aria-controls="refinement-tipo-de-pão" aria-expanded="false">
            <span class="refinement-title-text">
            Tipo de Pão
            </span>
            <span class="refinement-closed">
            <span class="svg-wrapper svg-icon-arrow-down" style="width:15px; height:15px">
            <svg class="svg-inline icon-arrow-down" xmlns="http://www.w3.org/2000/svg" viewBox="0 0 12 13" width="100%" height="100%"><path fill="#EB0203" fill-rule="evenodd" d="M5.406 9.174l-5.16-5.16a.84.84 0 111.189-1.188L6 7.39l4.565-4.565a.84.84 0 011.189 1.188l-5.16 5.16a.837.837 0 01-1.188 0z"></path></svg>
            </span>
            </span>
            <span class="refinement-opened">
            <span class="svg-wrapper svg-icon-arrow-up" style="width:auto; height:auto">
            <svg class="svg-inline icon-arrow-up" xmlns="http://www.w3.org/2000/svg" viewBox="0 0 15 9" width="15" height="9"><path fill="#EB0203" fill-rule="evenodd" d="M6.757.532l-6.45 6.45a1.05 1.05 0 1 0 1.486 1.486L7.5 2.76l5.707 5.707a1.05 1.05 0 0 0 1.485-1.486L8.242.532a1.047 1.047 0 0 0-1.485 0z"></path></svg>
            </span>
            </span>
            </button>
            </div>
            <div class="content value refinement-content " id="refinement-tipo-de-pão">
            <ul class="values content row">
            <li class="refinement-value-block col-sm-6 col-md-12">
            <ul>
            <li class="refinement-value   ">
            <button data-href="/on/demandware.store/Sites-continente-Site/default/Search-ShowAjax?cgid=padaria-e-pastelaria-padaria-forma&amp;pmin=0%2e01&amp;prefn1=food%2eProductType&amp;prefv1=Com%20C%c3%b4dea" class="refinement-btn ">
            <div class="ct-form-checkbox">
            <input id="Com Côdea" type="checkbox" title="">
            <label class="ct-form-check-label" for="Com Côdea">
            Com Côdea <span class="hit-count">(26)</span>
            </label>
            <span class="checkmark"></span>
            </div>
            <span class="sr-only selected-assistive-text">
            Refine by Tipo de Pão: Com Côdea
            </span>
            </button>
            </li>
            <li class="refinement-value   ">
            <button data-href="/on/demandware.store/Sites-continente-Site/default/Search-ShowAjax?cgid=padaria-e-pastelaria-padaria-forma&amp;pmin=0%2e01&amp;prefn1=food%2eProductType&amp;prefv1=Sem%20C%c3%b4dea" class="refinement-btn ">
            <div class="ct-form-checkbox">
            <input id="Sem Côdea" type="checkbox" title="">
            <label class="ct-form-check-label" for="Sem Côdea">
            Sem Côdea <span class="hit-count">(6)</span>
            </label>
            <span class="checkmark"></span>
            </div>
            <span class="sr-only selected-assistive-text">
            Refine by Tipo de Pão: Sem Côdea
            </span>
            </button>
            </li>
            <li class="refinement-value   ">
            <button data-href="/on/demandware.store/Sites-continente-Site/default/Search-ShowAjax?cgid=padaria-e-pastelaria-padaria-forma&amp;pmin=0%2e01&amp;prefn1=food%2eProductType&amp;prefv1=Especial%20Torradas" class="refinement-btn ">
            <div class="ct-form-checkbox">
            <input id="Especial Torradas" type="checkbox" title="">
            <label class="ct-form-check-label" for="Especial Torradas">
            Especial Torradas <span class="hit-count">(6)</span>
            </label>
            <span class="checkmark"></span>
            </div>
            <span class="sr-only selected-assistive-text">
            Refine by Tipo de Pão: Especial Torradas
            </span>
            </button>
            </li>
            <li class="refinement-value   ">
            <button data-href="/on/demandware.store/Sites-continente-Site/default/Search-ShowAjax?cgid=padaria-e-pastelaria-padaria-forma&amp;pmin=0%2e01&amp;prefn1=food%2eProductType&amp;prefv1=Com%20Cereais" class="refinement-btn ">
            <div class="ct-form-checkbox">
            <input id="Com Cereais" type="checkbox" title="">
            <label class="ct-form-check-label" for="Com Cereais">
            Com Cereais <span class="hit-count">(22)</span>
            </label>
            <span class="checkmark"></span>
            </div>
            <span class="sr-only selected-assistive-text">
            Refine by Tipo de Pão: Com Cereais
            </span>
            </button>
            </li>
            <li class="refinement-value   ">
            <button data-href="/on/demandware.store/Sites-continente-Site/default/Search-ShowAjax?cgid=padaria-e-pastelaria-padaria-forma&amp;pmin=0%2e01&amp;prefn1=food%2eProductType&amp;prefv1=Integral" class="refinement-btn ">
            <div class="ct-form-checkbox">
            <input id="Integral" type="checkbox" title="">
            <label class="ct-form-check-label" for="Integral">
            Integral <span class="hit-count">(8)</span>
            </label>
            <span class="checkmark"></span>
            </div>
            <span class="sr-only selected-assistive-text">
            Refine by Tipo de Pão: Integral
            </span>
            </button>
            </li>
            </ul>
            </li>
            </ul>
            </div>
            </div>
            <div class="collapsible-lg ct-border--radius active refinement refinement-brand" data-refinement-type="brand">
            <div class="col-sm-12">
            <button class="title refinement-title text-left btn-block ct-font--opensans-bold d-flex justify-content-between" aria-controls="refinement-marcas" aria-expanded="false">
            <span class="refinement-title-text">
            Marcas
            </span>
            <span class="refinement-closed">
            <span class="svg-wrapper svg-icon-arrow-down" style="width:15px; height:15px">
            <svg class="svg-inline icon-arrow-down" xmlns="http://www.w3.org/2000/svg" viewBox="0 0 12 13" width="100%" height="100%"><path fill="#EB0203" fill-rule="evenodd" d="M5.406 9.174l-5.16-5.16a.84.84 0 111.189-1.188L6 7.39l4.565-4.565a.84.84 0 011.189 1.188l-5.16 5.16a.837.837 0 01-1.188 0z"></path></svg>
            </span>
            </span>
            <span class="refinement-opened">
            <span class="svg-wrapper svg-icon-arrow-up" style="width:auto; height:auto">
            <svg class="svg-inline icon-arrow-up" xmlns="http://www.w3.org/2000/svg" viewBox="0 0 15 9" width="15" height="9"><path fill="#EB0203" fill-rule="evenodd" d="M6.757.532l-6.45 6.45a1.05 1.05 0 1 0 1.486 1.486L7.5 2.76l5.707 5.707a1.05 1.05 0 0 0 1.485-1.486L8.242.532a1.047 1.047 0 0 0-1.485 0z"></path></svg>
            </span>
            </span>
            </button>
            </div>
            <div class="content value refinement-content " id="refinement-marcas">
            <ul class="values content row">
            <li class="search-refinement-value w-100 d-block">
            <div class="search-refinement-wrapper">
            <label class="visually-hidden" for="brandRefinementSearch">
            Procurar por marcas
            </label>
            <input id="searchbar" type="text" class="form-control ct-form-input search-refinement" name="searchbar" placeholder="Procurar por Marcas" data-filter="brand"/>
            <span class="svg-wrapper svg-icon-search" style="width:20px; height:20px">
            <svg class="svg-inline icon-search" xmlns="http://www.w3.org/2000/svg" width="100%" height="100%" viewBox="0 0 20 20"><path fill="#EB0203" fill-rule="evenodd" d="M8.667 0a8.667 8.667 0 016.582 14.305l4.441 4.443.054.06a.666.666 0 11-.936.936.628.628 0 01-.06-.054l-4.443-4.441A8.667 8.667 0 118.667 0zm0 1.333a7.333 7.333 0 100 14.667 7.333 7.333 0 000-14.667z"></path></svg>
            </span>
            </div>
            </li>
            <li class="refinement-value   ">
            <button data-href="/on/demandware.store/Sites-continente-Site/default/Search-ShowAjax?cgid=padaria-e-pastelaria-padaria-forma&amp;pmin=0%2e01&amp;prefn1=brand&amp;prefv1=Bimbo" class="refinement-btn ">
            <div class="ct-form-checkbox">
            <input id="Bimbo" type="checkbox" title="">
            <label class="ct-form-check-label" for="Bimbo">
            Bimbo <span class="hit-count">(18)</span>
            </label>
            <span class="checkmark"></span>
            </div>
            <span class="sr-only selected-assistive-text">
            Refine by Marcas: Bimbo
            </span>
            </button>
            </li>
            <li class="refinement-value   ">
            <button data-href="/on/demandware.store/Sites-continente-Site/default/Search-ShowAjax?cgid=padaria-e-pastelaria-padaria-forma&amp;pmin=0%2e01&amp;prefn1=brand&amp;prefv1=Bjorg" class="refinement-btn ">
            <div class="ct-form-checkbox">
            <input id="Bjorg" type="checkbox" title="">
            <label class="ct-form-check-label" for="Bjorg">
            Bjorg <span class="hit-count">(1)</span>
            </label>
            <span class="checkmark"></span>
            </div>
            <span class="sr-only selected-assistive-text">
            Refine by Marcas: Bjorg
            </span>
            </button>
            </li>
            <li class="refinement-value   ">
            <button data-href="/on/demandware.store/Sites-continente-Site/default/Search-ShowAjax?cgid=padaria-e-pastelaria-padaria-forma&amp;pmin=0%2e01&amp;prefn1=brand&amp;prefv1=Continente" class="refinement-btn ">
            <div class="ct-form-checkbox">
            <input id="Continente" type="checkbox" title="">
            <label class="ct-form-check-label" for="Continente">
            Continente <span class="hit-count">(11)</span>
            </label>
            <span class="checkmark"></span>
            </div>
            <span class="sr-only selected-assistive-text">
            Refine by Marcas: Continente
            </span>
            </button>
            </li>
            <li class="refinement-value   ">
            <button data-href="/on/demandware.store/Sites-continente-Site/default/Search-ShowAjax?cgid=padaria-e-pastelaria-padaria-forma&amp;pmin=0%2e01&amp;prefn1=brand&amp;prefv1=Do%20Forno" class="refinement-btn ">
            <div class="ct-form-checkbox">
            <input id="Do Forno" type="checkbox" title="">
            <label class="ct-form-check-label" for="Do Forno">
            Do Forno <span class="hit-count">(3)</span>
            </label>
            <span class="checkmark"></span>
            </div>
            <span class="sr-only selected-assistive-text">
            Refine by Marcas: Do Forno
            </span>
            </button>
            </li>
            <li class="refinement-value   ">
            <button data-href="/on/demandware.store/Sites-continente-Site/default/Search-ShowAjax?cgid=padaria-e-pastelaria-padaria-forma&amp;pmin=0%2e01&amp;prefn1=brand&amp;prefv1=Galicia" class="refinement-btn ">
            <div class="ct-form-checkbox">
            <input id="Galicia" type="checkbox" title="">
            <label class="ct-form-check-label" for="Galicia">
            Galicia <span class="hit-count">(1)</span>
            </label>
            <span class="checkmark"></span>
            </div>
            <span class="sr-only selected-assistive-text">
            Refine by Marcas: Galicia
            </span>
            </button>
            </li>
            <li class="refinement-value hide-refinement  ">
            <button data-href="/on/demandware.store/Sites-continente-Site/default/Search-ShowAjax?cgid=padaria-e-pastelaria-padaria-forma&amp;pmin=0%2e01&amp;prefn1=brand&amp;prefv1=Garcia" class="refinement-btn ">
            <div class="ct-form-checkbox">
            <input id="Garcia" type="checkbox" title="">
            <label class="ct-form-check-label" for="Garcia">
            Garcia <span class="hit-count">(3)</span>
            </label>
            <span class="checkmark"></span>
            </div>
            <span class="sr-only selected-assistive-text">
            Refine by Marcas: Garcia
            </span>
            </button>
            </li>
            <li class="refinement-value hide-refinement  ">
            <button data-href="/on/demandware.store/Sites-continente-Site/default/Search-ShowAjax?cgid=padaria-e-pastelaria-padaria-forma&amp;pmin=0%2e01&amp;prefn1=brand&amp;prefv1=Mestemacher" class="refinement-btn ">
            <div class="ct-form-checkbox">
            <input id="Mestemacher" type="checkbox" title="">
            <label class="ct-form-check-label" for="Mestemacher">
            Mestemacher <span class="hit-count">(8)</span>
            </label>
            <span class="checkmark"></span>
            </div>
            <span class="sr-only selected-assistive-text">
            Refine by Marcas: Mestemacher
            </span>
            </button>
            </li>
            <li class="refinement-value hide-refinement  ">
            <button data-href="/on/demandware.store/Sites-continente-Site/default/Search-ShowAjax?cgid=padaria-e-pastelaria-padaria-forma&amp;pmin=0%2e01&amp;prefn1=brand&amp;prefv1=Museu%20do%20P%c3%a3o" class="refinement-btn ">
            <div class="ct-form-checkbox">
            <input id="Museu do Pão" type="checkbox" title="">
            <label class="ct-form-check-label" for="Museu do Pão">
            Museu do Pão <span class="hit-count">(7)</span>
            </label>
            <span class="checkmark"></span>
            </div>
            <span class="sr-only selected-assistive-text">
            Refine by Marcas: Museu do Pão
            </span>
            </button>
            </li>
            <li class="refinement-value hide-refinement  ">
            <button data-href="/on/demandware.store/Sites-continente-Site/default/Search-ShowAjax?cgid=padaria-e-pastelaria-padaria-forma&amp;pmin=0%2e01&amp;prefn1=brand&amp;prefv1=Nutrifree" class="refinement-btn ">
            <div class="ct-form-checkbox">
            <input id="Nutrifree" type="checkbox" title="">
            <label class="ct-form-check-label" for="Nutrifree">
            Nutrifree <span class="hit-count">(3)</span>
            </label>
            <span class="checkmark"></span>
            </div>
            <span class="sr-only selected-assistive-text">
            Refine by Marcas: Nutrifree
            </span>
            </button>
            </li>
            <li class="refinement-value hide-refinement  ">
            <button data-href="/on/demandware.store/Sites-continente-Site/default/Search-ShowAjax?cgid=padaria-e-pastelaria-padaria-forma&amp;pmin=0%2e01&amp;prefn1=brand&amp;prefv1=Oroweat" class="refinement-btn ">
            <div class="ct-form-checkbox">
            <input id="Oroweat" type="checkbox" title="">
            <label class="ct-form-check-label" for="Oroweat">
            Oroweat <span class="hit-count">(5)</span>
            </label>
            <span class="checkmark"></span>
            </div>
            <span class="sr-only selected-assistive-text">
            Refine by Marcas: Oroweat
            </span>
            </button>
            </li>
            <li class="refinement-value hide-refinement  ">
            <button data-href="/on/demandware.store/Sites-continente-Site/default/Search-ShowAjax?cgid=padaria-e-pastelaria-padaria-forma&amp;pmin=0%2e01&amp;prefn1=brand&amp;prefv1=Pachamama" class="refinement-btn ">
            <div class="ct-form-checkbox">
            <input id="Pachamama" type="checkbox" title="">
            <label class="ct-form-check-label" for="Pachamama">
            Pachamama <span class="hit-count">(2)</span>
            </label>
            <span class="checkmark"></span>
            </div>
            <span class="sr-only selected-assistive-text">
            Refine by Marcas: Pachamama
            </span>
            </button>
            </li>
            <li class="refinement-value hide-refinement  ">
            <button data-href="/on/demandware.store/Sites-continente-Site/default/Search-ShowAjax?cgid=padaria-e-pastelaria-padaria-forma&amp;pmin=0%2e01&amp;prefn1=brand&amp;prefv1=Panrico" class="refinement-btn ">
            <div class="ct-form-checkbox">
            <input id="Panrico" type="checkbox" title="">
            <label class="ct-form-check-label" for="Panrico">
            Panrico <span class="hit-count">(14)</span>
            </label>
            <span class="checkmark"></span>
            </div>
            <span class="sr-only selected-assistive-text">
            Refine by Marcas: Panrico
            </span>
            </button>
            </li>
            <li class="refinement-value hide-refinement  ">
            <button data-href="/on/demandware.store/Sites-continente-Site/default/Search-ShowAjax?cgid=padaria-e-pastelaria-padaria-forma&amp;pmin=0%2e01&amp;prefn1=brand&amp;prefv1=Pema" class="refinement-btn ">
            <div class="ct-form-checkbox">
            <input id="Pema" type="checkbox" title="">
            <label class="ct-form-check-label" for="Pema">
            Pema <span class="hit-count">(1)</span>
            </label>
            <span class="checkmark"></span>
            </div>
            <span class="sr-only selected-assistive-text">
            Refine by Marcas: Pema
            </span>
            </button>
            </li>
            <li class="refinement-value hide-refinement  ">
            <button data-href="/on/demandware.store/Sites-continente-Site/default/Search-ShowAjax?cgid=padaria-e-pastelaria-padaria-forma&amp;pmin=0%2e01&amp;prefn1=brand&amp;prefv1=Roberto" class="refinement-btn ">
            <div class="ct-form-checkbox">
            <input id="Roberto" type="checkbox" title="">
            <label class="ct-form-check-label" for="Roberto">
            Roberto <span class="hit-count">(2)</span>
            </label>
            <span class="checkmark"></span>
            </div>
            <span class="sr-only selected-assistive-text">
            Refine by Marcas: Roberto
            </span>
            </button>
            </li>
            <li class="refinement-value hide-refinement  ">
            <button data-href="/on/demandware.store/Sites-continente-Site/default/Search-ShowAjax?cgid=padaria-e-pastelaria-padaria-forma&amp;pmin=0%2e01&amp;prefn1=brand&amp;prefv1=Sch%c3%a4r" class="refinement-btn ">
            <div class="ct-form-checkbox">
            <input id="Schär" type="checkbox" title="">
            <label class="ct-form-check-label" for="Schär">
            Schär <span class="hit-count">(5)</span>
            </label>
            <span class="checkmark"></span>
            </div>
            <span class="sr-only selected-assistive-text">
            Refine by Marcas: Schär
            </span>
            </button>
            </li>
            <li class="refinement-value hide-refinement  ">
            <button data-href="/on/demandware.store/Sites-continente-Site/default/Search-ShowAjax?cgid=padaria-e-pastelaria-padaria-forma&amp;pmin=0%2e01&amp;prefn1=brand&amp;prefv1=Schnitzer" class="refinement-btn ">
            <div class="ct-form-checkbox">
            <input id="Schnitzer" type="checkbox" title="">
            <label class="ct-form-check-label" for="Schnitzer">
            Schnitzer <span class="hit-count">(3)</span>
            </label>
            <span class="checkmark"></span>
            </div>
            <span class="sr-only selected-assistive-text">
            Refine by Marcas: Schnitzer
            </span>
            </button>
            </li>
            <li class="refinement-value hide-refinement  ">
            <button data-href="/on/demandware.store/Sites-continente-Site/default/Search-ShowAjax?cgid=padaria-e-pastelaria-padaria-forma&amp;pmin=0%2e01&amp;prefn1=brand&amp;prefv1=The%20Rustik%20Bakery" class="refinement-btn ">
            <div class="ct-form-checkbox">
            <input id="The Rustik Bakery" type="checkbox" title="">
            <label class="ct-form-check-label" for="The Rustik Bakery">
            The Rustik Bakery <span class="hit-count">(4)</span>
            </label>
            <span class="checkmark"></span>
            </div>
            <span class="sr-only selected-assistive-text">
            Refine by Marcas: The Rustik Bakery
            </span>
            </button>
            </li>
            <li class="col-12 refinement-value refinement-link">
            <a class="ct-anchor refinement-show-more" href="#">
            Ver mais
            </a>
            </li>
            <li class="col-12 refinement-value refinement-link">
            <a class="ct-anchor refinement-show-less hide-refinement" href="#">
            Ver menos
            </a>
            </li>
            </ul>
            </div>
            </div>
            <div class="collapsible-lg ct-border--radius active refinement refinement-ispromo" data-refinement-type="isPromo">
            <div class="col-sm-12">
            <button class="title refinement-title text-left btn-block ct-font--opensans-bold d-flex justify-content-between" aria-controls="refinement-poupança" aria-expanded="false">
            <span class="refinement-title-text">
            Poupança
            </span>
            <span class="refinement-closed">
            <span class="svg-wrapper svg-icon-arrow-down" style="width:15px; height:15px">
            <svg class="svg-inline icon-arrow-down" xmlns="http://www.w3.org/2000/svg" viewBox="0 0 12 13" width="100%" height="100%"><path fill="#EB0203" fill-rule="evenodd" d="M5.406 9.174l-5.16-5.16a.84.84 0 111.189-1.188L6 7.39l4.565-4.565a.84.84 0 011.189 1.188l-5.16 5.16a.837.837 0 01-1.188 0z"></path></svg>
            </span>
            </span>
            <span class="refinement-opened">
            <span class="svg-wrapper svg-icon-arrow-up" style="width:auto; height:auto">
            <svg class="svg-inline icon-arrow-up" xmlns="http://www.w3.org/2000/svg" viewBox="0 0 15 9" width="15" height="9"><path fill="#EB0203" fill-rule="evenodd" d="M6.757.532l-6.45 6.45a1.05 1.05 0 1 0 1.486 1.486L7.5 2.76l5.707 5.707a1.05 1.05 0 0 0 1.485-1.486L8.242.532a1.047 1.047 0 0 0-1.485 0z"></path></svg>
            </span>
            </span>
            </button>
            </div>
            <div class="content value refinement-content " id="refinement-poupança">
            <ul class="values content row">
            <li class="refinement-value-block col-sm-6 col-md-12">
            <ul>
            <li class="refinement-value   ">
            <button data-href="/on/demandware.store/Sites-continente-Site/default/Search-ShowAjax?cgid=padaria-e-pastelaria-padaria-forma&amp;pmin=0%2e01&amp;prefn1=isPromo&amp;prefv1=true" class="refinement-btn ">
            <div class="ct-form-checkbox">
            <input id="Com Desconto/Poupança" type="checkbox" title="">
            <label class="ct-form-check-label" for="Com Desconto/Poupança">
            Com Desconto/Poupança
            </label>
            <span class="checkmark"></span>
            </div>
            <span class="sr-only selected-assistive-text">
            Refine by Poupança: Com Desconto/Poupança
            </span>
            </button>
            </li>
            </ul>
            </li>
            </ul>
            </div>
            </div>
            <div class="collapsible-lg ct-border--radius active refinement refinement-price" data-refinement-type="price">
            <div class="col-sm-12">
            <button class="title refinement-title text-left btn-block ct-font--opensans-bold d-flex justify-content-between" aria-controls="refinement-preço" aria-expanded="false">
            <span class="refinement-title-text">
            Preço
            </span>
            <span class="refinement-closed">
            <span class="svg-wrapper svg-icon-arrow-down" style="width:15px; height:15px">
            <svg class="svg-inline icon-arrow-down" xmlns="http://www.w3.org/2000/svg" viewBox="0 0 12 13" width="100%" height="100%"><path fill="#EB0203" fill-rule="evenodd" d="M5.406 9.174l-5.16-5.16a.84.84 0 111.189-1.188L6 7.39l4.565-4.565a.84.84 0 011.189 1.188l-5.16 5.16a.837.837 0 01-1.188 0z"></path></svg>
            </span>
            </span>
            <span class="refinement-opened">
            <span class="svg-wrapper svg-icon-arrow-up" style="width:auto; height:auto">
            <svg class="svg-inline icon-arrow-up" xmlns="http://www.w3.org/2000/svg" viewBox="0 0 15 9" width="15" height="9"><path fill="#EB0203" fill-rule="evenodd" d="M6.757.532l-6.45 6.45a1.05 1.05 0 1 0 1.486 1.486L7.5 2.76l5.707 5.707a1.05 1.05 0 0 0 1.485-1.486L8.242.532a1.047 1.047 0 0 0-1.485 0z"></path></svg>
            </span>
            </span>
            </button>
            </div>
            <div class="content value refinement-content " id="refinement-preço">
            <ul class="values content row">
            <li class="refinement-value-block col-sm-6 col-md-12">
            <ul>
            <li class="refinement-value ">
            <button class="refinement-btn" data-href="/on/demandware.store/Sites-continente-Site/default/Search-ShowAjax?cgid=padaria-e-pastelaria-padaria-forma&amp;pmin=0%2e00&amp;pmax=1%2e00">
            <div class="ct-form-radio ct-form-radio--secondary">
            <input id="€0 - €0,99" type="radio" title="">
            <label class="ct-form-check-label" for="€0 - €0,99">
            €0 - €0,99
            </label>
            <span class="checkmark"></span>
            </div>
            <span class="sr-only selected-assistive-text">
            Refine by Preço: €0 - €0,99
            </span>
            </button>
            </li>
            <li class="refinement-value ">
            <button class="refinement-btn" data-href="/on/demandware.store/Sites-continente-Site/default/Search-ShowAjax?cgid=padaria-e-pastelaria-padaria-forma&amp;pmin=1%2e00&amp;pmax=2%2e00">
            <div class="ct-form-radio ct-form-radio--secondary">
            <input id="€1 - €1,99" type="radio" title="">
            <label class="ct-form-check-label" for="€1 - €1,99">
            €1 - €1,99
            </label>
            <span class="checkmark"></span>
            </div>
            <span class="sr-only selected-assistive-text">
            Refine by Preço: €1 - €1,99
            </span>
            </button>
            </li>
            <li class="refinement-value ">
            <button class="refinement-btn" data-href="/on/demandware.store/Sites-continente-Site/default/Search-ShowAjax?cgid=padaria-e-pastelaria-padaria-forma&amp;pmin=2%2e00&amp;pmax=3%2e00">
            <div class="ct-form-radio ct-form-radio--secondary">
            <input id="€2 - €2,99" type="radio" title="">
            <label class="ct-form-check-label" for="€2 - €2,99">
            €2 - €2,99
            </label>
            <span class="checkmark"></span>
            </div>
            <span class="sr-only selected-assistive-text">
            Refine by Preço: €2 - €2,99
            </span>
            </button>
            </li>
            <li class="refinement-value ">
            <button class="refinement-btn" data-href="/on/demandware.store/Sites-continente-Site/default/Search-ShowAjax?cgid=padaria-e-pastelaria-padaria-forma&amp;pmin=3%2e00&amp;pmax=5%2e00">
            <div class="ct-form-radio ct-form-radio--secondary">
            <input id="€3 - €4,99" type="radio" title="">
            <label class="ct-form-check-label" for="€3 - €4,99">
            €3 - €4,99
            </label>
            <span class="checkmark"></span>
            </div>
            <span class="sr-only selected-assistive-text">
            Refine by Preço: €3 - €4,99
            </span>
            </button>
            </li>
            <li class="refinement-value ">
            <button class="refinement-btn" data-href="/on/demandware.store/Sites-continente-Site/default/Search-ShowAjax?cgid=padaria-e-pastelaria-padaria-forma&amp;pmin=5%2e00&amp;pmax=100%2e00">
            <div class="ct-form-radio ct-form-radio--secondary">
            <input id="+ €5" type="radio" title="">
            <label class="ct-form-check-label" for="+ €5">
            + €5
            </label>
            <span class="checkmark"></span>
            </div>
            <span class="sr-only selected-assistive-text">
            Refine by Preço: + €5
            </span>
            </button>
            </li>
            </ul>
            </li>
            </ul>
            </div>
            </div>
            <div class="collapsible-lg ct-border--radius active refinement refinement-food.glutenfree" data-refinement-type="food.GlutenFree">
            <div class="col-sm-12">
            <button class="title refinement-title text-left btn-block ct-font--opensans-bold d-flex justify-content-between" aria-controls="refinement-sem-glúten" aria-expanded="false">
            <span class="refinement-title-text">
            Sem Glúten
            </span>
            <span class="refinement-closed">
            <span class="svg-wrapper svg-icon-arrow-down" style="width:15px; height:15px">
            <svg class="svg-inline icon-arrow-down" xmlns="http://www.w3.org/2000/svg" viewBox="0 0 12 13" width="100%" height="100%"><path fill="#EB0203" fill-rule="evenodd" d="M5.406 9.174l-5.16-5.16a.84.84 0 111.189-1.188L6 7.39l4.565-4.565a.84.84 0 011.189 1.188l-5.16 5.16a.837.837 0 01-1.188 0z"></path></svg>
            </span>
            </span>
            <span class="refinement-opened">
            <span class="svg-wrapper svg-icon-arrow-up" style="width:auto; height:auto">
            <svg class="svg-inline icon-arrow-up" xmlns="http://www.w3.org/2000/svg" viewBox="0 0 15 9" width="15" height="9"><path fill="#EB0203" fill-rule="evenodd" d="M6.757.532l-6.45 6.45a1.05 1.05 0 1 0 1.486 1.486L7.5 2.76l5.707 5.707a1.05 1.05 0 0 0 1.485-1.486L8.242.532a1.047 1.047 0 0 0-1.485 0z"></path></svg>
            </span>
            </span>
            </button>
            </div>
            <div class="content value refinement-content " id="refinement-sem-glúten">
            
            <ul class="values content row">
            <li class="refinement-value-block col-sm-6 col-md-12">
            <ul>
            <li class="refinement-value   ">
            <button data-href="/on/demandware.store/Sites-continente-Site/default/Search-ShowAjax?cgid=padaria-e-pastelaria-padaria-forma&amp;pmin=0%2e01&amp;prefn1=food%2eGlutenFree&amp;prefv1=Produto%20Sem%20Gl%c3%baten" class="refinement-btn ">
            <div class="ct-form-checkbox">
            <input id="Produto Sem Glúten" type="checkbox" title="">
            <label class="ct-form-check-label" for="Produto Sem Glúten">
            Produto Sem Glúten <span class="hit-count">(15)</span>
            </label>
            <span class="checkmark"></span>
            </div>
            <span class="sr-only selected-assistive-text">
            Refine by Sem Glúten: Produto Sem Glúten
            </span>
            </button>
            </li>
            </ul>
            </li>
            </ul>
            </div>
            </div>
            </div>
            </div>
            <div class="search-results-left-advertising-banner d-none d-md-block custom-advertising-pushed">
            <div id="col-search-left-advertising-banners">
            <div class="ad-content ct-mb--30 d-none" data-gtm-banner-prefix="category" style="">
            <div id="ad-clp-filter-first" class="gpt-contents text-center" data-unitpath="/21868577187/OSF_CPL_SideFirst_Padaria" data-size="[[200, 200],[[[1024,540],[200,200]],[[768,500],[200,200]],[[320,240],[200,200]]]]" data-google-query-id="CMPYobqAkvsCFQdTpAQdwXEBsw">
            <div id="google_ads_iframe_/21868577187/OSF_CPL_SideFirst_Padaria_0__container__" style="border: 0pt none; width: 200px; height: 0px;"></div></div>
            </div>
            <div class="ad-content d-none" data-gtm-banner-prefix="category" style="">
            <div id="ad-clp-filter-second" class="gpt-contents text-center" data-unitpath="/21868577187/OSF_CPL_SideSecond_Padaria" data-size="[[200, 200],[[[1024, 540],[200,200]],[[768,500],[200,200]],[[320,240],[200,200]]]]" data-google-query-id="CO-OorqAkvsCFemcJwId8JwCSw">
            <div id="google_ads_iframe_/21868577187/OSF_CPL_SideSecond_Padaria_0__container__" style="border: 0pt none; width: 200px; height: 0px;"></div></div>
            </div>
            </div>
            </div>
            </div>
            <div class="results-section">
            
            <div class="row product-grid-header ct-border--radius mx-0">
            <div class="col-auto product-grid-filter-btn text-right d-md-none">
            <button type="button" class="btn pull-left text-left filter-results col-12 pl-0">
            <span class="ct-font--opensans-bold">
            Filtrar
            </span>
            <span class="symbol-colon">
            :
            </span>
            <span class="svg-wrapper svg-icon-filter" style="width:17px; height:16px">
            <svg class="svg-inline icon-filter" xmlns="http://www.w3.org/2000/svg" width="100%" height="100%" viewBox="0 0 17 16"><g fill="none" fill-rule="evenodd"><rect width="17" height="1" y="2" fill="#EB0203" rx=".5"></rect><rect width="17" height="1" y="8" fill="#EB0203" rx=".5"></rect><rect width="17" height="1" y="14" fill="#EB0203" rx=".5"></rect><path fill="#FFF" fill-rule="nonzero" stroke="#EB0203" d="M3.5 14.5a.997.997 0 0 1 1.707-.707.997.997 0 0 1 0 1.414.997.997 0 0 1-1.414 0A.997.997 0 0 1 3.5 14.5zM3.5 2.5a.997.997 0 0 1 1.707-.707.997.997 0 0 1 0 1.414.997.997 0 0 1-1.414 0A.997.997 0 0 1 3.5 2.5zM10.5 8.5a.997.997 0 0 1 1.707-.707.997.997 0 0 1 0 1.414.997.997 0 0 1-1.414 0A.997.997 0 0 1 10.5 8.5z"></path></g></svg>
            </span>
            <div class="filters-count-wrapper d-none justify-content-center align-items-center">
            <span class="filters-count"></span>
            </div>
            </button>
            </div>
            <div class="col-12 col-sm-auto col-md-8 product-grid-applied-filters d-none d-sm-flex align-items-center">
            <div class="filter-bar">
            </div>
            </div>
            <div class="ml-auto">
            <ul class="overflow-filters-reset d-none d-sm-flex align-items-center h-100">
            </ul>
            </div>
            <div class="col-7 col-sm-3 col-md-4 product-grid-sort">
            <div class="ct-select-wrapper">
            <label class="visually-hidden--sm-down" for="sort-order">Ordenar por</label>
            <select name="sort-order" id="sort-order" class="ct-custom-select" aria-label="Sort By">
            <option class="search-relevance" value="https://www.continente.pt/on/demandware.store/Sites-continente-Site/default/Search-UpdateGrid?cgid=padaria-e-pastelaria-padaria-forma&amp;pmin=0.01&amp;srule=Continente&amp;start=0&amp;sz=36" data-id="search-relevance">
            Relevância
            </option>
            <option class="price-low-to-high" value="https://www.continente.pt/on/demandware.store/Sites-continente-Site/default/Search-UpdateGrid?cgid=padaria-e-pastelaria-padaria-forma&amp;pmin=0.01&amp;srule=price-low-to-high&amp;start=0&amp;sz=36" data-id="price-low-to-high">
            Preço (menor)
            </option>
            <option class="price-high-to-low" value="https://www.continente.pt/on/demandware.store/Sites-continente-Site/default/Search-UpdateGrid?cgid=padaria-e-pastelaria-padaria-forma&amp;pmin=0.01&amp;srule=price-high-to-low&amp;start=0&amp;sz=36" data-id="price-high-to-low">
            Preço (maior)
            </option>
            <option class="price-per-capacity" value="https://www.continente.pt/on/demandware.store/Sites-continente-Site/default/Search-UpdateGrid?cgid=padaria-e-pastelaria-padaria-forma&amp;pmin=0.01&amp;srule=price-per-capacity&amp;start=0&amp;sz=36" data-id="price-per-capacity">
            Preço/capacidade
            </option>
            <option class="product-name-ascending" value="https://www.continente.pt/on/demandware.store/Sites-continente-Site/default/Search-UpdateGrid?cgid=padaria-e-pastelaria-padaria-forma&amp;pmin=0.01&amp;srule=product-name-ascending&amp;start=0&amp;sz=36" data-id="product-name-ascending">
            Nome (A a Z)
            </option>
            <option class="product-name-descending" value="https://www.continente.pt/on/demandware.store/Sites-continente-Site/default/Search-UpdateGrid?cgid=padaria-e-pastelaria-padaria-forma&amp;pmin=0.01&amp;srule=product-name-descending&amp;start=0&amp;sz=36" data-id="product-name-descending">
            Nome (Z a A)
            </option>
            </select>
            <i aria-hidden="true" class="search-arrow">
            <span class="svg-wrapper svg-icon-arrow-down" style="width:12px; height:13px">
            <svg class="svg-inline icon-arrow-down" xmlns="http://www.w3.org/2000/svg" viewBox="0 0 12 13" width="100%" height="100%"><path fill="#EB0203" fill-rule="evenodd" d="M5.406 9.174l-5.16-5.16a.84.84 0 111.189-1.188L6 7.39l4.565-4.565a.84.84 0 011.189 1.188l-5.16 5.16a.837.837 0 01-1.188 0z"></path></svg>
            </span>
            </i>
            </div>
            </div>
            <div class="col-12 js-product-filter-no-results product-filter-no-results--wrapper text-center d-none">
            <div class="search-no-results--icon d-flex justify-content-center ct-mb--15">
            <span class="svg-wrapper svg-icon-computer" style="width:auto; height:auto">
            <svg class="svg-inline icon-computer" xmlns="http://www.w3.org/2000/svg" viewBox="0 0 60 40" width="60" height="40"><path d="M28.905 1.7v.011c1.946 0 4.215-.056 5.906.318l1.073.045c1.095.242 2.317.208 3.375.45 1.125.256 2.25.207 3.311.45l2.91.226c.791.177 1.706.075 2.55.272 1.305.302 2.782.404 4.024.718 1.391.355 2.756.468 4.125.812.648.166 1.406.049 1.968.317.563.268 1.17 1.201 1.61 1.666.04.827-.44 1.458-.75 2.074-.244.469-.376.94-.582 1.443-.206.503-.57 1.134-.806 1.666-.428.986-.78 1.89-1.208 2.841-.217.484-.592.948-.806 1.443-.72 1.655-1.335 3.332-2.059 5.002-.724 1.67-1.642 3.32-2.059 5.228-.547.378-.705.378-1.432.269a.616.616 0 00-.041.181c.08.643.093 1.292.041 1.938a.479.479 0 01-.266.317c-.375.246-.934.25-1.388.405-1.001.34-2.145.664-3.131 1.035-.375.14-.724.166-1.073.317-4.66 1.98-9.367 3.921-14.306 5.587-1.125.378-2.336.82-3.401 1.262-.409.17-.799.189-1.207.378-.334.14-1.47.755-1.924.63-1.26-.347-2.584-1.28-3.75-1.801-2.329-1.04-4.5-2.21-6.848-3.245-.693-.31-1.406-.756-2.1-1.085a134.322 134.322 0 01-7.563-3.649c-.6-.325-1.212-.6-1.797-.888-.281-.132-.607-.189-.716-.495-.255-.37-.255-1.934-.131-2.417 1.961-1.058 4.44-1.53 6.618-2.346.477-.178.92-.185 1.388-.36 1.999-.755 4.166-1.235 6.262-1.937.672-.223 1.422-.491 2.104-.722l1.298-.313c.862-.291 1.826-.635 2.73-.858a3.6 3.6 0 01.446-.948c.375-.861.716-1.753 1.076-2.569.24-.552.375-1.058.627-1.62.206-.48.547-.964.75-1.444.877-1.994 1.95-3.876 2.82-5.86.375-.842.75-1.669 1.125-2.477.375-.896.55-1.625 1.207-2.267zm-7.62 18.058l.015.026-.163.101c-.46.24-1.11.269-1.626.443-.971.321-2.021.556-3.041.9-3.375 1.133-6.896 2.126-10.245 3.244-1.234.412-2.449.703-3.581 1.172-.559.234-1.268.113-1.253.948.078.247.138.5.18.755 1.125.491 2.25 1.168 3.375 1.666 4.185 1.89 8.157 4.046 12.345 5.905 1.466.65 2.888 1.454 4.388 2.12.581.256 1.2.789 1.875.898.401-.29 1.05-.34 1.5-.54 1.125-.476 2.31-.88 3.446-1.307.488-.181.956-.204 1.433-.404 2.11-.9 4.342-1.492 6.487-2.388 2.453-1.027 5.021-2.138 7.47-3.158 1.178-.487 2.479-.725 3.667-1.171.413-.155 1.005-.155 1.343-.404.179-.205.083-1.018.052-1.467l-.007-.112-.311-.269-.308-.123c-.84-.29-1.824-.287-2.737-.553-1.38-.378-2.805-.755-4.125-1.17-.536-.178-1.028-.186-1.568-.379-2.97-.974-6.24-1.556-9.259-2.478-.99-.302-1.934-.378-2.91-.676-.635-.196-1.34-.366-2.019-.542l-.665-.18-1.79-.313-.218-.067c-.538-.175-1.255-.46-1.75-.477zM2.242 26.142c.75 0 1.268.491 1.79.756.52.264.97.378 1.477.585.506.208 1.125.609 1.698.854.375.17.882.265 1.163.54 1.073-.442 2.31-.627 3.446-.99.334-.105.923-.43 1.388-.317.665.228 1.309.515 1.923.858.548.242 1.092.378 1.654.63.439.193.904.488 1.343.677.439.189.772.234 1.162.404.326.144.66.4.986.544.578.253 1.04.268 1.028 1.133a.994.994 0 00-.135.378c-.641.302-1.38.62-2.055.903-.28.117-.647.144-.91.293l-.121.085h.045l.217.119c.147.075.299.141.454.198.592.31 1.256.642 1.875.9.232.098.439.082.671.18.233.099.525.307.75.409.225.102.349.053.537.132.187.08.337.283.67.317.327-.276 1.092-.4 1.523-.585.889-.378 1.875-.756 2.771-1.134.376-.155.75-.162 1.126-.317 2.5-1.017 5.143-1.913 7.695-2.907l1.518-.61 1.478-.45.51-.193c.691-.26 1.41-.53 2.04-.796a98.345 98.345 0 014.125-1.625c.375-.14 1.305-.533 1.5 0 .138.174.052.34 0 .54-1.05.578-2.374.797-3.533 1.307-4.305 1.89-9.15 3.325-13.5 5.138-.311.132-.588.144-.896.272-1.339.56-2.801 1.016-4.125 1.58-.413.173-1.549.434-1.793.717-.303.453.02.971-.892.756a1.174 1.174 0 01-.225-.809c-.206-.056-.244-.196-.401-.272-.222-.102-.405-.083-.627-.181-.142-.06-.307-.208-.45-.268-.536-.242-1.08-.352-1.608-.586-.529-.234-1.05-.585-1.568-.812-1.5-.654-2.876-1.198-4.339-1.847a13.701 13.701 0 01-1.477-.813 13.208 13.208 0 00-1.609-.721c-1.125-.506-2.25-1.205-3.401-1.712-1.309-.608-2.685-1.148-3.96-1.824-.259-.136-1.125-.435-1.208-.673-.244-.263-.046-.49.132-.646l.048-.041.09-.076zm10.602 2.524l-3.086.854.018.014c.014.012 0-.005.072.03.374.352 1.477.711 2.013.95.285.124.585.35.851.494.8.438 1.598.756 2.46 1.133.293.129 1.186.722 1.564.631.101-.022.27-.147.375-.177.653-.242 1.283-.378 1.875-.631.296-.125.705-.083.75-.454a8.618 8.618 0 01-1.252-.585c-1.159-.484-2.205-.843-3.357-1.353-.697-.306-1.353-.865-2.283-.906zm9.172-7.934c.512.063 1.01.206 1.478.424 1.211.377 2.392.66 3.532 1.038 1.14.378 2.157.469 3.267.809 1.11.34 2.163.733 3.22 1.084 1.362.45 2.765.684 4.126 1.133 1.155.378 2.227.62 3.375.994.453.151 1.185.14 1.338.586.113.143.068.238.046.45-.54.377-1.186.524-1.876.811-1.147.476-2.32.797-3.577 1.217-1.47.487-2.865 1.092-4.249 1.666-.401.166-.798.208-1.211.378-.855.317-1.624.612-2.505.899-.296.098-.716.377-1.163.272a5.319 5.319 0 01-1.162-.495c-.709-.378-1.418-.62-2.149-.948-.24-.11-.48-.325-.716-.45-1.316-.699-2.711-1.133-4.125-1.76-.48-.208-.953-.51-1.432-.718-1.74-.756-3.578-1.334-5.28-2.074-.698-.306-1.587-.488-2.146-.948a1.075 1.075 0 01-.09-.45c.105-.11.14-.317.267-.404.258-.182.667-.163.986-.272.319-.11.731-.336 1.072-.45.342-.113.642-.113.987-.226a87.26 87.26 0 012.426-.9c1.204-.404 2.445-.63 3.533-1.08.453-.178.916-.328 1.387-.45.194-.056.385-.018.539-.083l.087-.053h.015zm6.45 8.194l-.011.008-.153.095-.206.087c-.287.102-.616.155-.893.271-.319.15-.643.289-.97.415l-.497.18-.502.16v.092l.171.057.11.05c.073.034.143.074.21.12.709.309 1.462.777 2.25.947a2.36 2.36 0 00.892-.226c.578-.216 1.155-.525 1.748-.722.342-.053.674-.16.983-.317-.957-.378-2.055-1.031-3.132-1.217zm3.975-1.431c-.277.207-.682.215-1.027.377-.218.093-.44.179-.663.255l-.338.11-.342.096.045.046.213.117.22.102c.15.063.303.116.46.158.562.246 1.451.779 2.059.9a12.22 12.22 0 011.788-.756c.174-.073.366-.104.536-.162l.16-.07.11-.082-2.013-.676-.189-.102-.194-.088a3.108 3.108 0 00-.405-.135l-.208-.047-.212-.032v-.011zm-8.992-.514v.015l-.206.098-.21.086a3.79 3.79 0 01-.436.133c-.603.25-1.245.499-1.875.756.045.034 0 0 .09.045.31.176.64.311.983.404.525.227 1.054.48 1.612.722.157.102.321.192.492.268.251.064.633-.196.806-.268.566-.234 1.125-.412 1.654-.63.249-.06.488-.152.712-.277-.799-.302-1.567-.566-2.37-.899a3.826 3.826 0 00-1.252-.453zm13.256-.975c-.27.23-1.44.574-1.834.722-.167.06-.387.07-.538.148l-.081.055-.052.065h.09l.152.095.201.089c.353.13.783.185 1.124.315.396.117.78.271 1.148.46.109.076.075.163.225.227.322-.219.75-.215 1.163-.378.412-.162.885-.377 1.297-.54.229-.087.495-.083.671-.226-.502-.19-.997-.272-1.522-.45a8.908 8.908 0 00-2.044-.582zm-9.724-.415v.011l-.171.113-.234.12c-.312.14-.691.26-1.038.373l-.332.113-.235.09v.033l.261.071.256.085c.254.092.5.206.736.34.472.207.915.298 1.384.498.228.094.528.287.75.378.307.094.584-.151.75-.227.304-.127.613-.243.926-.348l.472-.15.477-.133v-.045l-.283-.063-.277-.078a5.123 5.123 0 01-.802-.328c-.6-.245-1.177-.355-1.788-.585a3.223 3.223 0 00-.852-.268zm-8.066-.416l.015.019-.228.1-.234.086a4.31 4.31 0 01-.48.131c-.29.127-.584.243-.882.349l-.45.15-.456.132v.087l.414.133.409.148c.406.155.803.333 1.19.531.376.151.818.2 1.073.454.945-.416 1.965-.654 2.865-1.085-.045-.034 0 0-.09-.045a3.23 3.23 0 00-.896-.378c-.607-.257-1.5-.778-2.25-.812zm11.332-1.061c-.375.343-1.233.638-1.743.853.045.038 0 0 .09.046.3.234.795.257 1.162.408.893.362 1.805.677 2.73.944.327.095.788-.234 1.028-.313.375-.121 1.323-.28 1.477-.54-.353-.07-.699-.177-1.031-.318-.81-.268-1.564-.378-2.325-.676a3.886 3.886 0 00-1.388-.404zM29.81 2.783l-.545.001v.012l-.085.232c-.09.23-.197.452-.32.667-.405.925-.814 1.813-1.207 2.705-1.332 3.022-2.794 5.787-4.125 8.836-.165.378-.417.79-.582 1.17-.221.507-.322.976-.54 1.486a3.87 3.87 0 00-.39.997c.301.07.646.197.976.305l.322.1 1.788.316 1.119.298c1.126.289 2.268.558 3.359.87 1.832.524 3.68.846 5.466 1.351l.886.27 1.257.271.916.279c1.541.435 3.14.745 4.675 1.255 1.02.34 2.179.593 3.266.9.803.226 1.579.226 2.37.453.315.087 1.782.457 2.014.359.375-.216.506-1.047.671-1.489.424-1.133.908-2.176 1.388-3.29.75-1.76 1.5-3.593 2.28-5.361.214-.487.589-.948.806-1.443.454-1.035.836-2.014 1.297-3.064.132-.302.376-.646.492-.948.221-.506.337-.997.581-1.489.244-.49.623-.944.716-1.53-.169-.113-.258-.31-.401-.453a5.582 5.582 0 00-.66-.49l-.236-.14-3.18-.552-.7-.166c-1.184-.26-2.445-.444-3.639-.733-.731-.178-1.459-.16-2.149-.318-.884-.204-1.823-.127-2.699-.24l-.432-.073-1.072-.046-.594-.11c-1.194-.183-2.434-.158-3.614-.434-.85-.195-1.812-.212-2.725-.35l-.541-.1-1.073-.045-.424-.084c-1.425-.248-3.076-.196-4.712-.185zm-7.392 21.24c-.398.298-1.294.423-1.79.63.046.039 0 0 .09.046.338.26.89.321 1.298.495.409.174.814.321 1.208.495.082.038.217.166.315.181.097.015.427-.177.536-.226.328-.146.776-.22 1.131-.374l.2-.103.146-.109-1.702-.586-.225-.113-.232-.1a3.832 3.832 0 00-.976-.236zm-6.942-.189l.008.008-.106.059-.115.036c-.12.03-.255.04-.405.086-.446.147-1.471.368-2.016.607l-.163.08-.101.068h.09l.102.079.15.07c.158.06.338.094.498.165.344.194.704.36 1.076.495.262.064.697-.197.892-.268.45-.164.883-.286 1.307-.42l.423-.141.419-.16v-.042l-.266-.055-.26-.085c-.513-.195-.998-.514-1.533-.582zM57.45 7.178c.153.001.305.032.446.09.05.097.11.187.18.269 0 .6-.262.695-.446 1.039-.184.343-.21.566-.375.853-.304.59-.664 1.224-.938 1.851-1.432 3.26-2.932 6.536-4.342 9.777-.45 1.04-.84 2.131-1.339 3.113-.169.329-.18.858-.54.99-.33.227-.656-.136-.716-.359l.135-.585c.596-1.444 1.241-2.917 1.875-4.375.529-1.205 1.174-2.44 1.703-3.65.708-1.624 1.32-3.248 2.1-4.778.7-1.36 1.203-3.242 2.25-4.235h.007zM25.828 22.853l-.138.109-.195.094c-.277.106-.619.144-.91.241l-.208.086-.156.1h.045l.155.107.21.107c.53.235 1.299.372 1.78.541.173.06.465.291.716.223.294-.102.582-.216.866-.342l.42-.198.413-.215v-.046l-.384-.055-.367-.079a13.23 13.23 0 01-.968-.283l-.476-.156-.441-.136-.362-.098zm-6.99-.046l-1.742.494v.046l.286.066.274.099c.45.184.865.451 1.315.556.218.05 1.823-.517 1.969-.63a7.243 7.243 0 01-1.027-.303l-.334-.117-.332-.107-.41-.104zM29.845 4.37a9.974 9.974 0 011.65.11l.409.071.938.046.327.061c.45.073.934.113 1.33.207.716.17 1.476.148 2.18.243l.415.074 3.398.272.21.034c.29.033.614.026.914.098 1.72.433 3.589.551 5.37.883l.758.156 2.085.174.596.122c.795.145 1.593.232 2.355.422.574.144 1.5 0 1.924.314.296.207.206.676.045.993-.161.317-.401.59-.536.9-.278.638-.45 1.242-.75 1.847-1.058 2.062-1.92 4.238-2.861 6.4-.376.894-.953 1.809-1.343 2.704-.341.782-.667 1.545-.986 2.3-.165.401-.221.88-.537 1.134-.315.253-1.125.076-1.522-.045-.818-.255-1.65-.476-2.46-.708l-.803-.237-.75-.136-.546-.174a66.692 66.692 0 00-1.703-.502c-.616-.178-1.193-.166-1.79-.378-3.224-1.061-6.787-1.677-9.974-2.746-.878-.295-1.845-.397-2.775-.631-.822-.208-1.152 0-1.703-.544 0-.635.341-1.133.54-1.575.323-.733.585-1.485.938-2.165.427-.82.694-1.693 1.072-2.569a76.341 76.341 0 012.149-4.507c.465-.895.75-1.99 1.436-2.648zm.447 1.039c-1.395 2.644-2.487 5.353-3.713 8.156-.157.378-.424.725-.581 1.08-.255.582-.42 1.134-.671 1.716a3.36 3.36 0 00-.402.944c1.197 0 2.648.484 3.623.812.975.329 2.073.54 3.041.858.592.192 1.147.208 1.744.404 1.875.62 3.922 1.035 5.816 1.58.84.237 1.624.275 2.419.54.862.286 1.852.456 2.771.755.817.272 1.781.684 2.775.721 1.395-3.275 2.865-6.376 4.294-9.648.105-.234.3-.484.405-.718.468-1.076.87-2.066 1.342-3.158a7.35 7.35 0 00.492-.99 5.528 5.528 0 01-1.388-.226c-.636-.16-1.248-.21-1.863-.314l-.462-.09-2.46-.227-6.488-1.08-.407-.074c-.704-.093-1.426-.042-2.115-.137l-.343-.062h-.49l-.43-.077c-.866-.123-1.78-.078-2.657-.282a22.155 22.155 0 00-4.253-.483zM22.08 21.768c-.323.218-.795.21-1.178.327l-.183.07-.162.101h.09l.105.062.154.05c.163.04.346.057.492.111.232.087 1.046.476 1.342.408.274-.091.543-.197.806-.317.117-.02.232-.05.344-.088l.166-.063.162-.076-2.138-.585zM4.211 15.323c.314.023.619.115.893.272.694.23 1.267.419 1.875.676.322.136.649.11.75.45.247.377-.24.812-.671.676-.66-.212-1.347-.59-2.014-.813-.375-.132-.938-.11-1.073-.494-.288-.306.072-.616.225-.756l.015-.011zm2.325-8.651c.533 0 .555.317.852.54.85.65 1.5 1.51 2.25 2.266.292.295.72.5.75 1.04-.09.116-.102.226-.222.313a.421.421 0 01-.45.045c-.277-.087-.401-.313-.581-.495l-1.027-.99a3.896 3.896 0 00-.627-.755C7.16 8.39 6.398 7.812 6.23 7.465c-.199-.412.12-.605.311-.756l-.004-.037zm6.713-4.96c.167 0 .334.031.491.09.626 1.107 1.286 2.112 1.875 3.245.315.6.9.854.27 1.534h-.375c-.705-.756-1.125-1.757-1.699-2.645-.375-.566-.881-1.035-.896-1.938.111-.083.216-.174.315-.272l.019-.015zM20.955 0l.446.045c.27.446.319 1.04.537 1.58.211.46.372.943.48 1.439.022.143-.064.238-.087.378l-.251.207h-.315c-.135-.113-.244-.117-.311-.313-.143-.212-.087-.491-.18-.756-.255-.755-.75-1.564-.537-2.433A.75.75 0 0020.956 0z" fill="#32312D" fill-rule="evenodd"></path></svg>
            </span>
            </div>
            <p class="d-flex justify-content-center text-center">
            Lamentamos mas não encontramos resultados para os filtros aplicados.
            </p>
            <button class="btn reset ct-anchor no-padding js-reset-filters" data-href="/on/demandware.store/Sites-continente-Site/default/Search-ShowAjax?cgid=padaria-e-pastelaria-padaria-forma">
            Limpar filtros
            </button>
            </div>
            </div>
            <div class="carousel-contained ct-clp--recommendations js-recommendations js-slot-recommendations gtm-list" data-gtm-list="Category - Recommendations">
            </div>
            <div class="row product-grid no-gutters gtm-list" itemtype="http://schema.org/SomeProducts" itemid="#product" data-gtm-list="Category - Grid">
            <span class="page-placeholder-0" data-start="0" data-size="36.0" data-srule="best-matches" data-filters="[{&quot;key&quot;:&quot;pmin&quot;,&quot;value&quot;:0.01}]">
            </span>
            <div class="col-12 col-sm-3 col-lg-2 productTile" data-idx="1">
            
            <script type="text/javascript">//<!--
            /* <![CDATA[ */
            (function(){
            try {
                if(window.CQuotient) {
                var cq_params = {};
                
                cq_params.cookieId = window.CQuotient.getCQCookieId();
                cq_params.userId = window.CQuotient.getCQUserId();
                cq_params.emailId = CQuotient.getCQHashedEmail();
                cq_params.loginId = CQuotient.getCQHashedLogin();
                cq_params.accumulate = true;
                cq_params.products = [{
                    id: '7157938',
                    sku: ''
                }];
                cq_params.categoryId = 'padaria-e-pastelaria-padaria-forma';
                cq_params.refinements = '[{\"name\":\"priceMin\",\"value\":\"0.01\"},{\"name\":\"priceMax\",\"value\":\"null\"},{\"name\":\"curr\",\"value\":\"EUR\"},{\"name\":\"Category\",\"value\":\"padaria-e-pastelaria-padaria-forma\"}]';
                cq_params.personalized = 'false';
                cq_params.sortingRule = 'categories top-sellers';
                cq_params.imageUUID = '__UNDEFINED__';
                cq_params.realm = "BDVS";
                cq_params.siteId = "continente";
                cq_params.instanceType = "prd";
                cq_params.queryLocale = "default";
                cq_params.locale = window.CQuotient.locale;
                
                if(window.CQuotient.sendActivity)
                    window.CQuotient.sendActivity(CQuotient.clientId, 'viewCategory', cq_params);
                else
                    window.CQuotient.activities.push({
                        activityType: 'viewCategory',
                        parameters: cq_params
                    });
              }
            } catch(err) {}
            })();
            /* ]]> */
            // -->
            </script>
            <script type="text/javascript">//<!--
            /* <![CDATA[ (viewCategoryProduct-active_data.js) */
            (function(){
            try {
                if (dw.ac) {
                    var search_params = {};
                    search_params.persd = 'false';
                    search_params.refs = '[{\"name\":\"priceMin\",\"value\":\"0.01\"},{\"name\":\"priceMax\",\"value\":\"null\"},{\"name\":\"curr\",\"value\":\"EUR\"},{\"name\":\"Category\",\"value\":\"padaria-e-pastelaria-padaria-forma\"}]';
                    search_params.sort = 'categories top-sellers';
                    search_params.imageUUID = '';
                    search_params.searchID = '79fd584c-cee5-42dd-a07f-04e8467e04c2';
                    search_params.locale = 'default';
                    search_params.queryLocale = 'default';
                    search_params.showProducts = 'true';
                    dw.ac.applyContext({category: "padaria-e-pastelaria-padaria-forma", searchData: search_params});
                    if (typeof dw.ac._scheduleDataSubmission === "function") {
                        dw.ac._scheduleDataSubmission();
                    }
                }
            } catch(err) {}
            })();
            /* ]]> */
            // -->
            </script>
            <script type="text/javascript">//<!--
            /* <![CDATA[ (viewProduct-active_data.js) */
            dw.ac._capture({id: "7157938", type: "searchhit"});
            /* ]]> */
            // -->
            </script>
            <div class="product" data-pid="7157938">
            <div class="product-tile pid-7157938 ct-product-tile data-layer-pushed" data-delay-time="3000" data-variants-mapping="[]" data-in-cart-msg="no carrinho" data-one-product-added="Adicionado ao carrinho" data-remove-from-cart-msg="Removido do carrinho" data-stay-open="6000.0" data-product-tile-impression="{&quot;name&quot;:&quot;7157938&quot;,&quot;id&quot;:&quot;7157938&quot;,&quot;price&quot;:1.95,&quot;brand&quot;:&quot;Continente&quot;,&quot;category&quot;:[{&quot;category_level_1&quot;:&quot;Padaria e Pastelaria&quot;},{&quot;category_level_2&quot;:&quot;Padaria&quot;},{&quot;category_level_3&quot;:&quot;Pão de Forma e Embalado&quot;}],&quot;variant&quot;:&quot;&quot;}">
            <div class="ct-inner-tile-wrap row no-gutters justify-content-center align-content-start">
            
            <div class="ct-image-container col-4 col-sm" data-confirmation-image="{&quot;url&quot;:&quot;https://www.continente.pt/dw/image/v2/BDVS_PRD/on/demandware.static/-/Sites-col-master-catalog/default/dwa6a9dedf/images/col/715/7157938-frente.jpg?sw=87&amp;sh=80&quot;,&quot;fallbackimage&quot;:{&quot;url&quot;:&quot;https://www.continente.pt/dw/image/v2/BDVS_PRD/on/demandware.static/Sites-continente-Site/-/default/dw7c42b4da/images/noimagelarge_product.png?sw=87&amp;sh=80&quot;,&quot;title&quot;:&quot;Pão de Forma com Côdea&quot;,&quot;alt&quot;:&quot;Pão de Forma com Côdea&quot;},&quot;title&quot;:&quot;Pão de Forma com Côdea&quot;,&quot;alt&quot;:&quot;Pão de Forma com Côdea&quot;}">
            <a href="https://www.continente.pt/produto/pao-de-forma-com-codea-continente-7157938.html?cgid=padaria-e-pastelaria-padaria-forma">
            <picture class="intrinsic intrinsic--square">
            <img class="ct-tile-image lazyloaded" loading="lazy" onerror="this.onerror=null;this.src='/on/demandware.static/Sites-continente-Site/-/default/dw7c42b4da/images/noimagelarge_product.png';" data-src="https://www.continente.pt/dw/image/v2/BDVS_PRD/on/demandware.static/-/Sites-col-master-catalog/default/dwa6a9dedf/images/col/715/7157938-frente.jpg?sw=280&amp;sh=280" alt="Pão de Forma com Côdea" title="Pão de Forma com Côdea" src="https://www.continente.pt/dw/image/v2/BDVS_PRD/on/demandware.static/-/Sites-col-master-catalog/default/dwa6a9dedf/images/col/715/7157938-frente.jpg?sw=280&amp;sh=280">
            </picture>
            </a>
            <div class="color-swatches d-flex" style="margin-left: 5px;">
            <div class="swatches d-flex">
            </div>
            </div>
            </div>
            <div class="ct-tile-body col col-sm-auto ">
            <div class="ct-pdp-details">
            <div class="ct-pdp-link">
            <a class="ct-tile--description" href="https://www.continente.pt/produto/pao-de-forma-com-codea-continente-7157938.html?cgid=padaria-e-pastelaria-padaria-forma">Pão de Forma com Côdea</a>
            <div class="ct-tile--favorite-top d-sm-none">
            <button class="wishlist-toggler guest-mode inactive button button--tertiary" data-pid="7157938" data-add-url="https://www.continente.pt/on/demandware.store/Sites-continente-Site/default/Wishlist-AddProduct?pid=7157938" data-toggle="tooltip" aria-label="Adicionar aos favoritos " data-original-title="Adicionar aos favoritos" data-placement="top">
            <svg class="active-content" width="100%" height="100%" viewBox="0 0 20 22" fill="none" xmlns="http://www.w3.org/2000/svg">
            <path fill-rule="evenodd" clip-rule="evenodd" d="M0 1.53052C0 0.685236 0.692171 0 1.54601 0H15.0736C15.9274 0 16.6196 0.685235 16.6196 1.53052V13.4064L15.8127 13.922L14.2658 14.2658L12.7189 13.4064L10.6054 14.3818C10.4994 14.2451 10.3327 14.157 10.1452 14.157H6.76329C6.4431 14.157 6.18354 14.414 6.18354 14.731C6.18354 15.0479 6.4431 15.3049 6.76329 15.3049H10.1452C10.2478 15.3049 10.3441 15.2785 10.4277 15.2322L10.3126 16.8439L13.2345 20.2793H1.54601C0.69217 20.2793 0 19.5941 0 18.7488V1.53052ZM6.18354 5.5483C6.18354 5.23132 6.4431 4.97436 6.76329 4.97436H12.3676C12.6878 4.97436 12.9473 5.23132 12.9473 5.5483C12.9473 5.86528 12.6878 6.12224 12.3676 6.12224H6.76329C6.4431 6.12224 6.18354 5.86528 6.18354 5.5483ZM6.76329 11.0961C6.4431 11.0961 6.18354 11.3531 6.18354 11.6701C6.18354 11.987 6.4431 12.244 6.76329 12.244H12.3676C12.6878 12.244 12.9473 11.987 12.9473 11.6701C12.9473 11.3531 12.6878 11.0961 12.3676 11.0961H6.76329ZM6.18354 8.60985C6.18354 8.29287 6.4431 8.03591 6.76329 8.03591H12.3676C12.6878 8.03591 12.9473 8.29287 12.9473 8.60985C12.9473 8.92684 12.6878 9.1838 12.3676 9.1838H6.76329C6.4431 9.1838 6.18354 8.92684 6.18354 8.60985ZM3.67118 5.5483C3.67118 5.23132 3.93075 4.97436 4.25093 4.97436H4.63743C4.95762 4.97436 5.21719 5.23132 5.21719 5.5483C5.21719 5.86528 4.95762 6.12224 4.63743 6.12224H4.25093C3.93075 6.12224 3.67118 5.86528 3.67118 5.5483ZM4.25093 11.0961C3.93075 11.0961 3.67118 11.3531 3.67118 11.6701C3.67118 11.987 3.93075 12.244 4.25093 12.244H4.63743C4.95762 12.244 5.21719 11.987 5.21719 11.6701C5.21719 11.3531 4.95762 11.0961 4.63743 11.0961H4.25093ZM3.67118 8.60985C3.67118 8.29287 3.93075 8.03591 4.25093 8.03591H4.63743C4.95762 8.03591 5.21719 8.29287 5.21719 8.60985C5.21719 8.92684 4.95762 9.1838 4.63743 9.1838H4.25093C3.93075 9.1838 3.67118 8.92684 3.67118 8.60985ZM4.25093 14.157C3.93075 14.157 3.67118 14.414 3.67118 14.731C3.67118 15.0479 3.93075 15.3049 4.25093 15.3049H4.63743C4.95762 15.3049 5.21719 15.0479 5.21719 14.731C5.21719 14.414 4.95762 14.157 4.63743 14.157H4.25093Z" fill="#EB0203"></path>
            <path fill-rule="evenodd" clip-rule="evenodd" d="M14.6252 13.6363C13.4918 12.6215 11.7817 12.5264 10.6569 13.4792C9.12421 14.7764 9.34841 16.8912 10.4409 18.0122L14.0159 21.6742C14.2197 21.8832 14.4928 22 14.7822 22C15.0737 22 15.3448 21.8852 15.5486 21.6762L19.1236 18.0142C20.214 16.8933 20.4423 14.7785 18.9075 13.4792C17.7827 12.5283 16.0724 12.6217 14.9391 13.6365C14.8855 13.6845 14.8331 13.7345 14.7822 13.7866C14.7313 13.7345 14.6789 13.6843 14.6252 13.6363ZM18.1546 14.3522C19.0973 15.1508 18.9962 16.4896 18.2891 17.2173C18.2888 17.2175 18.2886 17.2177 18.2884 17.218L14.7832 20.8084L11.2753 17.2151C11.2752 17.215 11.2751 17.2149 11.2749 17.2148C10.5677 16.4887 10.4678 15.1495 11.4104 14.3518L11.4108 14.3514C12.0745 13.7892 13.2018 13.82 13.9488 14.5846L14.7822 15.4378L15.6157 14.5846C16.3617 13.8211 17.4896 13.79 18.1545 14.3521" fill="#EB0203"></path>
            </svg>
            <svg class="inactive-content" width="100%" height="100%" viewBox="0 0 20 23" fill="none" xmlns="http://www.w3.org/2000/svg">
            <path fill-rule="evenodd" clip-rule="evenodd" d="M6.18408 5.77914C6.18408 5.46223 6.44363 5.20532 6.7638 5.20532H12.3678C12.6879 5.20532 12.9475 5.46223 12.9475 5.77914C12.9475 6.09606 12.6879 6.35297 12.3678 6.35297H6.7638C6.44363 6.35297 6.18408 6.09606 6.18408 5.77914Z" fill="#EB0203"></path>
            <path fill-rule="evenodd" clip-rule="evenodd" d="M6.18408 11.9034C6.18408 11.5865 6.44363 11.3296 6.7638 11.3296H12.3678C12.6879 11.3296 12.9475 11.5865 12.9475 11.9034C12.9475 12.2202 12.6879 12.4771 12.3678 12.4771H6.7638C6.44363 12.4771 6.18408 12.2202 6.18408 11.9034Z" fill="#EB0203"></path>
            <path fill-rule="evenodd" clip-rule="evenodd" d="M6.18408 8.84116C6.18408 8.52424 6.44363 8.26733 6.7638 8.26733H12.3678C12.6879 8.26733 12.9475 8.52424 12.9475 8.84116C12.9475 9.15807 12.6879 9.41498 12.3678 9.41498H6.7638C6.44363 9.41498 6.18408 9.15807 6.18408 8.84116Z" fill="#EB0203"></path>
            <path fill-rule="evenodd" clip-rule="evenodd" d="M6.18408 14.9655C6.18408 14.6486 6.44363 14.3917 6.7638 14.3917H10.1455C10.4657 14.3917 10.7252 14.6486 10.7252 14.9655C10.7252 15.2825 10.4657 15.5394 10.1455 15.5394H6.7638C6.44363 15.5394 6.18408 15.2825 6.18408 14.9655Z" fill="#EB0203"></path>
            <path fill-rule="evenodd" clip-rule="evenodd" d="M3.67139 5.77914C3.67139 5.46223 3.93094 5.20532 4.25111 5.20532H4.63759C4.95776 5.20532 5.21731 5.46223 5.21731 5.77914C5.21731 6.09606 4.95776 6.35297 4.63759 6.35297H4.25111C3.93094 6.35297 3.67139 6.09606 3.67139 5.77914Z" fill="#EB0203"></path>
            <path fill-rule="evenodd" clip-rule="evenodd" d="M3.67139 11.9034C3.67139 11.5865 3.93094 11.3296 4.25111 11.3296H4.63759C4.95776 11.3296 5.21731 11.5865 5.21731 11.9034C5.21731 12.2202 4.95776 12.4771 4.63759 12.4771H4.25111C3.93094 12.4771 3.67139 12.2202 3.67139 11.9034Z" fill="#EB0203"></path>
            <path fill-rule="evenodd" clip-rule="evenodd" d="M3.67139 8.84116C3.67139 8.52424 3.93094 8.26733 4.25111 8.26733H4.63759C4.95776 8.26733 5.21731 8.52424 5.21731 8.84116C5.21731 9.15807 4.95776 9.41498 4.63759 9.41498H4.25111C3.93094 9.41498 3.67139 9.15807 3.67139 8.84116Z" fill="#EB0203"></path>
            <path fill-rule="evenodd" clip-rule="evenodd" d="M3.67139 14.9655C3.67139 14.6486 3.93094 14.3917 4.25111 14.3917H4.63759C4.95776 14.3917 5.21731 14.6486 5.21731 14.9655C5.21731 15.2825 4.95776 15.5394 4.63759 15.5394H4.25111C3.93094 15.5394 3.67139 15.2825 3.67139 14.9655Z" fill="#EB0203"></path>
            <path fill-rule="evenodd" clip-rule="evenodd" d="M0 1.76033C0 0.914738 0.692131 0.229248 1.54592 0.229248H15.0727C15.9265 0.229248 16.6186 0.914738 16.6186 1.76033V11.2818C16.6186 11.5989 16.3591 11.8559 16.0389 11.8559C15.7187 11.8559 15.4592 11.5989 15.4592 11.2818V1.76033C15.4592 1.54893 15.2862 1.37756 15.0727 1.37756H1.54592C1.33247 1.37756 1.15944 1.54893 1.15944 1.76033V18.985C1.15944 19.1964 1.33247 19.3678 1.54592 19.3678H9.27551C9.59568 19.3678 9.85523 19.6249 9.85523 19.942C9.85523 20.2591 9.59568 20.5161 9.27551 20.5161H1.54592C0.692131 20.5161 0 19.8306 0 18.985V1.76033Z" fill="#EB0203"></path>
            <path fill-rule="evenodd" clip-rule="evenodd" d="M14.6254 13.8718C13.4921 12.8567 11.7821 12.7615 10.6574 13.7147C9.12472 15.0124 9.34891 17.128 10.4413 18.2493L14.0161 21.9126C14.2199 22.1217 14.493 22.2386 14.7824 22.2386C15.0739 22.2386 15.3449 22.1238 15.5487 21.9147L19.1235 18.2514C20.2139 17.13 20.4422 15.0144 18.9075 13.7147C17.7827 12.7634 16.0726 12.8569 14.9392 13.872C14.8856 13.92 14.8333 13.9701 14.7824 14.0222C14.7314 13.97 14.6791 13.9199 14.6254 13.8718ZM18.1546 14.588C19.0972 15.3869 18.9961 16.7262 18.2891 17.4541C18.2888 17.4543 18.2886 17.4546 18.2884 17.4548L14.7834 21.0466L11.2757 17.452C11.2756 17.4519 11.2755 17.4517 11.2753 17.4516C10.5681 16.7252 10.4682 15.3856 11.4108 14.5876L11.4112 14.5872C12.0748 14.0248 13.202 14.0556 13.949 14.8205L14.7824 15.674L15.6158 14.8205C16.3618 14.0567 17.4896 14.0256 18.1545 14.5879" fill="#EB0203"></path>
            </svg>
            </button>
            </div>
            </div>
            <p class="ct-tile--brand">Continente</p>
            <p class="ct-tile--quantity">emb. 820 gr</p>
            </div>
            <div class="ct-tile-bottom row no-gutters justify-content-between">
            <div class="ct-price-wrap col-8 col-sm-12">
            <div class="price js-product-price">
            <div class="prices-wrapper">
            <span class="sales ct-tile--price-primary ">
            <span class="value" content="1.95">
            <span class="ct-price-formatted">
            €1,95
            </span>
            <span class="ct-m-unit">
            /un
            </span>
            </span>
            </span>
            </div>
            <div class="ct-tile--price-secondary">
            <span class="ct-price-value">
            €2,38
            </span>
            <span class="ct-m-unit">
            /kg
            </span>
            </div>
            </div>
            </div>
            <div class="ct-tile-buy-section d-flex justify-content-center no-gutters col-auto col-sm-12">
            <div class="col-2 d-sm-flex d-none">
            <button class="wishlist-toggler guest-mode inactive button button--tertiary" data-pid="7157938" data-add-url="https://www.continente.pt/on/demandware.store/Sites-continente-Site/default/Wishlist-AddProduct?pid=7157938" data-toggle="tooltip" aria-label="Adicionar aos favoritos " data-original-title="Adicionar aos favoritos" data-placement="top">
            <svg class="active-content" width="100%" height="100%" viewBox="0 0 20 22" fill="none" xmlns="http://www.w3.org/2000/svg">
            <path fill-rule="evenodd" clip-rule="evenodd" d="M0 1.53052C0 0.685236 0.692171 0 1.54601 0H15.0736C15.9274 0 16.6196 0.685235 16.6196 1.53052V13.4064L15.8127 13.922L14.2658 14.2658L12.7189 13.4064L10.6054 14.3818C10.4994 14.2451 10.3327 14.157 10.1452 14.157H6.76329C6.4431 14.157 6.18354 14.414 6.18354 14.731C6.18354 15.0479 6.4431 15.3049 6.76329 15.3049H10.1452C10.2478 15.3049 10.3441 15.2785 10.4277 15.2322L10.3126 16.8439L13.2345 20.2793H1.54601C0.69217 20.2793 0 19.5941 0 18.7488V1.53052ZM6.18354 5.5483C6.18354 5.23132 6.4431 4.97436 6.76329 4.97436H12.3676C12.6878 4.97436 12.9473 5.23132 12.9473 5.5483C12.9473 5.86528 12.6878 6.12224 12.3676 6.12224H6.76329C6.4431 6.12224 6.18354 5.86528 6.18354 5.5483ZM6.76329 11.0961C6.4431 11.0961 6.18354 11.3531 6.18354 11.6701C6.18354 11.987 6.4431 12.244 6.76329 12.244H12.3676C12.6878 12.244 12.9473 11.987 12.9473 11.6701C12.9473 11.3531 12.6878 11.0961 12.3676 11.0961H6.76329ZM6.18354 8.60985C6.18354 8.29287 6.4431 8.03591 6.76329 8.03591H12.3676C12.6878 8.03591 12.9473 8.29287 12.9473 8.60985C12.9473 8.92684 12.6878 9.1838 12.3676 9.1838H6.76329C6.4431 9.1838 6.18354 8.92684 6.18354 8.60985ZM3.67118 5.5483C3.67118 5.23132 3.93075 4.97436 4.25093 4.97436H4.63743C4.95762 4.97436 5.21719 5.23132 5.21719 5.5483C5.21719 5.86528 4.95762 6.12224 4.63743 6.12224H4.25093C3.93075 6.12224 3.67118 5.86528 3.67118 5.5483ZM4.25093 11.0961C3.93075 11.0961 3.67118 11.3531 3.67118 11.6701C3.67118 11.987 3.93075 12.244 4.25093 12.244H4.63743C4.95762 12.244 5.21719 11.987 5.21719 11.6701C5.21719 11.3531 4.95762 11.0961 4.63743 11.0961H4.25093ZM3.67118 8.60985C3.67118 8.29287 3.93075 8.03591 4.25093 8.03591H4.63743C4.95762 8.03591 5.21719 8.29287 5.21719 8.60985C5.21719 8.92684 4.95762 9.1838 4.63743 9.1838H4.25093C3.93075 9.1838 3.67118 8.92684 3.67118 8.60985ZM4.25093 14.157C3.93075 14.157 3.67118 14.414 3.67118 14.731C3.67118 15.0479 3.93075 15.3049 4.25093 15.3049H4.63743C4.95762 15.3049 5.21719 15.0479 5.21719 14.731C5.21719 14.414 4.95762 14.157 4.63743 14.157H4.25093Z" fill="#EB0203"></path>
            <path fill-rule="evenodd" clip-rule="evenodd" d="M14.6252 13.6363C13.4918 12.6215 11.7817 12.5264 10.6569 13.4792C9.12421 14.7764 9.34841 16.8912 10.4409 18.0122L14.0159 21.6742C14.2197 21.8832 14.4928 22 14.7822 22C15.0737 22 15.3448 21.8852 15.5486 21.6762L19.1236 18.0142C20.214 16.8933 20.4423 14.7785 18.9075 13.4792C17.7827 12.5283 16.0724 12.6217 14.9391 13.6365C14.8855 13.6845 14.8331 13.7345 14.7822 13.7866C14.7313 13.7345 14.6789 13.6843 14.6252 13.6363ZM18.1546 14.3522C19.0973 15.1508 18.9962 16.4896 18.2891 17.2173C18.2888 17.2175 18.2886 17.2177 18.2884 17.218L14.7832 20.8084L11.2753 17.2151C11.2752 17.215 11.2751 17.2149 11.2749 17.2148C10.5677 16.4887 10.4678 15.1495 11.4104 14.3518L11.4108 14.3514C12.0745 13.7892 13.2018 13.82 13.9488 14.5846L14.7822 15.4378L15.6157 14.5846C16.3617 13.8211 17.4896 13.79 18.1545 14.3521" fill="#EB0203"></path>
            </svg>
            <svg class="inactive-content" width="100%" height="100%" viewBox="0 0 20 23" fill="none" xmlns="http://www.w3.org/2000/svg">
            <path fill-rule="evenodd" clip-rule="evenodd" d="M6.18408 5.77914C6.18408 5.46223 6.44363 5.20532 6.7638 5.20532H12.3678C12.6879 5.20532 12.9475 5.46223 12.9475 5.77914C12.9475 6.09606 12.6879 6.35297 12.3678 6.35297H6.7638C6.44363 6.35297 6.18408 6.09606 6.18408 5.77914Z" fill="#EB0203"></path>
            <path fill-rule="evenodd" clip-rule="evenodd" d="M6.18408 11.9034C6.18408 11.5865 6.44363 11.3296 6.7638 11.3296H12.3678C12.6879 11.3296 12.9475 11.5865 12.9475 11.9034C12.9475 12.2202 12.6879 12.4771 12.3678 12.4771H6.7638C6.44363 12.4771 6.18408 12.2202 6.18408 11.9034Z" fill="#EB0203"></path>
            <path fill-rule="evenodd" clip-rule="evenodd" d="M6.18408 8.84116C6.18408 8.52424 6.44363 8.26733 6.7638 8.26733H12.3678C12.6879 8.26733 12.9475 8.52424 12.9475 8.84116C12.9475 9.15807 12.6879 9.41498 12.3678 9.41498H6.7638C6.44363 9.41498 6.18408 9.15807 6.18408 8.84116Z" fill="#EB0203"></path>
            <path fill-rule="evenodd" clip-rule="evenodd" d="M6.18408 14.9655C6.18408 14.6486 6.44363 14.3917 6.7638 14.3917H10.1455C10.4657 14.3917 10.7252 14.6486 10.7252 14.9655C10.7252 15.2825 10.4657 15.5394 10.1455 15.5394H6.7638C6.44363 15.5394 6.18408 15.2825 6.18408 14.9655Z" fill="#EB0203"></path>
            <path fill-rule="evenodd" clip-rule="evenodd" d="M3.67139 5.77914C3.67139 5.46223 3.93094 5.20532 4.25111 5.20532H4.63759C4.95776 5.20532 5.21731 5.46223 5.21731 5.77914C5.21731 6.09606 4.95776 6.35297 4.63759 6.35297H4.25111C3.93094 6.35297 3.67139 6.09606 3.67139 5.77914Z" fill="#EB0203"></path>
            <path fill-rule="evenodd" clip-rule="evenodd" d="M3.67139 11.9034C3.67139 11.5865 3.93094 11.3296 4.25111 11.3296H4.63759C4.95776 11.3296 5.21731 11.5865 5.21731 11.9034C5.21731 12.2202 4.95776 12.4771 4.63759 12.4771H4.25111C3.93094 12.4771 3.67139 12.2202 3.67139 11.9034Z" fill="#EB0203"></path>
            <path fill-rule="evenodd" clip-rule="evenodd" d="M3.67139 8.84116C3.67139 8.52424 3.93094 8.26733 4.25111 8.26733H4.63759C4.95776 8.26733 5.21731 8.52424 5.21731 8.84116C5.21731 9.15807 4.95776 9.41498 4.63759 9.41498H4.25111C3.93094 9.41498 3.67139 9.15807 3.67139 8.84116Z" fill="#EB0203"></path>
            <path fill-rule="evenodd" clip-rule="evenodd" d="M3.67139 14.9655C3.67139 14.6486 3.93094 14.3917 4.25111 14.3917H4.63759C4.95776 14.3917 5.21731 14.6486 5.21731 14.9655C5.21731 15.2825 4.95776 15.5394 4.63759 15.5394H4.25111C3.93094 15.5394 3.67139 15.2825 3.67139 14.9655Z" fill="#EB0203"></path>
            <path fill-rule="evenodd" clip-rule="evenodd" d="M0 1.76033C0 0.914738 0.692131 0.229248 1.54592 0.229248H15.0727C15.9265 0.229248 16.6186 0.914738 16.6186 1.76033V11.2818C16.6186 11.5989 16.3591 11.8559 16.0389 11.8559C15.7187 11.8559 15.4592 11.5989 15.4592 11.2818V1.76033C15.4592 1.54893 15.2862 1.37756 15.0727 1.37756H1.54592C1.33247 1.37756 1.15944 1.54893 1.15944 1.76033V18.985C1.15944 19.1964 1.33247 19.3678 1.54592 19.3678H9.27551C9.59568 19.3678 9.85523 19.6249 9.85523 19.942C9.85523 20.2591 9.59568 20.5161 9.27551 20.5161H1.54592C0.692131 20.5161 0 19.8306 0 18.985V1.76033Z" fill="#EB0203"></path>
            <path fill-rule="evenodd" clip-rule="evenodd" d="M14.6254 13.8718C13.4921 12.8567 11.7821 12.7615 10.6574 13.7147C9.12472 15.0124 9.34891 17.128 10.4413 18.2493L14.0161 21.9126C14.2199 22.1217 14.493 22.2386 14.7824 22.2386C15.0739 22.2386 15.3449 22.1238 15.5487 21.9147L19.1235 18.2514C20.2139 17.13 20.4422 15.0144 18.9075 13.7147C17.7827 12.7634 16.0726 12.8569 14.9392 13.872C14.8856 13.92 14.8333 13.9701 14.7824 14.0222C14.7314 13.97 14.6791 13.9199 14.6254 13.8718ZM18.1546 14.588C19.0972 15.3869 18.9961 16.7262 18.2891 17.4541C18.2888 17.4543 18.2886 17.4546 18.2884 17.4548L14.7834 21.0466L11.2757 17.452C11.2756 17.4519 11.2755 17.4517 11.2753 17.4516C10.5681 16.7252 10.4682 15.3856 11.4108 14.5876L11.4112 14.5872C12.0748 14.0248 13.202 14.0556 13.949 14.8205L14.7824 15.674L15.6158 14.8205C16.3618 14.0567 17.4896 14.0256 18.1545 14.5879" fill="#EB0203"></path>
            </svg>
            </button>
            </div>
            <div class="col-sm-10 col-12">
            <div class="ct-tile-quantity d-none" data-pid="7157938">
            <input type="hidden" class="add-to-cart-url" value="https://www.continente.pt/on/demandware.store/Sites-continente-Site/default/Cart-AddProduct">
            <div class="d-none tile-delete-confirmation-btn" data-pid="7157938" data-delay-time="3000" data-in-cart-msg="no carrinho" data-one-product-added="Adicionado ao carrinho" data-remove-from-cart-msg="Removido do carrinho" data-stay-open="6000.0" data-confirmation-image="{&quot;url&quot;:&quot;https://www.continente.pt/dw/image/v2/BDVS_PRD/on/demandware.static/-/Sites-col-master-catalog/default/dwa6a9dedf/images/col/715/7157938-frente.jpg?sw=87&amp;sh=80&quot;,&quot;fallbackimage&quot;:{&quot;url&quot;:&quot;https://www.continente.pt/dw/image/v2/BDVS_PRD/on/demandware.static/Sites-continente-Site/-/default/dw7c42b4da/images/noimagelarge_product.png?sw=87&amp;sh=80&quot;,&quot;title&quot;:&quot;Pão de Forma com Côdea&quot;,&quot;alt&quot;:&quot;Pão de Forma com Côdea&quot;},&quot;title&quot;:&quot;Pão de Forma com Côdea&quot;,&quot;alt&quot;:&quot;Pão de Forma com Côdea&quot;}"></div>
            <div class="ct-tile-quantity-update quantity-update product-qty-vue" data-remove-action="https://www.continente.pt/on/demandware.store/Sites-continente-Site/default/Cart-RemoveProductLineItem" data-action="https://www.continente.pt/on/demandware.store/Sites-continente-Site/default/Cart-UpdateQuantity" data-dimension-update="https://www.continente.pt/on/demandware.store/Sites-continente-Site/default/Cart-DimensionUpdate" data-pid="7157938" data-uuid="a3566d6416a1342ccf66f90b9d" data-add-delay="500.0" data-measure-options="{&quot;hasConversionRate&quot;:false,&quot;hasAlternativeSaleUnit&quot;:false,&quot;unitConversionRate&quot;:0,&quot;minOrderQuantity&quot;:1,&quot;stepQuantity&quot;:1,&quot;primaryunit&quot;:&quot;un&quot;,&quot;secondaryunit&quot;:&quot;kg&quot;,&quot;selectedunit&quot;:&quot;primary&quot;,&quot;maxNumberOfUnitsPerSale&quot;:65}" data-price-available="null" :data-has-error="isMaxQtyReached || isMinQtyReached || qtySelectedMoreThanOne">
            <template v-show="prodUnits">
            <div class="quantity-input-wrapper has-units">
            <label class="visually-hidden" :for="'quantity-' + pid + additionalTag">
            Quantidade no carrinho
            </label>
            <input :ref="'quantityInput-' + pid + additionalTag" class="add-to-cart-quantity form-control ct-form-input text-center" inputmode="numeric" :class="{'is-invalid': isInvalid}" :data-pid="pid + additionalTag" :name="'quantity-' + pid + additionalTag" type="text" aria-label="Insira a quantidade" title="" v-model="displayValue" @change="updateQuantity" @focus="updateQtyFormat" @blur="restoreQtyFormat" :disabled="!isPriceAvailable">
            <span class="quantity-icon quantity-icon--minus">
            <button class="decrease-quantity-btn" @click="updateQuantity" :disabled="!isPriceAvailable" role="button" aria-label="Reduzir quantidade">
            <i class="css-math-minus"></i>
            </button>
            </span>
            <span class="quantity-icon quantity-icon--plus">
            <button class="increase-quantity-btn" @click="updateQuantity" :disabled="isMaxQtyReached || !isPriceAvailable" role="button" aria-label="Aumentar quantidade">
            <i class="css-math-plus"></i>
            </button>
            <span class="quantity-btn-disabled-placeholder"></span>
            </span>
            <template v-if="isPDP">
            <span class="quantity-error ct-span-error text-sm-center product-max-allocation" v-if="isMaxQtyReached">
            Quantidade máxima atingida
            </span>
            <span class="quantity-error ct-span-product text-sm-center product-allocation" v-if="!isMinQtyReached &amp;&amp; !isMaxQtyReached">
            {{quantitySelected}} no carrinho
            </span>
            <span class="quantity-error ct-span-error text-sm-center product-min-allocation" :data-pid="pid" v-if="isMinQtyReached &amp;&amp; !isMaxQtyReached">
            Quantidade mínima atingida
            </span>
            </template>
            </div>
            <template v-if="showNotes">
            <div class="add-note-link-container ">
            <div class="add-note">
            <a href="/produto/pao-de-forma-com-codea-continente-7157938.html?showNote=true" class="ct-add-note-redirect-pdp" aria-label="Adicionar comentário">
            
            <span class="svg-wrapper svg-icon-notes" style="width:19px; height:20px">
            <svg class="svg-inline icon-notes" viewBox="0 0 28 30" xmlns="http://www.w3.org/2000/svg" width="100%" height="100%"><path d="M21.738 0C22.985 0 24 1.04 24 2.319V12.47c0 .469-.37.848-.828.848-.457 0-.827-.38-.827-.848V2.32c0-.343-.273-.622-.607-.622H2.262c-.334 0-.607.279-.607.622V27.68c0 .343.273.622.607.622h7.81c.457 0 .827.38.827.849 0 .468-.37.848-.827.848h-7.81C1.015 30 0 28.96 0 27.681V2.32C0 1.04 1.015 0 2.262 0h19.476zm2.844 16.004l.227.007c.823.053 1.589.39 2.176.964.64.627.993 1.46.993 2.349 0 .888-.353 1.722-.993 2.348l-6.83 6.665c-.11.108-.247.186-.397.226l-5.032 1.363c-.078.021-.16.032-.241.032-.242 0-.478-.097-.647-.266-.23-.231-.314-.566-.218-.874l1.49-4.798c.044-.139.122-.266.227-.369l6.844-6.677c.64-.625 1.493-.97 2.401-.97zm-2.886 3.94l-4.922 4.802-.947 3.048 3.22-.872 4.897-4.78-2.248-2.197zm2.887-2.174c-.425 0-.824.162-1.124.455l-.484.472 2.248 2.197.484-.472c.62-.606.62-1.591 0-2.197l-.117-.104c-.283-.227-.636-.35-1.007-.35zm-10.839.022c.498 0 .904.396.904.883 0 .488-.406.884-.904.884H5.946c-.499 0-.904-.396-.904-.884 0-.487.405-.883.904-.883zm5.042-4.876c.498 0 .904.397.904.884s-.406.884-.904.884H5.946c-.499 0-.904-.397-.904-.884s.405-.884.904-.884zm0-4.875c.498 0 .904.396.904.884 0 .487-.406.883-.904.883H5.946c-.499 0-.904-.396-.904-.883 0-.488.405-.884.904-.884z" fill="#EB0203" fill-rule="evenodd"></path></svg>
            </span>
            <div class="available-note d-none"></div>
            </a>
            </div>
            </div>
            </template>
            <div class="measurement-unit-section" v-if="isPriceAvailable &amp;&amp; prodUnits ? prodUnits.hasAlternativeUnit : false">
            <div class="ct-form-radio" @click="setDimension">
            <input type="radio" title="" class="ct-form-check-input product-measurement-unit" :data-type="prodUnits.selectedUnit == prodUnits.secondaryUnit ? 'primary' : ''" :id="prodUnits.secondaryUnit + '-' + pid + '-measurement-unit-ptile' + additionalTag" :name="'measurement-unit-' + pid + '-ptile' + additionalTag" :value="prodUnits.secondaryUnit" v-model="prodUnits.selectedUnit">
            <label :class="prodUnits.secondaryUnit + '-label ct-form-check-label mb-0'" :for="prodUnits.secondaryUnit + '-' + pid + '-measurement-unit-ptile' + additionalTag">
            {{prodUnits.secondaryUnit}}
            </label>
            <span class="checkmark"></span>
            </div>
            <div class="ct-form-radio" @click="setDimension">
            <input type="radio" title="" class="ct-form-check-input product-measurement-unit" :data-type="prodUnits.selectedUnit == prodUnits.primaryUnit ? 'primary' : ''" :id="prodUnits.primaryUnit + '-' + pid + '-measurement-unit-ptile' + additionalTag" :name="'measurement-unit-' + pid + '-ptile' + additionalTag" :value="prodUnits.primaryUnit" v-model="prodUnits.selectedUnit">
            <label :class="prodUnits.primaryUnit + '-label ct-form-check-label mb-0'" :for="prodUnits.primaryUnit + '-' + pid + '-measurement-unit-ptile' + additionalTag">
            {{prodUnits.primaryUnit}}
            </label>
            <span class="checkmark"></span>
            </div>
            </div>
            <template v-if="!isPDP &amp;&amp; isPriceAvailable">
            <span class="quantity-error ct-span-error product-max-allocation" v-if="isMaxQtyReached">
            Quantidade máxima atingida
            </span>
            <span class="quantity-error ct-span-product product-allocation" v-if="!isMinQtyReached &amp;&amp; !isMaxQtyReached">
            {{quantitySelected}} no carrinho
             </span>
            <span class="quantity-error ct-span-error product-min-allocation" :data-pid="pid" v-if="isMinQtyReached &amp;&amp; !isMaxQtyReached">
            Quantidade mínima atingida
            </span>
            </template>
            </template>
            </div>
            <input class="quantity-value-mask d-none" name="quantity" type="number" min="0" value="">
            </div>
            <button type="button" class="add-to-cart button js-add-to-cart js-add-to-cart-tile 7157938 button--primary dynamic-layout-btn" data-toggle="modal" data-target="#chooseBonusProductModal" data-pid="7157938" data-quantity-value="null" aria-label="Carrinho">
            <span class="d-block d-sm-none">
            <span class="svg-wrapper svg-icon-cart" style="width:20px; height:20px">
            <svg class="svg-inline icon-cart" xmlns="http://www.w3.org/2000/svg" viewBox="0 0 500 500" width="100%" height="100%"><path fill="#EB0203" fill-rule="evenodd" d="M 485.67317,94.386311 C 476.37798,83.847129 463.09468,78.03348 448.30404,78.03348 H 90.690813 L 87.079511,51.327997 C 83.185582,22.539551 62.962285,0 41.011841,0 H 14.727836 C 6.563151,0 0,6.5286975 0,14.580758 c 0,8.05206 6.5945535,14.580758 14.727836,14.580758 h 26.284005 c 4.710398,0 14.696435,9.855222 16.894619,26.021523 L 100.01739,368.0631 c 1.88416,13.77244 9.01256,26.70549 20.1605,36.37417 8.25889,7.15046 18.02511,11.9071 28.26237,13.89679 -4.17655,7.58572 -6.53175,16.25957 -6.53175,25.493 0,29.53459 24.27424,53.59751 54.13815,53.59751 29.8325,0 54.13814,-24.03184 54.13814,-53.59751 0,-8.79818 -2.19818,-17.09897 -5.9979,-24.43598 h 77.12488 c -3.79973,7.33701 -5.96652,15.6378 -5.96652,24.43598 0,29.53459 24.27424,53.59751 54.13817,53.59751 29.83249,0 54.13814,-24.03184 54.13814,-53.59751 0,-8.79818 -2.1982,-17.09897 -5.9979,-24.43598 h 38.56243 c 8.13328,0 14.72783,-6.5287 14.72783,-14.61183 0,-8.02098 -6.59455,-14.54967 -14.72783,-14.54967 H 159.24277 c -14.38241,0 -28.13677,-11.90711 -30.02092,-26.02153 l -3.07746,-22.88154 h 290.6314 c 14.03698,0 27.94834,-5.28513 39.06488,-14.95381 11.11652,-9.6376 18.27632,-22.57065 20.16048,-36.37417 l 21.10259,-156.78201 c 1.94694,-14.51858 -2.10398,-28.29103 -11.43057,-38.861299 z M 220.76053,443.82706 c 0,13.49265 -11.08513,24.46709 -24.68247,24.46709 -13.62874,0 -24.71387,-10.97444 -24.71387,-24.46709 0,-13.49262 11.08513,-24.43598 24.71387,-24.43598 13.59734,0 24.68247,10.94336 24.68247,24.43598 z m 173.43675,0 c 0,13.49265 -11.08512,24.46709 -24.68245,24.46709 -13.62876,0 -24.71388,-10.97444 -24.71388,-24.46709 0,-13.49262 11.08512,-24.43598 24.71388,-24.43598 13.59733,0 24.68245,10.94336 24.68245,24.43598 z m 73.7648,-314.46558 -21.13397,156.782 c -1.88416,14.11442 -15.63851,26.05261 -30.02091,26.05261 H 122.25046 L 94.616142,107.19499 H 448.33544 c 6.18632,0 11.61896,2.2695 15.23028,6.37326 3.64269,4.13484 5.21283,9.73086 4.39636,15.79323 z"></path></svg>
            </span>
            </span>
            <span class="add-to-cart--text d-none d-sm-block">Carrinho</span>
            </button>
            </div>
            </div>
            </div>
            </div>
            
            <div class="col-12 d-sm-none">
            </div>
            </div>
            </div>
            </div>
            </div>
            <div class="col-12 col-sm-3 col-lg-2 productTile" data-idx="2">
            
            <script type="text/javascript">//<!--
            /* <![CDATA[ */
            (function(){
            try {
                if(window.CQuotient) {
                var cq_params = {};
                
                cq_params.cookieId = window.CQuotient.getCQCookieId();
                cq_params.userId = window.CQuotient.getCQUserId();
                cq_params.emailId = CQuotient.getCQHashedEmail();
                cq_params.loginId = CQuotient.getCQHashedLogin();
                cq_params.accumulate = true;
                cq_params.products = [{
                    id: '6246547',
                    sku: ''
                }];
                cq_params.categoryId = 'padaria-e-pastelaria-padaria-forma';
                cq_params.refinements = '[{\"name\":\"priceMin\",\"value\":\"0.01\"},{\"name\":\"priceMax\",\"value\":\"null\"},{\"name\":\"curr\",\"value\":\"EUR\"},{\"name\":\"Category\",\"value\":\"padaria-e-pastelaria-padaria-forma\"}]';
                cq_params.personalized = 'false';
                cq_params.sortingRule = 'categories top-sellers';
                cq_params.imageUUID = '__UNDEFINED__';
                cq_params.realm = "BDVS";
                cq_params.siteId = "continente";
                cq_params.instanceType = "prd";
                cq_params.queryLocale = "default";
                cq_params.locale = window.CQuotient.locale;
                
                if(window.CQuotient.sendActivity)
                    window.CQuotient.sendActivity(CQuotient.clientId, 'viewCategory', cq_params);
                else
                    window.CQuotient.activities.push({
                        activityType: 'viewCategory',
                        parameters: cq_params
                    });
              }
            } catch(err) {}
            })();
            /* ]]> */
            // -->
            </script>
            <script type="text/javascript">//<!--
            /* <![CDATA[ (viewCategoryProduct-active_data.js) */
            (function(){
            try {
                if (dw.ac) {
                    var search_params = {};
                    search_params.persd = 'false';
                    search_params.refs = '[{\"name\":\"priceMin\",\"value\":\"0.01\"},{\"name\":\"priceMax\",\"value\":\"null\"},{\"name\":\"curr\",\"value\":\"EUR\"},{\"name\":\"Category\",\"value\":\"padaria-e-pastelaria-padaria-forma\"}]';
                    search_params.sort = 'categories top-sellers';
                    search_params.imageUUID = '';
                    search_params.searchID = '79fd584c-cee5-42dd-a07f-04e8467e04c2';
                    search_params.locale = 'default';
                    search_params.queryLocale = 'default';
                    search_params.showProducts = 'true';
                    dw.ac.applyContext({category: "padaria-e-pastelaria-padaria-forma", searchData: search_params});
                    if (typeof dw.ac._scheduleDataSubmission === "function") {
                        dw.ac._scheduleDataSubmission();
                    }
                }
            } catch(err) {}
            })();
            /* ]]> */
            // -->
            </script>
            <script type="text/javascript">//<!--
            /* <![CDATA[ (viewProduct-active_data.js) */
            dw.ac._capture({id: "6246547", type: "searchhit"});
            /* ]]> */
            // -->
            </script>
            <div class="product" data-pid="6246547">
            <div class="product-tile pid-6246547 ct-product-tile data-layer-pushed" data-delay-time="3000" data-variants-mapping="[]" data-in-cart-msg="no carrinho" data-one-product-added="Adicionado ao carrinho" data-remove-from-cart-msg="Removido do carrinho" data-stay-open="6000.0" data-product-tile-impression="{&quot;name&quot;:&quot;6246547&quot;,&quot;id&quot;:&quot;6246547&quot;,&quot;price&quot;:1.79,&quot;brand&quot;:&quot;Bimbo&quot;,&quot;category&quot;:[{&quot;category_level_1&quot;:&quot;Padaria e Pastelaria&quot;},{&quot;category_level_2&quot;:&quot;Padaria&quot;},{&quot;category_level_3&quot;:&quot;Pão de Forma e Embalado&quot;}],&quot;variant&quot;:&quot;&quot;}">
            <div class="ct-inner-tile-wrap row no-gutters justify-content-center align-content-start">
            <div class="ct-product-tile-badge ct-product-tile-badge--promotional">
            <img class="img-fluid lazyloaded" loading="lazy" data-src="https://www.continente.pt/dw/image/v2/BDVS_PRD/on/demandware.static/-/Sites-continente-Library/default/dwf5980f2e/images/badges/pvpr/col/pvpr.png?sw=60&amp;sh=42" alt="PVP Recomendado: €2,19/un" title="PVP Recomendado: €2,19/un" src="https://www.continente.pt/dw/image/v2/BDVS_PRD/on/demandware.static/-/Sites-continente-Library/default/dwf5980f2e/images/badges/pvpr/col/pvpr.png?sw=60&amp;sh=42">
            <div class="ct-product-tile-badge-value-wrapper ct-product-tile-badge-value-wrapper--pvpr  ">
            
            <div class="ct-product-tile-badge-addition d-flex flex-column align-self-center text-center">
            <span class="ct-product-tile-badge-addition--sign">
            +
            </span>
            <span class="ct-product-tile-badge-addition--text">
            DE
            </span>
            </div>
            <span class="ct-product-tile-badge-value--pvpr">
            15
            </span>
            <span class="ct-product-tile-badge-value--pvpr-quantifier ">
            %
            </span>
            </div>
            </div>
            
            <div class="ct-image-container col-4 col-sm" data-confirmation-image="{&quot;url&quot;:&quot;https://www.continente.pt/dw/image/v2/BDVS_PRD/on/demandware.static/-/Sites-col-master-catalog/default/dw2f3a4b5b/images/col/624/6246547-frente.jpg?sw=87&amp;sh=80&quot;,&quot;fallbackimage&quot;:{&quot;url&quot;:&quot;https://www.continente.pt/dw/image/v2/BDVS_PRD/on/demandware.static/Sites-continente-Site/-/default/dw7c42b4da/images/noimagelarge_product.png?sw=87&amp;sh=80&quot;,&quot;title&quot;:&quot;Pão de Forma sem Côdea&quot;,&quot;alt&quot;:&quot;Pão de Forma sem Côdea&quot;},&quot;title&quot;:&quot;Pão de Forma sem Côdea&quot;,&quot;alt&quot;:&quot;Pão de Forma sem Côdea&quot;}">
            <a href="https://www.continente.pt/produto/pao-de-forma-sem-codea-bimbo-6246547.html?cgid=padaria-e-pastelaria-padaria-forma">
            <picture class="intrinsic intrinsic--square">
            <img class="ct-tile-image lazyloaded" loading="lazy" onerror="this.onerror=null;this.src='/on/demandware.static/Sites-continente-Site/-/default/dw7c42b4da/images/noimagelarge_product.png';" data-src="https://www.continente.pt/dw/image/v2/BDVS_PRD/on/demandware.static/-/Sites-col-master-catalog/default/dw2f3a4b5b/images/col/624/6246547-frente.jpg?sw=280&amp;sh=280" alt="Pão de Forma sem Côdea" title="Pão de Forma sem Côdea" src="https://www.continente.pt/dw/image/v2/BDVS_PRD/on/demandware.static/-/Sites-col-master-catalog/default/dw2f3a4b5b/images/col/624/6246547-frente.jpg?sw=280&amp;sh=280">
            </picture>
            </a>
            <div class="color-swatches d-flex" style="margin-left: 5px;">
            <div class="swatches d-flex">
            </div>
            </div>
            </div>
            <div class="ct-tile-body col col-sm-auto ">
            <div class="ct-pdp-details">
            <div class="ct-pdp-link">
            <a class="ct-tile--description" href="https://www.continente.pt/produto/pao-de-forma-sem-codea-bimbo-6246547.html?cgid=padaria-e-pastelaria-padaria-forma">Pão de Forma sem Côdea</a>
            <div class="ct-tile--favorite-top d-sm-none">
            <button class="wishlist-toggler guest-mode inactive button button--tertiary" data-pid="6246547" data-add-url="https://www.continente.pt/on/demandware.store/Sites-continente-Site/default/Wishlist-AddProduct?pid=6246547" data-toggle="tooltip" aria-label="Adicionar aos favoritos " data-original-title="Adicionar aos favoritos" data-placement="top">
            <svg class="active-content" width="100%" height="100%" viewBox="0 0 20 22" fill="none" xmlns="http://www.w3.org/2000/svg">
            <path fill-rule="evenodd" clip-rule="evenodd" d="M0 1.53052C0 0.685236 0.692171 0 1.54601 0H15.0736C15.9274 0 16.6196 0.685235 16.6196 1.53052V13.4064L15.8127 13.922L14.2658 14.2658L12.7189 13.4064L10.6054 14.3818C10.4994 14.2451 10.3327 14.157 10.1452 14.157H6.76329C6.4431 14.157 6.18354 14.414 6.18354 14.731C6.18354 15.0479 6.4431 15.3049 6.76329 15.3049H10.1452C10.2478 15.3049 10.3441 15.2785 10.4277 15.2322L10.3126 16.8439L13.2345 20.2793H1.54601C0.69217 20.2793 0 19.5941 0 18.7488V1.53052ZM6.18354 5.5483C6.18354 5.23132 6.4431 4.97436 6.76329 4.97436H12.3676C12.6878 4.97436 12.9473 5.23132 12.9473 5.5483C12.9473 5.86528 12.6878 6.12224 12.3676 6.12224H6.76329C6.4431 6.12224 6.18354 5.86528 6.18354 5.5483ZM6.76329 11.0961C6.4431 11.0961 6.18354 11.3531 6.18354 11.6701C6.18354 11.987 6.4431 12.244 6.76329 12.244H12.3676C12.6878 12.244 12.9473 11.987 12.9473 11.6701C12.9473 11.3531 12.6878 11.0961 12.3676 11.0961H6.76329ZM6.18354 8.60985C6.18354 8.29287 6.4431 8.03591 6.76329 8.03591H12.3676C12.6878 8.03591 12.9473 8.29287 12.9473 8.60985C12.9473 8.92684 12.6878 9.1838 12.3676 9.1838H6.76329C6.4431 9.1838 6.18354 8.92684 6.18354 8.60985ZM3.67118 5.5483C3.67118 5.23132 3.93075 4.97436 4.25093 4.97436H4.63743C4.95762 4.97436 5.21719 5.23132 5.21719 5.5483C5.21719 5.86528 4.95762 6.12224 4.63743 6.12224H4.25093C3.93075 6.12224 3.67118 5.86528 3.67118 5.5483ZM4.25093 11.0961C3.93075 11.0961 3.67118 11.3531 3.67118 11.6701C3.67118 11.987 3.93075 12.244 4.25093 12.244H4.63743C4.95762 12.244 5.21719 11.987 5.21719 11.6701C5.21719 11.3531 4.95762 11.0961 4.63743 11.0961H4.25093ZM3.67118 8.60985C3.67118 8.29287 3.93075 8.03591 4.25093 8.03591H4.63743C4.95762 8.03591 5.21719 8.29287 5.21719 8.60985C5.21719 8.92684 4.95762 9.1838 4.63743 9.1838H4.25093C3.93075 9.1838 3.67118 8.92684 3.67118 8.60985ZM4.25093 14.157C3.93075 14.157 3.67118 14.414 3.67118 14.731C3.67118 15.0479 3.93075 15.3049 4.25093 15.3049H4.63743C4.95762 15.3049 5.21719 15.0479 5.21719 14.731C5.21719 14.414 4.95762 14.157 4.63743 14.157H4.25093Z" fill="#EB0203"></path>
            <path fill-rule="evenodd" clip-rule="evenodd" d="M14.6252 13.6363C13.4918 12.6215 11.7817 12.5264 10.6569 13.4792C9.12421 14.7764 9.34841 16.8912 10.4409 18.0122L14.0159 21.6742C14.2197 21.8832 14.4928 22 14.7822 22C15.0737 22 15.3448 21.8852 15.5486 21.6762L19.1236 18.0142C20.214 16.8933 20.4423 14.7785 18.9075 13.4792C17.7827 12.5283 16.0724 12.6217 14.9391 13.6365C14.8855 13.6845 14.8331 13.7345 14.7822 13.7866C14.7313 13.7345 14.6789 13.6843 14.6252 13.6363ZM18.1546 14.3522C19.0973 15.1508 18.9962 16.4896 18.2891 17.2173C18.2888 17.2175 18.2886 17.2177 18.2884 17.218L14.7832 20.8084L11.2753 17.2151C11.2752 17.215 11.2751 17.2149 11.2749 17.2148C10.5677 16.4887 10.4678 15.1495 11.4104 14.3518L11.4108 14.3514C12.0745 13.7892 13.2018 13.82 13.9488 14.5846L14.7822 15.4378L15.6157 14.5846C16.3617 13.8211 17.4896 13.79 18.1545 14.3521" fill="#EB0203"></path>
            </svg>
            <svg class="inactive-content" width="100%" height="100%" viewBox="0 0 20 23" fill="none" xmlns="http://www.w3.org/2000/svg">
            <path fill-rule="evenodd" clip-rule="evenodd" d="M6.18408 5.77914C6.18408 5.46223 6.44363 5.20532 6.7638 5.20532H12.3678C12.6879 5.20532 12.9475 5.46223 12.9475 5.77914C12.9475 6.09606 12.6879 6.35297 12.3678 6.35297H6.7638C6.44363 6.35297 6.18408 6.09606 6.18408 5.77914Z" fill="#EB0203"></path>
            <path fill-rule="evenodd" clip-rule="evenodd" d="M6.18408 11.9034C6.18408 11.5865 6.44363 11.3296 6.7638 11.3296H12.3678C12.6879 11.3296 12.9475 11.5865 12.9475 11.9034C12.9475 12.2202 12.6879 12.4771 12.3678 12.4771H6.7638C6.44363 12.4771 6.18408 12.2202 6.18408 11.9034Z" fill="#EB0203"></path>
            <path fill-rule="evenodd" clip-rule="evenodd" d="M6.18408 8.84116C6.18408 8.52424 6.44363 8.26733 6.7638 8.26733H12.3678C12.6879 8.26733 12.9475 8.52424 12.9475 8.84116C12.9475 9.15807 12.6879 9.41498 12.3678 9.41498H6.7638C6.44363 9.41498 6.18408 9.15807 6.18408 8.84116Z" fill="#EB0203"></path>
            <path fill-rule="evenodd" clip-rule="evenodd" d="M6.18408 14.9655C6.18408 14.6486 6.44363 14.3917 6.7638 14.3917H10.1455C10.4657 14.3917 10.7252 14.6486 10.7252 14.9655C10.7252 15.2825 10.4657 15.5394 10.1455 15.5394H6.7638C6.44363 15.5394 6.18408 15.2825 6.18408 14.9655Z" fill="#EB0203"></path>
            <path fill-rule="evenodd" clip-rule="evenodd" d="M3.67139 5.77914C3.67139 5.46223 3.93094 5.20532 4.25111 5.20532H4.63759C4.95776 5.20532 5.21731 5.46223 5.21731 5.77914C5.21731 6.09606 4.95776 6.35297 4.63759 6.35297H4.25111C3.93094 6.35297 3.67139 6.09606 3.67139 5.77914Z" fill="#EB0203"></path>
            <path fill-rule="evenodd" clip-rule="evenodd" d="M3.67139 11.9034C3.67139 11.5865 3.93094 11.3296 4.25111 11.3296H4.63759C4.95776 11.3296 5.21731 11.5865 5.21731 11.9034C5.21731 12.2202 4.95776 12.4771 4.63759 12.4771H4.25111C3.93094 12.4771 3.67139 12.2202 3.67139 11.9034Z" fill="#EB0203"></path>
            <path fill-rule="evenodd" clip-rule="evenodd" d="M3.67139 8.84116C3.67139 8.52424 3.93094 8.26733 4.25111 8.26733H4.63759C4.95776 8.26733 5.21731 8.52424 5.21731 8.84116C5.21731 9.15807 4.95776 9.41498 4.63759 9.41498H4.25111C3.93094 9.41498 3.67139 9.15807 3.67139 8.84116Z" fill="#EB0203"></path>
            <path fill-rule="evenodd" clip-rule="evenodd" d="M3.67139 14.9655C3.67139 14.6486 3.93094 14.3917 4.25111 14.3917H4.63759C4.95776 14.3917 5.21731 14.6486 5.21731 14.9655C5.21731 15.2825 4.95776 15.5394 4.63759 15.5394H4.25111C3.93094 15.5394 3.67139 15.2825 3.67139 14.9655Z" fill="#EB0203"></path>
            <path fill-rule="evenodd" clip-rule="evenodd" d="M0 1.76033C0 0.914738 0.692131 0.229248 1.54592 0.229248H15.0727C15.9265 0.229248 16.6186 0.914738 16.6186 1.76033V11.2818C16.6186 11.5989 16.3591 11.8559 16.0389 11.8559C15.7187 11.8559 15.4592 11.5989 15.4592 11.2818V1.76033C15.4592 1.54893 15.2862 1.37756 15.0727 1.37756H1.54592C1.33247 1.37756 1.15944 1.54893 1.15944 1.76033V18.985C1.15944 19.1964 1.33247 19.3678 1.54592 19.3678H9.27551C9.59568 19.3678 9.85523 19.6249 9.85523 19.942C9.85523 20.2591 9.59568 20.5161 9.27551 20.5161H1.54592C0.692131 20.5161 0 19.8306 0 18.985V1.76033Z" fill="#EB0203"></path>
            <path fill-rule="evenodd" clip-rule="evenodd" d="M14.6254 13.8718C13.4921 12.8567 11.7821 12.7615 10.6574 13.7147C9.12472 15.0124 9.34891 17.128 10.4413 18.2493L14.0161 21.9126C14.2199 22.1217 14.493 22.2386 14.7824 22.2386C15.0739 22.2386 15.3449 22.1238 15.5487 21.9147L19.1235 18.2514C20.2139 17.13 20.4422 15.0144 18.9075 13.7147C17.7827 12.7634 16.0726 12.8569 14.9392 13.872C14.8856 13.92 14.8333 13.9701 14.7824 14.0222C14.7314 13.97 14.6791 13.9199 14.6254 13.8718ZM18.1546 14.588C19.0972 15.3869 18.9961 16.7262 18.2891 17.4541C18.2888 17.4543 18.2886 17.4546 18.2884 17.4548L14.7834 21.0466L11.2757 17.452C11.2756 17.4519 11.2755 17.4517 11.2753 17.4516C10.5681 16.7252 10.4682 15.3856 11.4108 14.5876L11.4112 14.5872C12.0748 14.0248 13.202 14.0556 13.949 14.8205L14.7824 15.674L15.6158 14.8205C16.3618 14.0567 17.4896 14.0256 18.1545 14.5879" fill="#EB0203"></path>
            </svg>
            </button>
            </div>
            </div>
            <p class="ct-tile--brand">Bimbo</p>
             <p class="ct-tile--quantity">emb. 650 gr</p>
            </div>
            <div class="ct-tile-bottom row no-gutters justify-content-between">
            <div class="ct-price-wrap col-8 col-sm-12">
            <div class="price js-product-price">
            <div class="prices-wrapper">
            <span class="sales ct-tile--price-primary ">
            <span class="value" content="1.79">
            <span class="ct-price-formatted">
            €1,79
            </span>
            <span class="ct-m-unit">
            /un
            </span>
            </span>
            </span>
            </div>
            <div class="ct-tile--price-secondary">
            <span class="ct-price-value">
            €2,75
            </span>
            <span class="ct-m-unit">
            /kg
            </span>
            </div>
            <p class="ct-discount-amount ct-discount-amount-pvpr">PVP Recomendado: €2,19/un</p>
            </div>
            </div>
            <div class="ct-tile-buy-section d-flex justify-content-center no-gutters col-auto col-sm-12">
            <div class="col-2 d-sm-flex d-none">
            <button class="wishlist-toggler guest-mode inactive button button--tertiary" data-pid="6246547" data-add-url="https://www.continente.pt/on/demandware.store/Sites-continente-Site/default/Wishlist-AddProduct?pid=6246547" data-toggle="tooltip" aria-label="Adicionar aos favoritos " data-original-title="Adicionar aos favoritos" data-placement="top">
            <svg class="active-content" width="100%" height="100%" viewBox="0 0 20 22" fill="none" xmlns="http://www.w3.org/2000/svg">
            <path fill-rule="evenodd" clip-rule="evenodd" d="M0 1.53052C0 0.685236 0.692171 0 1.54601 0H15.0736C15.9274 0 16.6196 0.685235 16.6196 1.53052V13.4064L15.8127 13.922L14.2658 14.2658L12.7189 13.4064L10.6054 14.3818C10.4994 14.2451 10.3327 14.157 10.1452 14.157H6.76329C6.4431 14.157 6.18354 14.414 6.18354 14.731C6.18354 15.0479 6.4431 15.3049 6.76329 15.3049H10.1452C10.2478 15.3049 10.3441 15.2785 10.4277 15.2322L10.3126 16.8439L13.2345 20.2793H1.54601C0.69217 20.2793 0 19.5941 0 18.7488V1.53052ZM6.18354 5.5483C6.18354 5.23132 6.4431 4.97436 6.76329 4.97436H12.3676C12.6878 4.97436 12.9473 5.23132 12.9473 5.5483C12.9473 5.86528 12.6878 6.12224 12.3676 6.12224H6.76329C6.4431 6.12224 6.18354 5.86528 6.18354 5.5483ZM6.76329 11.0961C6.4431 11.0961 6.18354 11.3531 6.18354 11.6701C6.18354 11.987 6.4431 12.244 6.76329 12.244H12.3676C12.6878 12.244 12.9473 11.987 12.9473 11.6701C12.9473 11.3531 12.6878 11.0961 12.3676 11.0961H6.76329ZM6.18354 8.60985C6.18354 8.29287 6.4431 8.03591 6.76329 8.03591H12.3676C12.6878 8.03591 12.9473 8.29287 12.9473 8.60985C12.9473 8.92684 12.6878 9.1838 12.3676 9.1838H6.76329C6.4431 9.1838 6.18354 8.92684 6.18354 8.60985ZM3.67118 5.5483C3.67118 5.23132 3.93075 4.97436 4.25093 4.97436H4.63743C4.95762 4.97436 5.21719 5.23132 5.21719 5.5483C5.21719 5.86528 4.95762 6.12224 4.63743 6.12224H4.25093C3.93075 6.12224 3.67118 5.86528 3.67118 5.5483ZM4.25093 11.0961C3.93075 11.0961 3.67118 11.3531 3.67118 11.6701C3.67118 11.987 3.93075 12.244 4.25093 12.244H4.63743C4.95762 12.244 5.21719 11.987 5.21719 11.6701C5.21719 11.3531 4.95762 11.0961 4.63743 11.0961H4.25093ZM3.67118 8.60985C3.67118 8.29287 3.93075 8.03591 4.25093 8.03591H4.63743C4.95762 8.03591 5.21719 8.29287 5.21719 8.60985C5.21719 8.92684 4.95762 9.1838 4.63743 9.1838H4.25093C3.93075 9.1838 3.67118 8.92684 3.67118 8.60985ZM4.25093 14.157C3.93075 14.157 3.67118 14.414 3.67118 14.731C3.67118 15.0479 3.93075 15.3049 4.25093 15.3049H4.63743C4.95762 15.3049 5.21719 15.0479 5.21719 14.731C5.21719 14.414 4.95762 14.157 4.63743 14.157H4.25093Z" fill="#EB0203"></path>
            <path fill-rule="evenodd" clip-rule="evenodd" d="M14.6252 13.6363C13.4918 12.6215 11.7817 12.5264 10.6569 13.4792C9.12421 14.7764 9.34841 16.8912 10.4409 18.0122L14.0159 21.6742C14.2197 21.8832 14.4928 22 14.7822 22C15.0737 22 15.3448 21.8852 15.5486 21.6762L19.1236 18.0142C20.214 16.8933 20.4423 14.7785 18.9075 13.4792C17.7827 12.5283 16.0724 12.6217 14.9391 13.6365C14.8855 13.6845 14.8331 13.7345 14.7822 13.7866C14.7313 13.7345 14.6789 13.6843 14.6252 13.6363ZM18.1546 14.3522C19.0973 15.1508 18.9962 16.4896 18.2891 17.2173C18.2888 17.2175 18.2886 17.2177 18.2884 17.218L14.7832 20.8084L11.2753 17.2151C11.2752 17.215 11.2751 17.2149 11.2749 17.2148C10.5677 16.4887 10.4678 15.1495 11.4104 14.3518L11.4108 14.3514C12.0745 13.7892 13.2018 13.82 13.9488 14.5846L14.7822 15.4378L15.6157 14.5846C16.3617 13.8211 17.4896 13.79 18.1545 14.3521" fill="#EB0203"></path>
            </svg>
            <svg class="inactive-content" width="100%" height="100%" viewBox="0 0 20 23" fill="none" xmlns="http://www.w3.org/2000/svg">
            <path fill-rule="evenodd" clip-rule="evenodd" d="M6.18408 5.77914C6.18408 5.46223 6.44363 5.20532 6.7638 5.20532H12.3678C12.6879 5.20532 12.9475 5.46223 12.9475 5.77914C12.9475 6.09606 12.6879 6.35297 12.3678 6.35297H6.7638C6.44363 6.35297 6.18408 6.09606 6.18408 5.77914Z" fill="#EB0203"></path>
            <path fill-rule="evenodd" clip-rule="evenodd" d="M6.18408 11.9034C6.18408 11.5865 6.44363 11.3296 6.7638 11.3296H12.3678C12.6879 11.3296 12.9475 11.5865 12.9475 11.9034C12.9475 12.2202 12.6879 12.4771 12.3678 12.4771H6.7638C6.44363 12.4771 6.18408 12.2202 6.18408 11.9034Z" fill="#EB0203"></path>
            <path fill-rule="evenodd" clip-rule="evenodd" d="M6.18408 8.84116C6.18408 8.52424 6.44363 8.26733 6.7638 8.26733H12.3678C12.6879 8.26733 12.9475 8.52424 12.9475 8.84116C12.9475 9.15807 12.6879 9.41498 12.3678 9.41498H6.7638C6.44363 9.41498 6.18408 9.15807 6.18408 8.84116Z" fill="#EB0203"></path>
            <path fill-rule="evenodd" clip-rule="evenodd" d="M6.18408 14.9655C6.18408 14.6486 6.44363 14.3917 6.7638 14.3917H10.1455C10.4657 14.3917 10.7252 14.6486 10.7252 14.9655C10.7252 15.2825 10.4657 15.5394 10.1455 15.5394H6.7638C6.44363 15.5394 6.18408 15.2825 6.18408 14.9655Z" fill="#EB0203"></path>
            <path fill-rule="evenodd" clip-rule="evenodd" d="M3.67139 5.77914C3.67139 5.46223 3.93094 5.20532 4.25111 5.20532H4.63759C4.95776 5.20532 5.21731 5.46223 5.21731 5.77914C5.21731 6.09606 4.95776 6.35297 4.63759 6.35297H4.25111C3.93094 6.35297 3.67139 6.09606 3.67139 5.77914Z" fill="#EB0203"></path>
            <path fill-rule="evenodd" clip-rule="evenodd" d="M3.67139 11.9034C3.67139 11.5865 3.93094 11.3296 4.25111 11.3296H4.63759C4.95776 11.3296 5.21731 11.5865 5.21731 11.9034C5.21731 12.2202 4.95776 12.4771 4.63759 12.4771H4.25111C3.93094 12.4771 3.67139 12.2202 3.67139 11.9034Z" fill="#EB0203"></path>
            <path fill-rule="evenodd" clip-rule="evenodd" d="M3.67139 8.84116C3.67139 8.52424 3.93094 8.26733 4.25111 8.26733H4.63759C4.95776 8.26733 5.21731 8.52424 5.21731 8.84116C5.21731 9.15807 4.95776 9.41498 4.63759 9.41498H4.25111C3.93094 9.41498 3.67139 9.15807 3.67139 8.84116Z" fill="#EB0203"></path>
            <path fill-rule="evenodd" clip-rule="evenodd" d="M3.67139 14.9655C3.67139 14.6486 3.93094 14.3917 4.25111 14.3917H4.63759C4.95776 14.3917 5.21731 14.6486 5.21731 14.9655C5.21731 15.2825 4.95776 15.5394 4.63759 15.5394H4.25111C3.93094 15.5394 3.67139 15.2825 3.67139 14.9655Z" fill="#EB0203"></path>
            <path fill-rule="evenodd" clip-rule="evenodd" d="M0 1.76033C0 0.914738 0.692131 0.229248 1.54592 0.229248H15.0727C15.9265 0.229248 16.6186 0.914738 16.6186 1.76033V11.2818C16.6186 11.5989 16.3591 11.8559 16.0389 11.8559C15.7187 11.8559 15.4592 11.5989 15.4592 11.2818V1.76033C15.4592 1.54893 15.2862 1.37756 15.0727 1.37756H1.54592C1.33247 1.37756 1.15944 1.54893 1.15944 1.76033V18.985C1.15944 19.1964 1.33247 19.3678 1.54592 19.3678H9.27551C9.59568 19.3678 9.85523 19.6249 9.85523 19.942C9.85523 20.2591 9.59568 20.5161 9.27551 20.5161H1.54592C0.692131 20.5161 0 19.8306 0 18.985V1.76033Z" fill="#EB0203"></path>
            <path fill-rule="evenodd" clip-rule="evenodd" d="M14.6254 13.8718C13.4921 12.8567 11.7821 12.7615 10.6574 13.7147C9.12472 15.0124 9.34891 17.128 10.4413 18.2493L14.0161 21.9126C14.2199 22.1217 14.493 22.2386 14.7824 22.2386C15.0739 22.2386 15.3449 22.1238 15.5487 21.9147L19.1235 18.2514C20.2139 17.13 20.4422 15.0144 18.9075 13.7147C17.7827 12.7634 16.0726 12.8569 14.9392 13.872C14.8856 13.92 14.8333 13.9701 14.7824 14.0222C14.7314 13.97 14.6791 13.9199 14.6254 13.8718ZM18.1546 14.588C19.0972 15.3869 18.9961 16.7262 18.2891 17.4541C18.2888 17.4543 18.2886 17.4546 18.2884 17.4548L14.7834 21.0466L11.2757 17.452C11.2756 17.4519 11.2755 17.4517 11.2753 17.4516C10.5681 16.7252 10.4682 15.3856 11.4108 14.5876L11.4112 14.5872C12.0748 14.0248 13.202 14.0556 13.949 14.8205L14.7824 15.674L15.6158 14.8205C16.3618 14.0567 17.4896 14.0256 18.1545 14.5879" fill="#EB0203"></path>
            </svg>
            </button>
            </div>
            <div class="col-sm-10 col-12">
            <div class="ct-tile-quantity d-none" data-pid="6246547">
            <input type="hidden" class="add-to-cart-url" value="https://www.continente.pt/on/demandware.store/Sites-continente-Site/default/Cart-AddProduct">
            <div class="d-none tile-delete-confirmation-btn" data-pid="6246547" data-delay-time="3000" data-in-cart-msg="no carrinho" data-one-product-added="Adicionado ao carrinho" data-remove-from-cart-msg="Removido do carrinho" data-stay-open="6000.0" data-confirmation-image="{&quot;url&quot;:&quot;https://www.continente.pt/dw/image/v2/BDVS_PRD/on/demandware.static/-/Sites-col-master-catalog/default/dw2f3a4b5b/images/col/624/6246547-frente.jpg?sw=87&amp;sh=80&quot;,&quot;fallbackimage&quot;:{&quot;url&quot;:&quot;https://www.continente.pt/dw/image/v2/BDVS_PRD/on/demandware.static/Sites-continente-Site/-/default/dw7c42b4da/images/noimagelarge_product.png?sw=87&amp;sh=80&quot;,&quot;title&quot;:&quot;Pão de Forma sem Côdea&quot;,&quot;alt&quot;:&quot;Pão de Forma sem Côdea&quot;},&quot;title&quot;:&quot;Pão de Forma sem Côdea&quot;,&quot;alt&quot;:&quot;Pão de Forma sem Côdea&quot;}"></div>
            <div class="ct-tile-quantity-update quantity-update product-qty-vue" data-remove-action="https://www.continente.pt/on/demandware.store/Sites-continente-Site/default/Cart-RemoveProductLineItem" data-action="https://www.continente.pt/on/demandware.store/Sites-continente-Site/default/Cart-UpdateQuantity" data-dimension-update="https://www.continente.pt/on/demandware.store/Sites-continente-Site/default/Cart-DimensionUpdate" data-pid="6246547" data-uuid="4f2b28f9b1383cd7733af97a14" data-add-delay="500.0" data-measure-options="{&quot;hasConversionRate&quot;:false,&quot;hasAlternativeSaleUnit&quot;:false,&quot;unitConversionRate&quot;:0,&quot;minOrderQuantity&quot;:1,&quot;stepQuantity&quot;:1,&quot;primaryunit&quot;:&quot;un&quot;,&quot;secondaryunit&quot;:&quot;kg&quot;,&quot;selectedunit&quot;:&quot;primary&quot;,&quot;maxNumberOfUnitsPerSale&quot;:50}" data-price-available="null" :data-has-error="isMaxQtyReached || isMinQtyReached || qtySelectedMoreThanOne">
            <template v-show="prodUnits">
            <div class="quantity-input-wrapper has-units">
            <label class="visually-hidden" :for="'quantity-' + pid + additionalTag">
            Quantidade no carrinho
            </label>
            <input :ref="'quantityInput-' + pid + additionalTag" class="add-to-cart-quantity form-control ct-form-input text-center" inputmode="numeric" :class="{'is-invalid': isInvalid}" :data-pid="pid + additionalTag" :name="'quantity-' + pid + additionalTag" type="text" aria-label="Insira a quantidade" title="" v-model="displayValue" @change="updateQuantity" @focus="updateQtyFormat" @blur="restoreQtyFormat" :disabled="!isPriceAvailable">
            <span class="quantity-icon quantity-icon--minus">
            <button class="decrease-quantity-btn" @click="updateQuantity" :disabled="!isPriceAvailable" role="button" aria-label="Reduzir quantidade">
            <i class="css-math-minus"></i>
            </button>
            </span>
            <span class="quantity-icon quantity-icon--plus">
            <button class="increase-quantity-btn" @click="updateQuantity" :disabled="isMaxQtyReached || !isPriceAvailable" role="button" aria-label="Aumentar quantidade">
            <i class="css-math-plus"></i>
            </button>
            <span class="quantity-btn-disabled-placeholder"></span>
            </span>
            <template v-if="isPDP">
            <span class="quantity-error ct-span-error text-sm-center product-max-allocation" v-if="isMaxQtyReached">
            Quantidade máxima atingida
            </span>
            <span class="quantity-error ct-span-product text-sm-center product-allocation" v-if="!isMinQtyReached &amp;&amp; !isMaxQtyReached">
            {{quantitySelected}} no carrinho
            </span>
            <span class="quantity-error ct-span-error text-sm-center product-min-allocation" :data-pid="pid" v-if="isMinQtyReached &amp;&amp; !isMaxQtyReached">
            Quantidade mínima atingida
            </span>
            </template>
            </div>
            <template v-if="showNotes">
            <div class="add-note-link-container ">
            <div class="add-note">
            <a href="/produto/pao-de-forma-sem-codea-bimbo-6246547.html?showNote=true" class="ct-add-note-redirect-pdp" aria-label="Adicionar comentário">
            <span class="svg-wrapper svg-icon-notes" style="width:19px; height:20px">
            <svg class="svg-inline icon-notes" viewBox="0 0 28 30" xmlns="http://www.w3.org/2000/svg" width="100%" height="100%"><path d="M21.738 0C22.985 0 24 1.04 24 2.319V12.47c0 .469-.37.848-.828.848-.457 0-.827-.38-.827-.848V2.32c0-.343-.273-.622-.607-.622H2.262c-.334 0-.607.279-.607.622V27.68c0 .343.273.622.607.622h7.81c.457 0 .827.38.827.849 0 .468-.37.848-.827.848h-7.81C1.015 30 0 28.96 0 27.681V2.32C0 1.04 1.015 0 2.262 0h19.476zm2.844 16.004l.227.007c.823.053 1.589.39 2.176.964.64.627.993 1.46.993 2.349 0 .888-.353 1.722-.993 2.348l-6.83 6.665c-.11.108-.247.186-.397.226l-5.032 1.363c-.078.021-.16.032-.241.032-.242 0-.478-.097-.647-.266-.23-.231-.314-.566-.218-.874l1.49-4.798c.044-.139.122-.266.227-.369l6.844-6.677c.64-.625 1.493-.97 2.401-.97zm-2.886 3.94l-4.922 4.802-.947 3.048 3.22-.872 4.897-4.78-2.248-2.197zm2.887-2.174c-.425 0-.824.162-1.124.455l-.484.472 2.248 2.197.484-.472c.62-.606.62-1.591 0-2.197l-.117-.104c-.283-.227-.636-.35-1.007-.35zm-10.839.022c.498 0 .904.396.904.883 0 .488-.406.884-.904.884H5.946c-.499 0-.904-.396-.904-.884 0-.487.405-.883.904-.883zm5.042-4.876c.498 0 .904.397.904.884s-.406.884-.904.884H5.946c-.499 0-.904-.397-.904-.884s.405-.884.904-.884zm0-4.875c.498 0 .904.396.904.884 0 .487-.406.883-.904.883H5.946c-.499 0-.904-.396-.904-.883 0-.488.405-.884.904-.884z" fill="#EB0203" fill-rule="evenodd"></path></svg>
            </span>
            <div class="available-note d-none"></div>
            </a>
            </div>
            </div>
            </template>
            <div class="measurement-unit-section" v-if="isPriceAvailable &amp;&amp; prodUnits ? prodUnits.hasAlternativeUnit : false">
            <div class="ct-form-radio" @click="setDimension">
            <input type="radio" title="" class="ct-form-check-input product-measurement-unit" :data-type="prodUnits.selectedUnit == prodUnits.secondaryUnit ? 'primary' : ''" :id="prodUnits.secondaryUnit + '-' + pid + '-measurement-unit-ptile' + additionalTag" :name="'measurement-unit-' + pid + '-ptile' + additionalTag" :value="prodUnits.secondaryUnit" v-model="prodUnits.selectedUnit">
            <label :class="prodUnits.secondaryUnit + '-label ct-form-check-label mb-0'" :for="prodUnits.secondaryUnit + '-' + pid + '-measurement-unit-ptile' + additionalTag">
            {{prodUnits.secondaryUnit}}
            </label>
            <span class="checkmark"></span>
            </div>
            <div class="ct-form-radio" @click="setDimension">
            <input type="radio" title="" class="ct-form-check-input product-measurement-unit" :data-type="prodUnits.selectedUnit == prodUnits.primaryUnit ? 'primary' : ''" :id="prodUnits.primaryUnit + '-' + pid + '-measurement-unit-ptile' + additionalTag" :name="'measurement-unit-' + pid + '-ptile' + additionalTag" :value="prodUnits.primaryUnit" v-model="prodUnits.selectedUnit">
            <label :class="prodUnits.primaryUnit + '-label ct-form-check-label mb-0'" :for="prodUnits.primaryUnit + '-' + pid + '-measurement-unit-ptile' + additionalTag">
            {{prodUnits.primaryUnit}}
            </label>
            <span class="checkmark"></span>
            </div>
            </div>
            <template v-if="!isPDP &amp;&amp; isPriceAvailable">
            <span class="quantity-error ct-span-error product-max-allocation" v-if="isMaxQtyReached">
            Quantidade máxima atingida
            </span>
            <span class="quantity-error ct-span-product product-allocation" v-if="!isMinQtyReached &amp;&amp; !isMaxQtyReached">
            {{quantitySelected}} no carrinho
            </span>
            <span class="quantity-error ct-span-error product-min-allocation" :data-pid="pid" v-if="isMinQtyReached &amp;&amp; !isMaxQtyReached">
            Quantidade mínima atingida
            </span>
            </template>
            </template>
            </div>
            <input class="quantity-value-mask d-none" name="quantity" type="number" min="0" value="">
            </div>
            <button type="button" class="add-to-cart button js-add-to-cart js-add-to-cart-tile 6246547 button--primary dynamic-layout-btn" data-toggle="modal" data-target="#chooseBonusProductModal" data-pid="6246547" data-quantity-value="null" aria-label="Carrinho">
            <span class="d-block d-sm-none">
            <span class="svg-wrapper svg-icon-cart" style="width:20px; height:20px">
            <svg class="svg-inline icon-cart" xmlns="http://www.w3.org/2000/svg" viewBox="0 0 500 500" width="100%" height="100%"><path fill="#EB0203" fill-rule="evenodd" d="M 485.67317,94.386311 C 476.37798,83.847129 463.09468,78.03348 448.30404,78.03348 H 90.690813 L 87.079511,51.327997 C 83.185582,22.539551 62.962285,0 41.011841,0 H 14.727836 C 6.563151,0 0,6.5286975 0,14.580758 c 0,8.05206 6.5945535,14.580758 14.727836,14.580758 h 26.284005 c 4.710398,0 14.696435,9.855222 16.894619,26.021523 L 100.01739,368.0631 c 1.88416,13.77244 9.01256,26.70549 20.1605,36.37417 8.25889,7.15046 18.02511,11.9071 28.26237,13.89679 -4.17655,7.58572 -6.53175,16.25957 -6.53175,25.493 0,29.53459 24.27424,53.59751 54.13815,53.59751 29.8325,0 54.13814,-24.03184 54.13814,-53.59751 0,-8.79818 -2.19818,-17.09897 -5.9979,-24.43598 h 77.12488 c -3.79973,7.33701 -5.96652,15.6378 -5.96652,24.43598 0,29.53459 24.27424,53.59751 54.13817,53.59751 29.83249,0 54.13814,-24.03184 54.13814,-53.59751 0,-8.79818 -2.1982,-17.09897 -5.9979,-24.43598 h 38.56243 c 8.13328,0 14.72783,-6.5287 14.72783,-14.61183 0,-8.02098 -6.59455,-14.54967 -14.72783,-14.54967 H 159.24277 c -14.38241,0 -28.13677,-11.90711 -30.02092,-26.02153 l -3.07746,-22.88154 h 290.6314 c 14.03698,0 27.94834,-5.28513 39.06488,-14.95381 11.11652,-9.6376 18.27632,-22.57065 20.16048,-36.37417 l 21.10259,-156.78201 c 1.94694,-14.51858 -2.10398,-28.29103 -11.43057,-38.861299 z M 220.76053,443.82706 c 0,13.49265 -11.08513,24.46709 -24.68247,24.46709 -13.62874,0 -24.71387,-10.97444 -24.71387,-24.46709 0,-13.49262 11.08513,-24.43598 24.71387,-24.43598 13.59734,0 24.68247,10.94336 24.68247,24.43598 z m 173.43675,0 c 0,13.49265 -11.08512,24.46709 -24.68245,24.46709 -13.62876,0 -24.71388,-10.97444 -24.71388,-24.46709 0,-13.49262 11.08512,-24.43598 24.71388,-24.43598 13.59733,0 24.68245,10.94336 24.68245,24.43598 z m 73.7648,-314.46558 -21.13397,156.782 c -1.88416,14.11442 -15.63851,26.05261 -30.02091,26.05261 H 122.25046 L 94.616142,107.19499 H 448.33544 c 6.18632,0 11.61896,2.2695 15.23028,6.37326 3.64269,4.13484 5.21283,9.73086 4.39636,15.79323 z"></path></svg>
            </span>
            </span>
            <span class="add-to-cart--text d-none d-sm-block">Carrinho</span>
            </button>
            </div>
            </div>
            </div>
            </div>
            
            <div class="col-12 d-sm-none">
            </div>
            </div>
            </div>
            </div>
            </div>
            <div class="col-12 col-sm-3 col-lg-2 productTile" data-idx="3">
            
            <script type="text/javascript">//<!--
            /* <![CDATA[ */
            (function(){
            try {
                if(window.CQuotient) {
                var cq_params = {};
                
                cq_params.cookieId = window.CQuotient.getCQCookieId();
                cq_params.userId = window.CQuotient.getCQUserId();
                cq_params.emailId = CQuotient.getCQHashedEmail();
                cq_params.loginId = CQuotient.getCQHashedLogin();
                cq_params.accumulate = true;
                cq_params.products = [{
                    id: '2960790',
                    sku: ''
                }];
                cq_params.categoryId = 'padaria-e-pastelaria-padaria-forma';
                cq_params.refinements = '[{\"name\":\"priceMin\",\"value\":\"0.01\"},{\"name\":\"priceMax\",\"value\":\"null\"},{\"name\":\"curr\",\"value\":\"EUR\"},{\"name\":\"Category\",\"value\":\"padaria-e-pastelaria-padaria-forma\"}]';
                cq_params.personalized = 'false';
                cq_params.sortingRule = 'categories top-sellers';
                cq_params.imageUUID = '__UNDEFINED__';
                cq_params.realm = "BDVS";
                cq_params.siteId = "continente";
                cq_params.instanceType = "prd";
                cq_params.queryLocale = "default";
                cq_params.locale = window.CQuotient.locale;
                
                if(window.CQuotient.sendActivity)
                    window.CQuotient.sendActivity(CQuotient.clientId, 'viewCategory', cq_params);
                else
                    window.CQuotient.activities.push({
                        activityType: 'viewCategory',
                        parameters: cq_params
                    });
              }
            } catch(err) {}
            })();
            /* ]]> */
            // -->
            </script>
            <script type="text/javascript">//<!--
            /* <![CDATA[ (viewCategoryProduct-active_data.js) */
            (function(){
            try {
                if (dw.ac) {
                    var search_params = {};
                    search_params.persd = 'false';
                    search_params.refs = '[{\"name\":\"priceMin\",\"value\":\"0.01\"},{\"name\":\"priceMax\",\"value\":\"null\"},{\"name\":\"curr\",\"value\":\"EUR\"},{\"name\":\"Category\",\"value\":\"padaria-e-pastelaria-padaria-forma\"}]';
                    search_params.sort = 'categories top-sellers';
                    search_params.imageUUID = '';
                    search_params.searchID = '79fd584c-cee5-42dd-a07f-04e8467e04c2';
                    search_params.locale = 'default';
                    search_params.queryLocale = 'default';
                    search_params.showProducts = 'true';
                    dw.ac.applyContext({category: "padaria-e-pastelaria-padaria-forma", searchData: search_params});
                    if (typeof dw.ac._scheduleDataSubmission === "function") {
                        dw.ac._scheduleDataSubmission();
                    }
                }
            } catch(err) {}
            })();
            /* ]]> */
            // -->
            </script>
            <script type="text/javascript">//<!--
            /* <![CDATA[ (viewProduct-active_data.js) */
            dw.ac._capture({id: "2960790", type: "searchhit"});
            /* ]]> */
            // -->
            </script>
            <div class="product" data-pid="2960790">
            <div class="product-tile pid-2960790 ct-product-tile data-layer-pushed" data-delay-time="3000" data-variants-mapping="[]" data-in-cart-msg="no carrinho" data-one-product-added="Adicionado ao carrinho" data-remove-from-cart-msg="Removido do carrinho" data-stay-open="6000.0" data-product-tile-impression="{&quot;name&quot;:&quot;2960790&quot;,&quot;id&quot;:&quot;2960790&quot;,&quot;price&quot;:1.65,&quot;brand&quot;:&quot;Museu do Pão&quot;,&quot;category&quot;:[{&quot;category_level_1&quot;:&quot;Padaria e Pastelaria&quot;},{&quot;category_level_2&quot;:&quot;Padaria&quot;},{&quot;category_level_3&quot;:&quot;Pão de Forma e Embalado&quot;}],&quot;variant&quot;:&quot;&quot;}">
            <div class="ct-inner-tile-wrap row no-gutters justify-content-center align-content-start">
            
            <div class="ct-image-container col-4 col-sm" data-confirmation-image="{&quot;url&quot;:&quot;https://www.continente.pt/dw/image/v2/BDVS_PRD/on/demandware.static/-/Sites-col-master-catalog/default/dw3ddd3b86/images/col/296/2960790-frente.jpg?sw=87&amp;sh=80&quot;,&quot;fallbackimage&quot;:{&quot;url&quot;:&quot;https://www.continente.pt/dw/image/v2/BDVS_PRD/on/demandware.static/Sites-continente-Site/-/default/dw7c42b4da/images/noimagelarge_product.png?sw=87&amp;sh=80&quot;,&quot;title&quot;:&quot;Pão de Centeio Serra da Estrela Fatiado&quot;,&quot;alt&quot;:&quot;Pão de Centeio Serra da Estrela Fatiado&quot;},&quot;title&quot;:&quot;Pão de Centeio Serra da Estrela Fatiado&quot;,&quot;alt&quot;:&quot;Pão de Centeio Serra da Estrela Fatiado&quot;}">
            <a href="https://www.continente.pt/produto/pao-de-centeio-serra-da-estrela-fatiado-museu-do-pao-2960790.html?cgid=padaria-e-pastelaria-padaria-forma">
            <picture class="intrinsic intrinsic--square">
            <img class="ct-tile-image lazyloaded" loading="lazy" onerror="this.onerror=null;this.src='/on/demandware.static/Sites-continente-Site/-/default/dw7c42b4da/images/noimagelarge_product.png';" data-src="https://www.continente.pt/dw/image/v2/BDVS_PRD/on/demandware.static/-/Sites-col-master-catalog/default/dw3ddd3b86/images/col/296/2960790-frente.jpg?sw=280&amp;sh=280" alt="Pão de Centeio Serra da Estrela Fatiado" title="Pão de Centeio Serra da Estrela Fatiado" src="https://www.continente.pt/dw/image/v2/BDVS_PRD/on/demandware.static/-/Sites-col-master-catalog/default/dw3ddd3b86/images/col/296/2960790-frente.jpg?sw=280&amp;sh=280">
            </picture>
            </a>
            <div class="color-swatches d-flex" style="margin-left: 5px;">
            <div class="swatches d-flex">
            </div>
            </div>
            </div>
            <div class="ct-tile-body col col-sm-auto ">
            <div class="ct-pdp-details">
            <div class="ct-pdp-link">
            <a class="ct-tile--description" href="https://www.continente.pt/produto/pao-de-centeio-serra-da-estrela-fatiado-museu-do-pao-2960790.html?cgid=padaria-e-pastelaria-padaria-forma">Pão de Centeio Serra da Estrela Fatiado</a>
            <div class="ct-tile--favorite-top d-sm-none">
            <button class="wishlist-toggler guest-mode inactive button button--tertiary" data-pid="2960790" data-add-url="https://www.continente.pt/on/demandware.store/Sites-continente-Site/default/Wishlist-AddProduct?pid=2960790" data-toggle="tooltip" aria-label="Adicionar aos favoritos " data-original-title="Adicionar aos favoritos" data-placement="top">
            <svg class="active-content" width="100%" height="100%" viewBox="0 0 20 22" fill="none" xmlns="http://www.w3.org/2000/svg">
            <path fill-rule="evenodd" clip-rule="evenodd" d="M0 1.53052C0 0.685236 0.692171 0 1.54601 0H15.0736C15.9274 0 16.6196 0.685235 16.6196 1.53052V13.4064L15.8127 13.922L14.2658 14.2658L12.7189 13.4064L10.6054 14.3818C10.4994 14.2451 10.3327 14.157 10.1452 14.157H6.76329C6.4431 14.157 6.18354 14.414 6.18354 14.731C6.18354 15.0479 6.4431 15.3049 6.76329 15.3049H10.1452C10.2478 15.3049 10.3441 15.2785 10.4277 15.2322L10.3126 16.8439L13.2345 20.2793H1.54601C0.69217 20.2793 0 19.5941 0 18.7488V1.53052ZM6.18354 5.5483C6.18354 5.23132 6.4431 4.97436 6.76329 4.97436H12.3676C12.6878 4.97436 12.9473 5.23132 12.9473 5.5483C12.9473 5.86528 12.6878 6.12224 12.3676 6.12224H6.76329C6.4431 6.12224 6.18354 5.86528 6.18354 5.5483ZM6.76329 11.0961C6.4431 11.0961 6.18354 11.3531 6.18354 11.6701C6.18354 11.987 6.4431 12.244 6.76329 12.244H12.3676C12.6878 12.244 12.9473 11.987 12.9473 11.6701C12.9473 11.3531 12.6878 11.0961 12.3676 11.0961H6.76329ZM6.18354 8.60985C6.18354 8.29287 6.4431 8.03591 6.76329 8.03591H12.3676C12.6878 8.03591 12.9473 8.29287 12.9473 8.60985C12.9473 8.92684 12.6878 9.1838 12.3676 9.1838H6.76329C6.4431 9.1838 6.18354 8.92684 6.18354 8.60985ZM3.67118 5.5483C3.67118 5.23132 3.93075 4.97436 4.25093 4.97436H4.63743C4.95762 4.97436 5.21719 5.23132 5.21719 5.5483C5.21719 5.86528 4.95762 6.12224 4.63743 6.12224H4.25093C3.93075 6.12224 3.67118 5.86528 3.67118 5.5483ZM4.25093 11.0961C3.93075 11.0961 3.67118 11.3531 3.67118 11.6701C3.67118 11.987 3.93075 12.244 4.25093 12.244H4.63743C4.95762 12.244 5.21719 11.987 5.21719 11.6701C5.21719 11.3531 4.95762 11.0961 4.63743 11.0961H4.25093ZM3.67118 8.60985C3.67118 8.29287 3.93075 8.03591 4.25093 8.03591H4.63743C4.95762 8.03591 5.21719 8.29287 5.21719 8.60985C5.21719 8.92684 4.95762 9.1838 4.63743 9.1838H4.25093C3.93075 9.1838 3.67118 8.92684 3.67118 8.60985ZM4.25093 14.157C3.93075 14.157 3.67118 14.414 3.67118 14.731C3.67118 15.0479 3.93075 15.3049 4.25093 15.3049H4.63743C4.95762 15.3049 5.21719 15.0479 5.21719 14.731C5.21719 14.414 4.95762 14.157 4.63743 14.157H4.25093Z" fill="#EB0203"></path>
            <path fill-rule="evenodd" clip-rule="evenodd" d="M14.6252 13.6363C13.4918 12.6215 11.7817 12.5264 10.6569 13.4792C9.12421 14.7764 9.34841 16.8912 10.4409 18.0122L14.0159 21.6742C14.2197 21.8832 14.4928 22 14.7822 22C15.0737 22 15.3448 21.8852 15.5486 21.6762L19.1236 18.0142C20.214 16.8933 20.4423 14.7785 18.9075 13.4792C17.7827 12.5283 16.0724 12.6217 14.9391 13.6365C14.8855 13.6845 14.8331 13.7345 14.7822 13.7866C14.7313 13.7345 14.6789 13.6843 14.6252 13.6363ZM18.1546 14.3522C19.0973 15.1508 18.9962 16.4896 18.2891 17.2173C18.2888 17.2175 18.2886 17.2177 18.2884 17.218L14.7832 20.8084L11.2753 17.2151C11.2752 17.215 11.2751 17.2149 11.2749 17.2148C10.5677 16.4887 10.4678 15.1495 11.4104 14.3518L11.4108 14.3514C12.0745 13.7892 13.2018 13.82 13.9488 14.5846L14.7822 15.4378L15.6157 14.5846C16.3617 13.8211 17.4896 13.79 18.1545 14.3521" fill="#EB0203"></path>
            </svg>
            <svg class="inactive-content" width="100%" height="100%" viewBox="0 0 20 23" fill="none" xmlns="http://www.w3.org/2000/svg">
            <path fill-rule="evenodd" clip-rule="evenodd" d="M6.18408 5.77914C6.18408 5.46223 6.44363 5.20532 6.7638 5.20532H12.3678C12.6879 5.20532 12.9475 5.46223 12.9475 5.77914C12.9475 6.09606 12.6879 6.35297 12.3678 6.35297H6.7638C6.44363 6.35297 6.18408 6.09606 6.18408 5.77914Z" fill="#EB0203"></path>
            <path fill-rule="evenodd" clip-rule="evenodd" d="M6.18408 11.9034C6.18408 11.5865 6.44363 11.3296 6.7638 11.3296H12.3678C12.6879 11.3296 12.9475 11.5865 12.9475 11.9034C12.9475 12.2202 12.6879 12.4771 12.3678 12.4771H6.7638C6.44363 12.4771 6.18408 12.2202 6.18408 11.9034Z" fill="#EB0203"></path>
            <path fill-rule="evenodd" clip-rule="evenodd" d="M6.18408 8.84116C6.18408 8.52424 6.44363 8.26733 6.7638 8.26733H12.3678C12.6879 8.26733 12.9475 8.52424 12.9475 8.84116C12.9475 9.15807 12.6879 9.41498 12.3678 9.41498H6.7638C6.44363 9.41498 6.18408 9.15807 6.18408 8.84116Z" fill="#EB0203"></path>
            <path fill-rule="evenodd" clip-rule="evenodd" d="M6.18408 14.9655C6.18408 14.6486 6.44363 14.3917 6.7638 14.3917H10.1455C10.4657 14.3917 10.7252 14.6486 10.7252 14.9655C10.7252 15.2825 10.4657 15.5394 10.1455 15.5394H6.7638C6.44363 15.5394 6.18408 15.2825 6.18408 14.9655Z" fill="#EB0203"></path>
            <path fill-rule="evenodd" clip-rule="evenodd" d="M3.67139 5.77914C3.67139 5.46223 3.93094 5.20532 4.25111 5.20532H4.63759C4.95776 5.20532 5.21731 5.46223 5.21731 5.77914C5.21731 6.09606 4.95776 6.35297 4.63759 6.35297H4.25111C3.93094 6.35297 3.67139 6.09606 3.67139 5.77914Z" fill="#EB0203"></path>
            <path fill-rule="evenodd" clip-rule="evenodd" d="M3.67139 11.9034C3.67139 11.5865 3.93094 11.3296 4.25111 11.3296H4.63759C4.95776 11.3296 5.21731 11.5865 5.21731 11.9034C5.21731 12.2202 4.95776 12.4771 4.63759 12.4771H4.25111C3.93094 12.4771 3.67139 12.2202 3.67139 11.9034Z" fill="#EB0203"></path>
            <path fill-rule="evenodd" clip-rule="evenodd" d="M3.67139 8.84116C3.67139 8.52424 3.93094 8.26733 4.25111 8.26733H4.63759C4.95776 8.26733 5.21731 8.52424 5.21731 8.84116C5.21731 9.15807 4.95776 9.41498 4.63759 9.41498H4.25111C3.93094 9.41498 3.67139 9.15807 3.67139 8.84116Z" fill="#EB0203"></path>
            <path fill-rule="evenodd" clip-rule="evenodd" d="M3.67139 14.9655C3.67139 14.6486 3.93094 14.3917 4.25111 14.3917H4.63759C4.95776 14.3917 5.21731 14.6486 5.21731 14.9655C5.21731 15.2825 4.95776 15.5394 4.63759 15.5394H4.25111C3.93094 15.5394 3.67139 15.2825 3.67139 14.9655Z" fill="#EB0203"></path>
            <path fill-rule="evenodd" clip-rule="evenodd" d="M0 1.76033C0 0.914738 0.692131 0.229248 1.54592 0.229248H15.0727C15.9265 0.229248 16.6186 0.914738 16.6186 1.76033V11.2818C16.6186 11.5989 16.3591 11.8559 16.0389 11.8559C15.7187 11.8559 15.4592 11.5989 15.4592 11.2818V1.76033C15.4592 1.54893 15.2862 1.37756 15.0727 1.37756H1.54592C1.33247 1.37756 1.15944 1.54893 1.15944 1.76033V18.985C1.15944 19.1964 1.33247 19.3678 1.54592 19.3678H9.27551C9.59568 19.3678 9.85523 19.6249 9.85523 19.942C9.85523 20.2591 9.59568 20.5161 9.27551 20.5161H1.54592C0.692131 20.5161 0 19.8306 0 18.985V1.76033Z" fill="#EB0203"></path>
            <path fill-rule="evenodd" clip-rule="evenodd" d="M14.6254 13.8718C13.4921 12.8567 11.7821 12.7615 10.6574 13.7147C9.12472 15.0124 9.34891 17.128 10.4413 18.2493L14.0161 21.9126C14.2199 22.1217 14.493 22.2386 14.7824 22.2386C15.0739 22.2386 15.3449 22.1238 15.5487 21.9147L19.1235 18.2514C20.2139 17.13 20.4422 15.0144 18.9075 13.7147C17.7827 12.7634 16.0726 12.8569 14.9392 13.872C14.8856 13.92 14.8333 13.9701 14.7824 14.0222C14.7314 13.97 14.6791 13.9199 14.6254 13.8718ZM18.1546 14.588C19.0972 15.3869 18.9961 16.7262 18.2891 17.4541C18.2888 17.4543 18.2886 17.4546 18.2884 17.4548L14.7834 21.0466L11.2757 17.452C11.2756 17.4519 11.2755 17.4517 11.2753 17.4516C10.5681 16.7252 10.4682 15.3856 11.4108 14.5876L11.4112 14.5872C12.0748 14.0248 13.202 14.0556 13.949 14.8205L14.7824 15.674L15.6158 14.8205C16.3618 14.0567 17.4896 14.0256 18.1545 14.5879" fill="#EB0203"></path>
            </svg>
            </button>
            </div>
            </div>
            <p class="ct-tile--brand">Museu do Pão</p>
            <p class="ct-tile--quantity">emb. 450 gr</p>
            </div>
            <div class="ct-tile-bottom row no-gutters justify-content-between">
            <div class="ct-price-wrap col-8 col-sm-12">
            <div class="price js-product-price">
            <div class="prices-wrapper">
            <span class="sales ct-tile--price-primary ">
            <span class="value" content="1.65">
            <span class="ct-price-formatted">
            €1,65
            </span>
            <span class="ct-m-unit">
            /un
            </span>
            </span>
            </span>
            </div>
            <div class="ct-tile--price-secondary">
            <span class="ct-price-value">
            €3,67
            </span>
            <span class="ct-m-unit">
            /kg
            </span>
            </div>
            </div>
            </div>
            <div class="ct-tile-buy-section d-flex justify-content-center no-gutters col-auto col-sm-12">
            <div class="col-2 d-sm-flex d-none">
            <button class="wishlist-toggler guest-mode inactive button button--tertiary" data-pid="2960790" data-add-url="https://www.continente.pt/on/demandware.store/Sites-continente-Site/default/Wishlist-AddProduct?pid=2960790" data-toggle="tooltip" aria-label="Adicionar aos favoritos " data-original-title="Adicionar aos favoritos" data-placement="top">
            <svg class="active-content" width="100%" height="100%" viewBox="0 0 20 22" fill="none" xmlns="http://www.w3.org/2000/svg">
            <path fill-rule="evenodd" clip-rule="evenodd" d="M0 1.53052C0 0.685236 0.692171 0 1.54601 0H15.0736C15.9274 0 16.6196 0.685235 16.6196 1.53052V13.4064L15.8127 13.922L14.2658 14.2658L12.7189 13.4064L10.6054 14.3818C10.4994 14.2451 10.3327 14.157 10.1452 14.157H6.76329C6.4431 14.157 6.18354 14.414 6.18354 14.731C6.18354 15.0479 6.4431 15.3049 6.76329 15.3049H10.1452C10.2478 15.3049 10.3441 15.2785 10.4277 15.2322L10.3126 16.8439L13.2345 20.2793H1.54601C0.69217 20.2793 0 19.5941 0 18.7488V1.53052ZM6.18354 5.5483C6.18354 5.23132 6.4431 4.97436 6.76329 4.97436H12.3676C12.6878 4.97436 12.9473 5.23132 12.9473 5.5483C12.9473 5.86528 12.6878 6.12224 12.3676 6.12224H6.76329C6.4431 6.12224 6.18354 5.86528 6.18354 5.5483ZM6.76329 11.0961C6.4431 11.0961 6.18354 11.3531 6.18354 11.6701C6.18354 11.987 6.4431 12.244 6.76329 12.244H12.3676C12.6878 12.244 12.9473 11.987 12.9473 11.6701C12.9473 11.3531 12.6878 11.0961 12.3676 11.0961H6.76329ZM6.18354 8.60985C6.18354 8.29287 6.4431 8.03591 6.76329 8.03591H12.3676C12.6878 8.03591 12.9473 8.29287 12.9473 8.60985C12.9473 8.92684 12.6878 9.1838 12.3676 9.1838H6.76329C6.4431 9.1838 6.18354 8.92684 6.18354 8.60985ZM3.67118 5.5483C3.67118 5.23132 3.93075 4.97436 4.25093 4.97436H4.63743C4.95762 4.97436 5.21719 5.23132 5.21719 5.5483C5.21719 5.86528 4.95762 6.12224 4.63743 6.12224H4.25093C3.93075 6.12224 3.67118 5.86528 3.67118 5.5483ZM4.25093 11.0961C3.93075 11.0961 3.67118 11.3531 3.67118 11.6701C3.67118 11.987 3.93075 12.244 4.25093 12.244H4.63743C4.95762 12.244 5.21719 11.987 5.21719 11.6701C5.21719 11.3531 4.95762 11.0961 4.63743 11.0961H4.25093ZM3.67118 8.60985C3.67118 8.29287 3.93075 8.03591 4.25093 8.03591H4.63743C4.95762 8.03591 5.21719 8.29287 5.21719 8.60985C5.21719 8.92684 4.95762 9.1838 4.63743 9.1838H4.25093C3.93075 9.1838 3.67118 8.92684 3.67118 8.60985ZM4.25093 14.157C3.93075 14.157 3.67118 14.414 3.67118 14.731C3.67118 15.0479 3.93075 15.3049 4.25093 15.3049H4.63743C4.95762 15.3049 5.21719 15.0479 5.21719 14.731C5.21719 14.414 4.95762 14.157 4.63743 14.157H4.25093Z" fill="#EB0203"></path>
            <path fill-rule="evenodd" clip-rule="evenodd" d="M14.6252 13.6363C13.4918 12.6215 11.7817 12.5264 10.6569 13.4792C9.12421 14.7764 9.34841 16.8912 10.4409 18.0122L14.0159 21.6742C14.2197 21.8832 14.4928 22 14.7822 22C15.0737 22 15.3448 21.8852 15.5486 21.6762L19.1236 18.0142C20.214 16.8933 20.4423 14.7785 18.9075 13.4792C17.7827 12.5283 16.0724 12.6217 14.9391 13.6365C14.8855 13.6845 14.8331 13.7345 14.7822 13.7866C14.7313 13.7345 14.6789 13.6843 14.6252 13.6363ZM18.1546 14.3522C19.0973 15.1508 18.9962 16.4896 18.2891 17.2173C18.2888 17.2175 18.2886 17.2177 18.2884 17.218L14.7832 20.8084L11.2753 17.2151C11.2752 17.215 11.2751 17.2149 11.2749 17.2148C10.5677 16.4887 10.4678 15.1495 11.4104 14.3518L11.4108 14.3514C12.0745 13.7892 13.2018 13.82 13.9488 14.5846L14.7822 15.4378L15.6157 14.5846C16.3617 13.8211 17.4896 13.79 18.1545 14.3521" fill="#EB0203"></path>
            </svg>
            <svg class="inactive-content" width="100%" height="100%" viewBox="0 0 20 23" fill="none" xmlns="http://www.w3.org/2000/svg">
            <path fill-rule="evenodd" clip-rule="evenodd" d="M6.18408 5.77914C6.18408 5.46223 6.44363 5.20532 6.7638 5.20532H12.3678C12.6879 5.20532 12.9475 5.46223 12.9475 5.77914C12.9475 6.09606 12.6879 6.35297 12.3678 6.35297H6.7638C6.44363 6.35297 6.18408 6.09606 6.18408 5.77914Z" fill="#EB0203"></path>
            <path fill-rule="evenodd" clip-rule="evenodd" d="M6.18408 11.9034C6.18408 11.5865 6.44363 11.3296 6.7638 11.3296H12.3678C12.6879 11.3296 12.9475 11.5865 12.9475 11.9034C12.9475 12.2202 12.6879 12.4771 12.3678 12.4771H6.7638C6.44363 12.4771 6.18408 12.2202 6.18408 11.9034Z" fill="#EB0203"></path>
            <path fill-rule="evenodd" clip-rule="evenodd" d="M6.18408 8.84116C6.18408 8.52424 6.44363 8.26733 6.7638 8.26733H12.3678C12.6879 8.26733 12.9475 8.52424 12.9475 8.84116C12.9475 9.15807 12.6879 9.41498 12.3678 9.41498H6.7638C6.44363 9.41498 6.18408 9.15807 6.18408 8.84116Z" fill="#EB0203"></path>
            <path fill-rule="evenodd" clip-rule="evenodd" d="M6.18408 14.9655C6.18408 14.6486 6.44363 14.3917 6.7638 14.3917H10.1455C10.4657 14.3917 10.7252 14.6486 10.7252 14.9655C10.7252 15.2825 10.4657 15.5394 10.1455 15.5394H6.7638C6.44363 15.5394 6.18408 15.2825 6.18408 14.9655Z" fill="#EB0203"></path>
            <path fill-rule="evenodd" clip-rule="evenodd" d="M3.67139 5.77914C3.67139 5.46223 3.93094 5.20532 4.25111 5.20532H4.63759C4.95776 5.20532 5.21731 5.46223 5.21731 5.77914C5.21731 6.09606 4.95776 6.35297 4.63759 6.35297H4.25111C3.93094 6.35297 3.67139 6.09606 3.67139 5.77914Z" fill="#EB0203"></path>
            <path fill-rule="evenodd" clip-rule="evenodd" d="M3.67139 11.9034C3.67139 11.5865 3.93094 11.3296 4.25111 11.3296H4.63759C4.95776 11.3296 5.21731 11.5865 5.21731 11.9034C5.21731 12.2202 4.95776 12.4771 4.63759 12.4771H4.25111C3.93094 12.4771 3.67139 12.2202 3.67139 11.9034Z" fill="#EB0203"></path>
            <path fill-rule="evenodd" clip-rule="evenodd" d="M3.67139 8.84116C3.67139 8.52424 3.93094 8.26733 4.25111 8.26733H4.63759C4.95776 8.26733 5.21731 8.52424 5.21731 8.84116C5.21731 9.15807 4.95776 9.41498 4.63759 9.41498H4.25111C3.93094 9.41498 3.67139 9.15807 3.67139 8.84116Z" fill="#EB0203"></path>
            <path fill-rule="evenodd" clip-rule="evenodd" d="M3.67139 14.9655C3.67139 14.6486 3.93094 14.3917 4.25111 14.3917H4.63759C4.95776 14.3917 5.21731 14.6486 5.21731 14.9655C5.21731 15.2825 4.95776 15.5394 4.63759 15.5394H4.25111C3.93094 15.5394 3.67139 15.2825 3.67139 14.9655Z" fill="#EB0203"></path>
            <path fill-rule="evenodd" clip-rule="evenodd" d="M0 1.76033C0 0.914738 0.692131 0.229248 1.54592 0.229248H15.0727C15.9265 0.229248 16.6186 0.914738 16.6186 1.76033V11.2818C16.6186 11.5989 16.3591 11.8559 16.0389 11.8559C15.7187 11.8559 15.4592 11.5989 15.4592 11.2818V1.76033C15.4592 1.54893 15.2862 1.37756 15.0727 1.37756H1.54592C1.33247 1.37756 1.15944 1.54893 1.15944 1.76033V18.985C1.15944 19.1964 1.33247 19.3678 1.54592 19.3678H9.27551C9.59568 19.3678 9.85523 19.6249 9.85523 19.942C9.85523 20.2591 9.59568 20.5161 9.27551 20.5161H1.54592C0.692131 20.5161 0 19.8306 0 18.985V1.76033Z" fill="#EB0203"></path>
            <path fill-rule="evenodd" clip-rule="evenodd" d="M14.6254 13.8718C13.4921 12.8567 11.7821 12.7615 10.6574 13.7147C9.12472 15.0124 9.34891 17.128 10.4413 18.2493L14.0161 21.9126C14.2199 22.1217 14.493 22.2386 14.7824 22.2386C15.0739 22.2386 15.3449 22.1238 15.5487 21.9147L19.1235 18.2514C20.2139 17.13 20.4422 15.0144 18.9075 13.7147C17.7827 12.7634 16.0726 12.8569 14.9392 13.872C14.8856 13.92 14.8333 13.9701 14.7824 14.0222C14.7314 13.97 14.6791 13.9199 14.6254 13.8718ZM18.1546 14.588C19.0972 15.3869 18.9961 16.7262 18.2891 17.4541C18.2888 17.4543 18.2886 17.4546 18.2884 17.4548L14.7834 21.0466L11.2757 17.452C11.2756 17.4519 11.2755 17.4517 11.2753 17.4516C10.5681 16.7252 10.4682 15.3856 11.4108 14.5876L11.4112 14.5872C12.0748 14.0248 13.202 14.0556 13.949 14.8205L14.7824 15.674L15.6158 14.8205C16.3618 14.0567 17.4896 14.0256 18.1545 14.5879" fill="#EB0203"></path>
            </svg>
            </button>
            </div>
            <div class="col-sm-10 col-12">
            <div class="ct-tile-quantity d-none" data-pid="2960790">
            <input type="hidden" class="add-to-cart-url" value="https://www.continente.pt/on/demandware.store/Sites-continente-Site/default/Cart-AddProduct">
            <div class="d-none tile-delete-confirmation-btn" data-pid="2960790" data-delay-time="3000" data-in-cart-msg="no carrinho" data-one-product-added="Adicionado ao carrinho" data-remove-from-cart-msg="Removido do carrinho" data-stay-open="6000.0" data-confirmation-image="{&quot;url&quot;:&quot;https://www.continente.pt/dw/image/v2/BDVS_PRD/on/demandware.static/-/Sites-col-master-catalog/default/dw3ddd3b86/images/col/296/2960790-frente.jpg?sw=87&amp;sh=80&quot;,&quot;fallbackimage&quot;:{&quot;url&quot;:&quot;https://www.continente.pt/dw/image/v2/BDVS_PRD/on/demandware.static/Sites-continente-Site/-/default/dw7c42b4da/images/noimagelarge_product.png?sw=87&amp;sh=80&quot;,&quot;title&quot;:&quot;Pão de Centeio Serra da Estrela Fatiado&quot;,&quot;alt&quot;:&quot;Pão de Centeio Serra da Estrela Fatiado&quot;},&quot;title&quot;:&quot;Pão de Centeio Serra da Estrela Fatiado&quot;,&quot;alt&quot;:&quot;Pão de Centeio Serra da Estrela Fatiado&quot;}"></div>
            <div class="ct-tile-quantity-update quantity-update product-qty-vue" data-remove-action="https://www.continente.pt/on/demandware.store/Sites-continente-Site/default/Cart-RemoveProductLineItem" data-action="https://www.continente.pt/on/demandware.store/Sites-continente-Site/default/Cart-UpdateQuantity" data-dimension-update="https://www.continente.pt/on/demandware.store/Sites-continente-Site/default/Cart-DimensionUpdate" data-pid="2960790" data-uuid="fa194d4adb2a9be116815bf401" data-add-delay="500.0" data-measure-options="{&quot;hasConversionRate&quot;:false,&quot;hasAlternativeSaleUnit&quot;:false,&quot;unitConversionRate&quot;:0,&quot;minOrderQuantity&quot;:1,&quot;stepQuantity&quot;:1,&quot;primaryunit&quot;:&quot;un&quot;,&quot;secondaryunit&quot;:&quot;kg&quot;,&quot;selectedunit&quot;:&quot;primary&quot;,&quot;maxNumberOfUnitsPerSale&quot;:50}" data-price-available="null" :data-has-error="isMaxQtyReached || isMinQtyReached || qtySelectedMoreThanOne">
            <template v-show="prodUnits">
            <div class="quantity-input-wrapper has-units">
            <label class="visually-hidden" :for="'quantity-' + pid + additionalTag">
            Quantidade no carrinho
            </label>
            <input :ref="'quantityInput-' + pid + additionalTag" class="add-to-cart-quantity form-control ct-form-input text-center" inputmode="numeric" :class="{'is-invalid': isInvalid}" :data-pid="pid + additionalTag" :name="'quantity-' + pid + additionalTag" type="text" aria-label="Insira a quantidade" title="" v-model="displayValue" @change="updateQuantity" @focus="updateQtyFormat" @blur="restoreQtyFormat" :disabled="!isPriceAvailable">
            <span class="quantity-icon quantity-icon--minus">
            <button class="decrease-quantity-btn" @click="updateQuantity" :disabled="!isPriceAvailable" role="button" aria-label="Reduzir quantidade">
            <i class="css-math-minus"></i>
            </button>
            </span>
            <span class="quantity-icon quantity-icon--plus">
            <button class="increase-quantity-btn" @click="updateQuantity" :disabled="isMaxQtyReached || !isPriceAvailable" role="button" aria-label="Aumentar quantidade">
            <i class="css-math-plus"></i>
            </button>
            <span class="quantity-btn-disabled-placeholder"></span>
            </span>
            <template v-if="isPDP">
            <span class="quantity-error ct-span-error text-sm-center product-max-allocation" v-if="isMaxQtyReached">
            Quantidade máxima atingida
            </span>
            <span class="quantity-error ct-span-product text-sm-center product-allocation" v-if="!isMinQtyReached &amp;&amp; !isMaxQtyReached">
            {{quantitySelected}} no carrinho
            </span>
            <span class="quantity-error ct-span-error text-sm-center product-min-allocation" :data-pid="pid" v-if="isMinQtyReached &amp;&amp; !isMaxQtyReached">
            Quantidade mínima atingida
            </span>
            </template>
            </div>
            <template v-if="showNotes">
            <div class="add-note-link-container ">
            <div class="add-note">
            <a href="/produto/pao-de-centeio-serra-da-estrela-fatiado-museu-do-pao-2960790.html?showNote=true" class="ct-add-note-redirect-pdp" aria-label="Adicionar comentário">
            <span class="svg-wrapper svg-icon-notes" style="width:19px; height:20px">
            <svg class="svg-inline icon-notes" viewBox="0 0 28 30" xmlns="http://www.w3.org/2000/svg" width="100%" height="100%"><path d="M21.738 0C22.985 0 24 1.04 24 2.319V12.47c0 .469-.37.848-.828.848-.457 0-.827-.38-.827-.848V2.32c0-.343-.273-.622-.607-.622H2.262c-.334 0-.607.279-.607.622V27.68c0 .343.273.622.607.622h7.81c.457 0 .827.38.827.849 0 .468-.37.848-.827.848h-7.81C1.015 30 0 28.96 0 27.681V2.32C0 1.04 1.015 0 2.262 0h19.476zm2.844 16.004l.227.007c.823.053 1.589.39 2.176.964.64.627.993 1.46.993 2.349 0 .888-.353 1.722-.993 2.348l-6.83 6.665c-.11.108-.247.186-.397.226l-5.032 1.363c-.078.021-.16.032-.241.032-.242 0-.478-.097-.647-.266-.23-.231-.314-.566-.218-.874l1.49-4.798c.044-.139.122-.266.227-.369l6.844-6.677c.64-.625 1.493-.97 2.401-.97zm-2.886 3.94l-4.922 4.802-.947 3.048 3.22-.872 4.897-4.78-2.248-2.197zm2.887-2.174c-.425 0-.824.162-1.124.455l-.484.472 2.248 2.197.484-.472c.62-.606.62-1.591 0-2.197l-.117-.104c-.283-.227-.636-.35-1.007-.35zm-10.839.022c.498 0 .904.396.904.883 0 .488-.406.884-.904.884H5.946c-.499 0-.904-.396-.904-.884 0-.487.405-.883.904-.883zm5.042-4.876c.498 0 .904.397.904.884s-.406.884-.904.884H5.946c-.499 0-.904-.397-.904-.884s.405-.884.904-.884zm0-4.875c.498 0 .904.396.904.884 0 .487-.406.883-.904.883H5.946c-.499 0-.904-.396-.904-.883 0-.488.405-.884.904-.884z" fill="#EB0203" fill-rule="evenodd"></path></svg>
            </span>
            <div class="available-note d-none"></div>
            </a>
            </div>
            </div>
            </template>
            <div class="measurement-unit-section" v-if="isPriceAvailable &amp;&amp; prodUnits ? prodUnits.hasAlternativeUnit : false">
            <div class="ct-form-radio" @click="setDimension">
            <input type="radio" title="" class="ct-form-check-input product-measurement-unit" :data-type="prodUnits.selectedUnit == prodUnits.secondaryUnit ? 'primary' : ''" :id="prodUnits.secondaryUnit + '-' + pid + '-measurement-unit-ptile' + additionalTag" :name="'measurement-unit-' + pid + '-ptile' + additionalTag" :value="prodUnits.secondaryUnit" v-model="prodUnits.selectedUnit">
            <label :class="prodUnits.secondaryUnit + '-label ct-form-check-label mb-0'" :for="prodUnits.secondaryUnit + '-' + pid + '-measurement-unit-ptile' + additionalTag">
            {{prodUnits.secondaryUnit}}
            </label>
            <span class="checkmark"></span>
            </div>
            <div class="ct-form-radio" @click="setDimension">
            <input type="radio" title="" class="ct-form-check-input product-measurement-unit" :data-type="prodUnits.selectedUnit == prodUnits.primaryUnit ? 'primary' : ''" :id="prodUnits.primaryUnit + '-' + pid + '-measurement-unit-ptile' + additionalTag" :name="'measurement-unit-' + pid + '-ptile' + additionalTag" :value="prodUnits.primaryUnit" v-model="prodUnits.selectedUnit">
            <label :class="prodUnits.primaryUnit + '-label ct-form-check-label mb-0'" :for="prodUnits.primaryUnit + '-' + pid + '-measurement-unit-ptile' + additionalTag">
            {{prodUnits.primaryUnit}}
            </label>
            <span class="checkmark"></span>
            </div>
            </div>
            <template v-if="!isPDP &amp;&amp; isPriceAvailable">
            <span class="quantity-error ct-span-error product-max-allocation" v-if="isMaxQtyReached">
            Quantidade máxima atingida
            </span>
            <span class="quantity-error ct-span-product product-allocation" v-if="!isMinQtyReached &amp;&amp; !isMaxQtyReached">
            {{quantitySelected}} no carrinho
            </span>
            <span class="quantity-error ct-span-error product-min-allocation" :data-pid="pid" v-if="isMinQtyReached &amp;&amp; !isMaxQtyReached">
            Quantidade mínima atingida
            </span>
            </template>
            </template>
            </div>
            <input class="quantity-value-mask d-none" name="quantity" type="number" min="0" value="">
            </div>
            <button type="button" class="add-to-cart button js-add-to-cart js-add-to-cart-tile 2960790 button--primary dynamic-layout-btn" data-toggle="modal" data-target="#chooseBonusProductModal" data-pid="2960790" data-quantity-value="null" aria-label="Carrinho">
            <span class="d-block d-sm-none">
            <span class="svg-wrapper svg-icon-cart" style="width:20px; height:20px">
            <svg class="svg-inline icon-cart" xmlns="http://www.w3.org/2000/svg" viewBox="0 0 500 500" width="100%" height="100%"><path fill="#EB0203" fill-rule="evenodd" d="M 485.67317,94.386311 C 476.37798,83.847129 463.09468,78.03348 448.30404,78.03348 H 90.690813 L 87.079511,51.327997 C 83.185582,22.539551 62.962285,0 41.011841,0 H 14.727836 C 6.563151,0 0,6.5286975 0,14.580758 c 0,8.05206 6.5945535,14.580758 14.727836,14.580758 h 26.284005 c 4.710398,0 14.696435,9.855222 16.894619,26.021523 L 100.01739,368.0631 c 1.88416,13.77244 9.01256,26.70549 20.1605,36.37417 8.25889,7.15046 18.02511,11.9071 28.26237,13.89679 -4.17655,7.58572 -6.53175,16.25957 -6.53175,25.493 0,29.53459 24.27424,53.59751 54.13815,53.59751 29.8325,0 54.13814,-24.03184 54.13814,-53.59751 0,-8.79818 -2.19818,-17.09897 -5.9979,-24.43598 h 77.12488 c -3.79973,7.33701 -5.96652,15.6378 -5.96652,24.43598 0,29.53459 24.27424,53.59751 54.13817,53.59751 29.83249,0 54.13814,-24.03184 54.13814,-53.59751 0,-8.79818 -2.1982,-17.09897 -5.9979,-24.43598 h 38.56243 c 8.13328,0 14.72783,-6.5287 14.72783,-14.61183 0,-8.02098 -6.59455,-14.54967 -14.72783,-14.54967 H 159.24277 c -14.38241,0 -28.13677,-11.90711 -30.02092,-26.02153 l -3.07746,-22.88154 h 290.6314 c 14.03698,0 27.94834,-5.28513 39.06488,-14.95381 11.11652,-9.6376 18.27632,-22.57065 20.16048,-36.37417 l 21.10259,-156.78201 c 1.94694,-14.51858 -2.10398,-28.29103 -11.43057,-38.861299 z M 220.76053,443.82706 c 0,13.49265 -11.08513,24.46709 -24.68247,24.46709 -13.62874,0 -24.71387,-10.97444 -24.71387,-24.46709 0,-13.49262 11.08513,-24.43598 24.71387,-24.43598 13.59734,0 24.68247,10.94336 24.68247,24.43598 z m 173.43675,0 c 0,13.49265 -11.08512,24.46709 -24.68245,24.46709 -13.62876,0 -24.71388,-10.97444 -24.71388,-24.46709 0,-13.49262 11.08512,-24.43598 24.71388,-24.43598 13.59733,0 24.68245,10.94336 24.68245,24.43598 z m 73.7648,-314.46558 -21.13397,156.782 c -1.88416,14.11442 -15.63851,26.05261 -30.02091,26.05261 H 122.25046 L 94.616142,107.19499 H 448.33544 c 6.18632,0 11.61896,2.2695 15.23028,6.37326 3.64269,4.13484 5.21283,9.73086 4.39636,15.79323 z"></path></svg>
            </span>
            </span>
            <span class="add-to-cart--text d-none d-sm-block">Carrinho</span>
            </button>
            </div>
            </div>
            </div>
            </div>
            
            <div class="col-12 d-sm-none">
            </div>
            </div>
            </div>
            </div>
            </div>
            <div class="col-12 col-sm-3 col-lg-2 productTile" data-idx="4">
            
            <script type="text/javascript">//<!--
            /* <![CDATA[ */
            (function(){
            try {
                if(window.CQuotient) {
                var cq_params = {};
                
                cq_params.cookieId = window.CQuotient.getCQCookieId();
                cq_params.userId = window.CQuotient.getCQUserId();
                cq_params.emailId = CQuotient.getCQHashedEmail();
                cq_params.loginId = CQuotient.getCQHashedLogin();
                cq_params.accumulate = true;
                cq_params.products = [{
                    id: '7431754',
                    sku: ''
                }];
                cq_params.categoryId = 'padaria-e-pastelaria-padaria-forma';
                cq_params.refinements = '[{\"name\":\"priceMin\",\"value\":\"0.01\"},{\"name\":\"priceMax\",\"value\":\"null\"},{\"name\":\"curr\",\"value\":\"EUR\"},{\"name\":\"Category\",\"value\":\"padaria-e-pastelaria-padaria-forma\"}]';
                cq_params.personalized = 'false';
                cq_params.sortingRule = 'categories top-sellers';
                cq_params.imageUUID = '__UNDEFINED__';
                cq_params.realm = "BDVS";
                cq_params.siteId = "continente";
                cq_params.instanceType = "prd";
                cq_params.queryLocale = "default";
                cq_params.locale = window.CQuotient.locale;
                
                if(window.CQuotient.sendActivity)
                    window.CQuotient.sendActivity(CQuotient.clientId, 'viewCategory', cq_params);
                else
                    window.CQuotient.activities.push({
                        activityType: 'viewCategory',
                        parameters: cq_params
                    });
              }
            } catch(err) {}
            })();
            /* ]]> */
            // -->
            </script>
            <script type="text/javascript">//<!--
            /* <![CDATA[ (viewCategoryProduct-active_data.js) */
            (function(){
            try {
                if (dw.ac) {
                    var search_params = {};
                    search_params.persd = 'false';
                    search_params.refs = '[{\"name\":\"priceMin\",\"value\":\"0.01\"},{\"name\":\"priceMax\",\"value\":\"null\"},{\"name\":\"curr\",\"value\":\"EUR\"},{\"name\":\"Category\",\"value\":\"padaria-e-pastelaria-padaria-forma\"}]';
                    search_params.sort = 'categories top-sellers';
                    search_params.imageUUID = '';
                    search_params.searchID = '79fd584c-cee5-42dd-a07f-04e8467e04c2';
                    search_params.locale = 'default';
                    search_params.queryLocale = 'default';
                    search_params.showProducts = 'true';
                    dw.ac.applyContext({category: "padaria-e-pastelaria-padaria-forma", searchData: search_params});
                    if (typeof dw.ac._scheduleDataSubmission === "function") {
                        dw.ac._scheduleDataSubmission();
                    }
                }
            } catch(err) {}
            })();
            /* ]]> */
            // -->
            </script>
            <script type="text/javascript">//<!--
            /* <![CDATA[ (viewProduct-active_data.js) */
            dw.ac._capture({id: "7431754", type: "searchhit"});
            /* ]]> */
            // -->
            </script>
            <div class="product" data-pid="7431754">
            <div class="product-tile pid-7431754 ct-product-tile data-layer-pushed" data-delay-time="3000" data-variants-mapping="[]" data-in-cart-msg="no carrinho" data-one-product-added="Adicionado ao carrinho" data-remove-from-cart-msg="Removido do carrinho" data-stay-open="6000.0" data-product-tile-impression="{&quot;name&quot;:&quot;7431754&quot;,&quot;id&quot;:&quot;7431754&quot;,&quot;price&quot;:3.99,&quot;brand&quot;:&quot;Garcia&quot;,&quot;category&quot;:[{&quot;category_level_1&quot;:&quot;Padaria e Pastelaria&quot;},{&quot;category_level_2&quot;:&quot;Padaria&quot;},{&quot;category_level_3&quot;:&quot;Pão de Forma e Embalado&quot;}],&quot;variant&quot;:&quot;&quot;}">
            <div class="ct-inner-tile-wrap row no-gutters justify-content-center align-content-start">
            
            <div class="ct-image-container col-4 col-sm" data-confirmation-image="{&quot;url&quot;:&quot;https://www.continente.pt/dw/image/v2/BDVS_PRD/on/demandware.static/-/Sites-col-master-catalog/default/dw134ae9c0/images/col/743/7431754-frente.jpg?sw=87&amp;sh=80&quot;,&quot;fallbackimage&quot;:{&quot;url&quot;:&quot;https://www.continente.pt/dw/image/v2/BDVS_PRD/on/demandware.static/Sites-continente-Site/-/default/dw7c42b4da/images/noimagelarge_product.png?sw=87&amp;sh=80&quot;,&quot;title&quot;:&quot;Pão de Forma Rústico&quot;,&quot;alt&quot;:&quot;Pão de Forma Rústico&quot;},&quot;title&quot;:&quot;Pão de Forma Rústico&quot;,&quot;alt&quot;:&quot;Pão de Forma Rústico&quot;}">
            <a href="https://www.continente.pt/produto/pao-de-forma-rustico-garcia-7431754.html?cgid=padaria-e-pastelaria-padaria-forma">
            <picture class="intrinsic intrinsic--square">
            <img class="ct-tile-image lazyloaded" loading="lazy" onerror="this.onerror=null;this.src='/on/demandware.static/Sites-continente-Site/-/default/dw7c42b4da/images/noimagelarge_product.png';" data-src="https://www.continente.pt/dw/image/v2/BDVS_PRD/on/demandware.static/-/Sites-col-master-catalog/default/dw134ae9c0/images/col/743/7431754-frente.jpg?sw=280&amp;sh=280" alt="Pão de Forma Rústico" title="Pão de Forma Rústico" src="https://www.continente.pt/dw/image/v2/BDVS_PRD/on/demandware.static/-/Sites-col-master-catalog/default/dw134ae9c0/images/col/743/7431754-frente.jpg?sw=280&amp;sh=280">
            </picture>
            </a>
            <div class="color-swatches d-flex" style="margin-left: 5px;">
            <div class="swatches d-flex">
            </div>
            </div>
            </div>
            <div class="ct-tile-body col col-sm-auto ">
            <div class="ct-pdp-details">
            <div class="ct-pdp-link">
            <a class="ct-tile--description" href="https://www.continente.pt/produto/pao-de-forma-rustico-garcia-7431754.html?cgid=padaria-e-pastelaria-padaria-forma">Pão de Forma Rústico</a>
            <div class="ct-tile--favorite-top d-sm-none">
            <button class="wishlist-toggler guest-mode inactive button button--tertiary" data-pid="7431754" data-add-url="https://www.continente.pt/on/demandware.store/Sites-continente-Site/default/Wishlist-AddProduct?pid=7431754" data-toggle="tooltip" aria-label="Adicionar aos favoritos " data-original-title="Adicionar aos favoritos" data-placement="top">
            <svg class="active-content" width="100%" height="100%" viewBox="0 0 20 22" fill="none" xmlns="http://www.w3.org/2000/svg">
            <path fill-rule="evenodd" clip-rule="evenodd" d="M0 1.53052C0 0.685236 0.692171 0 1.54601 0H15.0736C15.9274 0 16.6196 0.685235 16.6196 1.53052V13.4064L15.8127 13.922L14.2658 14.2658L12.7189 13.4064L10.6054 14.3818C10.4994 14.2451 10.3327 14.157 10.1452 14.157H6.76329C6.4431 14.157 6.18354 14.414 6.18354 14.731C6.18354 15.0479 6.4431 15.3049 6.76329 15.3049H10.1452C10.2478 15.3049 10.3441 15.2785 10.4277 15.2322L10.3126 16.8439L13.2345 20.2793H1.54601C0.69217 20.2793 0 19.5941 0 18.7488V1.53052ZM6.18354 5.5483C6.18354 5.23132 6.4431 4.97436 6.76329 4.97436H12.3676C12.6878 4.97436 12.9473 5.23132 12.9473 5.5483C12.9473 5.86528 12.6878 6.12224 12.3676 6.12224H6.76329C6.4431 6.12224 6.18354 5.86528 6.18354 5.5483ZM6.76329 11.0961C6.4431 11.0961 6.18354 11.3531 6.18354 11.6701C6.18354 11.987 6.4431 12.244 6.76329 12.244H12.3676C12.6878 12.244 12.9473 11.987 12.9473 11.6701C12.9473 11.3531 12.6878 11.0961 12.3676 11.0961H6.76329ZM6.18354 8.60985C6.18354 8.29287 6.4431 8.03591 6.76329 8.03591H12.3676C12.6878 8.03591 12.9473 8.29287 12.9473 8.60985C12.9473 8.92684 12.6878 9.1838 12.3676 9.1838H6.76329C6.4431 9.1838 6.18354 8.92684 6.18354 8.60985ZM3.67118 5.5483C3.67118 5.23132 3.93075 4.97436 4.25093 4.97436H4.63743C4.95762 4.97436 5.21719 5.23132 5.21719 5.5483C5.21719 5.86528 4.95762 6.12224 4.63743 6.12224H4.25093C3.93075 6.12224 3.67118 5.86528 3.67118 5.5483ZM4.25093 11.0961C3.93075 11.0961 3.67118 11.3531 3.67118 11.6701C3.67118 11.987 3.93075 12.244 4.25093 12.244H4.63743C4.95762 12.244 5.21719 11.987 5.21719 11.6701C5.21719 11.3531 4.95762 11.0961 4.63743 11.0961H4.25093ZM3.67118 8.60985C3.67118 8.29287 3.93075 8.03591 4.25093 8.03591H4.63743C4.95762 8.03591 5.21719 8.29287 5.21719 8.60985C5.21719 8.92684 4.95762 9.1838 4.63743 9.1838H4.25093C3.93075 9.1838 3.67118 8.92684 3.67118 8.60985ZM4.25093 14.157C3.93075 14.157 3.67118 14.414 3.67118 14.731C3.67118 15.0479 3.93075 15.3049 4.25093 15.3049H4.63743C4.95762 15.3049 5.21719 15.0479 5.21719 14.731C5.21719 14.414 4.95762 14.157 4.63743 14.157H4.25093Z" fill="#EB0203"></path>
            <path fill-rule="evenodd" clip-rule="evenodd" d="M14.6252 13.6363C13.4918 12.6215 11.7817 12.5264 10.6569 13.4792C9.12421 14.7764 9.34841 16.8912 10.4409 18.0122L14.0159 21.6742C14.2197 21.8832 14.4928 22 14.7822 22C15.0737 22 15.3448 21.8852 15.5486 21.6762L19.1236 18.0142C20.214 16.8933 20.4423 14.7785 18.9075 13.4792C17.7827 12.5283 16.0724 12.6217 14.9391 13.6365C14.8855 13.6845 14.8331 13.7345 14.7822 13.7866C14.7313 13.7345 14.6789 13.6843 14.6252 13.6363ZM18.1546 14.3522C19.0973 15.1508 18.9962 16.4896 18.2891 17.2173C18.2888 17.2175 18.2886 17.2177 18.2884 17.218L14.7832 20.8084L11.2753 17.2151C11.2752 17.215 11.2751 17.2149 11.2749 17.2148C10.5677 16.4887 10.4678 15.1495 11.4104 14.3518L11.4108 14.3514C12.0745 13.7892 13.2018 13.82 13.9488 14.5846L14.7822 15.4378L15.6157 14.5846C16.3617 13.8211 17.4896 13.79 18.1545 14.3521" fill="#EB0203"></path>
            </svg>
            <svg class="inactive-content" width="100%" height="100%" viewBox="0 0 20 23" fill="none" xmlns="http://www.w3.org/2000/svg">
            <path fill-rule="evenodd" clip-rule="evenodd" d="M6.18408 5.77914C6.18408 5.46223 6.44363 5.20532 6.7638 5.20532H12.3678C12.6879 5.20532 12.9475 5.46223 12.9475 5.77914C12.9475 6.09606 12.6879 6.35297 12.3678 6.35297H6.7638C6.44363 6.35297 6.18408 6.09606 6.18408 5.77914Z" fill="#EB0203"></path>
            <path fill-rule="evenodd" clip-rule="evenodd" d="M6.18408 11.9034C6.18408 11.5865 6.44363 11.3296 6.7638 11.3296H12.3678C12.6879 11.3296 12.9475 11.5865 12.9475 11.9034C12.9475 12.2202 12.6879 12.4771 12.3678 12.4771H6.7638C6.44363 12.4771 6.18408 12.2202 6.18408 11.9034Z" fill="#EB0203"></path>
            <path fill-rule="evenodd" clip-rule="evenodd" d="M6.18408 8.84116C6.18408 8.52424 6.44363 8.26733 6.7638 8.26733H12.3678C12.6879 8.26733 12.9475 8.52424 12.9475 8.84116C12.9475 9.15807 12.6879 9.41498 12.3678 9.41498H6.7638C6.44363 9.41498 6.18408 9.15807 6.18408 8.84116Z" fill="#EB0203"></path>
            <path fill-rule="evenodd" clip-rule="evenodd" d="M6.18408 14.9655C6.18408 14.6486 6.44363 14.3917 6.7638 14.3917H10.1455C10.4657 14.3917 10.7252 14.6486 10.7252 14.9655C10.7252 15.2825 10.4657 15.5394 10.1455 15.5394H6.7638C6.44363 15.5394 6.18408 15.2825 6.18408 14.9655Z" fill="#EB0203"></path>
            <path fill-rule="evenodd" clip-rule="evenodd" d="M3.67139 5.77914C3.67139 5.46223 3.93094 5.20532 4.25111 5.20532H4.63759C4.95776 5.20532 5.21731 5.46223 5.21731 5.77914C5.21731 6.09606 4.95776 6.35297 4.63759 6.35297H4.25111C3.93094 6.35297 3.67139 6.09606 3.67139 5.77914Z" fill="#EB0203"></path>
            <path fill-rule="evenodd" clip-rule="evenodd" d="M3.67139 11.9034C3.67139 11.5865 3.93094 11.3296 4.25111 11.3296H4.63759C4.95776 11.3296 5.21731 11.5865 5.21731 11.9034C5.21731 12.2202 4.95776 12.4771 4.63759 12.4771H4.25111C3.93094 12.4771 3.67139 12.2202 3.67139 11.9034Z" fill="#EB0203"></path>
            <path fill-rule="evenodd" clip-rule="evenodd" d="M3.67139 8.84116C3.67139 8.52424 3.93094 8.26733 4.25111 8.26733H4.63759C4.95776 8.26733 5.21731 8.52424 5.21731 8.84116C5.21731 9.15807 4.95776 9.41498 4.63759 9.41498H4.25111C3.93094 9.41498 3.67139 9.15807 3.67139 8.84116Z" fill="#EB0203"></path>
            <path fill-rule="evenodd" clip-rule="evenodd" d="M3.67139 14.9655C3.67139 14.6486 3.93094 14.3917 4.25111 14.3917H4.63759C4.95776 14.3917 5.21731 14.6486 5.21731 14.9655C5.21731 15.2825 4.95776 15.5394 4.63759 15.5394H4.25111C3.93094 15.5394 3.67139 15.2825 3.67139 14.9655Z" fill="#EB0203"></path>
            <path fill-rule="evenodd" clip-rule="evenodd" d="M0 1.76033C0 0.914738 0.692131 0.229248 1.54592 0.229248H15.0727C15.9265 0.229248 16.6186 0.914738 16.6186 1.76033V11.2818C16.6186 11.5989 16.3591 11.8559 16.0389 11.8559C15.7187 11.8559 15.4592 11.5989 15.4592 11.2818V1.76033C15.4592 1.54893 15.2862 1.37756 15.0727 1.37756H1.54592C1.33247 1.37756 1.15944 1.54893 1.15944 1.76033V18.985C1.15944 19.1964 1.33247 19.3678 1.54592 19.3678H9.27551C9.59568 19.3678 9.85523 19.6249 9.85523 19.942C9.85523 20.2591 9.59568 20.5161 9.27551 20.5161H1.54592C0.692131 20.5161 0 19.8306 0 18.985V1.76033Z" fill="#EB0203"></path>
            <path fill-rule="evenodd" clip-rule="evenodd" d="M14.6254 13.8718C13.4921 12.8567 11.7821 12.7615 10.6574 13.7147C9.12472 15.0124 9.34891 17.128 10.4413 18.2493L14.0161 21.9126C14.2199 22.1217 14.493 22.2386 14.7824 22.2386C15.0739 22.2386 15.3449 22.1238 15.5487 21.9147L19.1235 18.2514C20.2139 17.13 20.4422 15.0144 18.9075 13.7147C17.7827 12.7634 16.0726 12.8569 14.9392 13.872C14.8856 13.92 14.8333 13.9701 14.7824 14.0222C14.7314 13.97 14.6791 13.9199 14.6254 13.8718ZM18.1546 14.588C19.0972 15.3869 18.9961 16.7262 18.2891 17.4541C18.2888 17.4543 18.2886 17.4546 18.2884 17.4548L14.7834 21.0466L11.2757 17.452C11.2756 17.4519 11.2755 17.4517 11.2753 17.4516C10.5681 16.7252 10.4682 15.3856 11.4108 14.5876L11.4112 14.5872C12.0748 14.0248 13.202 14.0556 13.949 14.8205L14.7824 15.674L15.6158 14.8205C16.3618 14.0567 17.4896 14.0256 18.1545 14.5879" fill="#EB0203"></path>
            </svg>
            </button>
            </div>
            </div>
            <p class="ct-tile--brand">Garcia</p>
            <p class="ct-tile--quantity">emb. 500 gr</p>
            </div>
            <div class="ct-tile-bottom row no-gutters justify-content-between">
            <div class="ct-price-wrap col-8 col-sm-12">
            <div class="price js-product-price">
            <div class="prices-wrapper">
            <span class="sales ct-tile--price-primary ">
            <span class="value" content="3.99">
            <span class="ct-price-formatted">
            €3,99
            </span>
            <span class="ct-m-unit">
            /un
            </span>
            </span>
            </span>
            </div>
            <div class="ct-tile--price-secondary">
            <span class="ct-price-value">
            €7,98
            </span>
            <span class="ct-m-unit">
            /kg
            </span>
            </div>
            </div>
            </div>
            <div class="ct-tile-buy-section d-flex justify-content-center no-gutters col-auto col-sm-12">
            <div class="col-2 d-sm-flex d-none">
            <button class="wishlist-toggler guest-mode inactive button button--tertiary" data-pid="7431754" data-add-url="https://www.continente.pt/on/demandware.store/Sites-continente-Site/default/Wishlist-AddProduct?pid=7431754" data-toggle="tooltip" aria-label="Adicionar aos favoritos " data-original-title="Adicionar aos favoritos" data-placement="top">
            <svg class="active-content" width="100%" height="100%" viewBox="0 0 20 22" fill="none" xmlns="http://www.w3.org/2000/svg">
            <path fill-rule="evenodd" clip-rule="evenodd" d="M0 1.53052C0 0.685236 0.692171 0 1.54601 0H15.0736C15.9274 0 16.6196 0.685235 16.6196 1.53052V13.4064L15.8127 13.922L14.2658 14.2658L12.7189 13.4064L10.6054 14.3818C10.4994 14.2451 10.3327 14.157 10.1452 14.157H6.76329C6.4431 14.157 6.18354 14.414 6.18354 14.731C6.18354 15.0479 6.4431 15.3049 6.76329 15.3049H10.1452C10.2478 15.3049 10.3441 15.2785 10.4277 15.2322L10.3126 16.8439L13.2345 20.2793H1.54601C0.69217 20.2793 0 19.5941 0 18.7488V1.53052ZM6.18354 5.5483C6.18354 5.23132 6.4431 4.97436 6.76329 4.97436H12.3676C12.6878 4.97436 12.9473 5.23132 12.9473 5.5483C12.9473 5.86528 12.6878 6.12224 12.3676 6.12224H6.76329C6.4431 6.12224 6.18354 5.86528 6.18354 5.5483ZM6.76329 11.0961C6.4431 11.0961 6.18354 11.3531 6.18354 11.6701C6.18354 11.987 6.4431 12.244 6.76329 12.244H12.3676C12.6878 12.244 12.9473 11.987 12.9473 11.6701C12.9473 11.3531 12.6878 11.0961 12.3676 11.0961H6.76329ZM6.18354 8.60985C6.18354 8.29287 6.4431 8.03591 6.76329 8.03591H12.3676C12.6878 8.03591 12.9473 8.29287 12.9473 8.60985C12.9473 8.92684 12.6878 9.1838 12.3676 9.1838H6.76329C6.4431 9.1838 6.18354 8.92684 6.18354 8.60985ZM3.67118 5.5483C3.67118 5.23132 3.93075 4.97436 4.25093 4.97436H4.63743C4.95762 4.97436 5.21719 5.23132 5.21719 5.5483C5.21719 5.86528 4.95762 6.12224 4.63743 6.12224H4.25093C3.93075 6.12224 3.67118 5.86528 3.67118 5.5483ZM4.25093 11.0961C3.93075 11.0961 3.67118 11.3531 3.67118 11.6701C3.67118 11.987 3.93075 12.244 4.25093 12.244H4.63743C4.95762 12.244 5.21719 11.987 5.21719 11.6701C5.21719 11.3531 4.95762 11.0961 4.63743 11.0961H4.25093ZM3.67118 8.60985C3.67118 8.29287 3.93075 8.03591 4.25093 8.03591H4.63743C4.95762 8.03591 5.21719 8.29287 5.21719 8.60985C5.21719 8.92684 4.95762 9.1838 4.63743 9.1838H4.25093C3.93075 9.1838 3.67118 8.92684 3.67118 8.60985ZM4.25093 14.157C3.93075 14.157 3.67118 14.414 3.67118 14.731C3.67118 15.0479 3.93075 15.3049 4.25093 15.3049H4.63743C4.95762 15.3049 5.21719 15.0479 5.21719 14.731C5.21719 14.414 4.95762 14.157 4.63743 14.157H4.25093Z" fill="#EB0203"></path>
            <path fill-rule="evenodd" clip-rule="evenodd" d="M14.6252 13.6363C13.4918 12.6215 11.7817 12.5264 10.6569 13.4792C9.12421 14.7764 9.34841 16.8912 10.4409 18.0122L14.0159 21.6742C14.2197 21.8832 14.4928 22 14.7822 22C15.0737 22 15.3448 21.8852 15.5486 21.6762L19.1236 18.0142C20.214 16.8933 20.4423 14.7785 18.9075 13.4792C17.7827 12.5283 16.0724 12.6217 14.9391 13.6365C14.8855 13.6845 14.8331 13.7345 14.7822 13.7866C14.7313 13.7345 14.6789 13.6843 14.6252 13.6363ZM18.1546 14.3522C19.0973 15.1508 18.9962 16.4896 18.2891 17.2173C18.2888 17.2175 18.2886 17.2177 18.2884 17.218L14.7832 20.8084L11.2753 17.2151C11.2752 17.215 11.2751 17.2149 11.2749 17.2148C10.5677 16.4887 10.4678 15.1495 11.4104 14.3518L11.4108 14.3514C12.0745 13.7892 13.2018 13.82 13.9488 14.5846L14.7822 15.4378L15.6157 14.5846C16.3617 13.8211 17.4896 13.79 18.1545 14.3521" fill="#EB0203"></path>
            </svg>
            <svg class="inactive-content" width="100%" height="100%" viewBox="0 0 20 23" fill="none" xmlns="http://www.w3.org/2000/svg">
            <path fill-rule="evenodd" clip-rule="evenodd" d="M6.18408 5.77914C6.18408 5.46223 6.44363 5.20532 6.7638 5.20532H12.3678C12.6879 5.20532 12.9475 5.46223 12.9475 5.77914C12.9475 6.09606 12.6879 6.35297 12.3678 6.35297H6.7638C6.44363 6.35297 6.18408 6.09606 6.18408 5.77914Z" fill="#EB0203"></path>
            <path fill-rule="evenodd" clip-rule="evenodd" d="M6.18408 11.9034C6.18408 11.5865 6.44363 11.3296 6.7638 11.3296H12.3678C12.6879 11.3296 12.9475 11.5865 12.9475 11.9034C12.9475 12.2202 12.6879 12.4771 12.3678 12.4771H6.7638C6.44363 12.4771 6.18408 12.2202 6.18408 11.9034Z" fill="#EB0203"></path>
            <path fill-rule="evenodd" clip-rule="evenodd" d="M6.18408 8.84116C6.18408 8.52424 6.44363 8.26733 6.7638 8.26733H12.3678C12.6879 8.26733 12.9475 8.52424 12.9475 8.84116C12.9475 9.15807 12.6879 9.41498 12.3678 9.41498H6.7638C6.44363 9.41498 6.18408 9.15807 6.18408 8.84116Z" fill="#EB0203"></path>
            <path fill-rule="evenodd" clip-rule="evenodd" d="M6.18408 14.9655C6.18408 14.6486 6.44363 14.3917 6.7638 14.3917H10.1455C10.4657 14.3917 10.7252 14.6486 10.7252 14.9655C10.7252 15.2825 10.4657 15.5394 10.1455 15.5394H6.7638C6.44363 15.5394 6.18408 15.2825 6.18408 14.9655Z" fill="#EB0203"></path>
            <path fill-rule="evenodd" clip-rule="evenodd" d="M3.67139 5.77914C3.67139 5.46223 3.93094 5.20532 4.25111 5.20532H4.63759C4.95776 5.20532 5.21731 5.46223 5.21731 5.77914C5.21731 6.09606 4.95776 6.35297 4.63759 6.35297H4.25111C3.93094 6.35297 3.67139 6.09606 3.67139 5.77914Z" fill="#EB0203"></path>
            <path fill-rule="evenodd" clip-rule="evenodd" d="M3.67139 11.9034C3.67139 11.5865 3.93094 11.3296 4.25111 11.3296H4.63759C4.95776 11.3296 5.21731 11.5865 5.21731 11.9034C5.21731 12.2202 4.95776 12.4771 4.63759 12.4771H4.25111C3.93094 12.4771 3.67139 12.2202 3.67139 11.9034Z" fill="#EB0203"></path>
            <path fill-rule="evenodd" clip-rule="evenodd" d="M3.67139 8.84116C3.67139 8.52424 3.93094 8.26733 4.25111 8.26733H4.63759C4.95776 8.26733 5.21731 8.52424 5.21731 8.84116C5.21731 9.15807 4.95776 9.41498 4.63759 9.41498H4.25111C3.93094 9.41498 3.67139 9.15807 3.67139 8.84116Z" fill="#EB0203"></path>
            <path fill-rule="evenodd" clip-rule="evenodd" d="M3.67139 14.9655C3.67139 14.6486 3.93094 14.3917 4.25111 14.3917H4.63759C4.95776 14.3917 5.21731 14.6486 5.21731 14.9655C5.21731 15.2825 4.95776 15.5394 4.63759 15.5394H4.25111C3.93094 15.5394 3.67139 15.2825 3.67139 14.9655Z" fill="#EB0203"></path>
            <path fill-rule="evenodd" clip-rule="evenodd" d="M0 1.76033C0 0.914738 0.692131 0.229248 1.54592 0.229248H15.0727C15.9265 0.229248 16.6186 0.914738 16.6186 1.76033V11.2818C16.6186 11.5989 16.3591 11.8559 16.0389 11.8559C15.7187 11.8559 15.4592 11.5989 15.4592 11.2818V1.76033C15.4592 1.54893 15.2862 1.37756 15.0727 1.37756H1.54592C1.33247 1.37756 1.15944 1.54893 1.15944 1.76033V18.985C1.15944 19.1964 1.33247 19.3678 1.54592 19.3678H9.27551C9.59568 19.3678 9.85523 19.6249 9.85523 19.942C9.85523 20.2591 9.59568 20.5161 9.27551 20.5161H1.54592C0.692131 20.5161 0 19.8306 0 18.985V1.76033Z" fill="#EB0203"></path>
            <path fill-rule="evenodd" clip-rule="evenodd" d="M14.6254 13.8718C13.4921 12.8567 11.7821 12.7615 10.6574 13.7147C9.12472 15.0124 9.34891 17.128 10.4413 18.2493L14.0161 21.9126C14.2199 22.1217 14.493 22.2386 14.7824 22.2386C15.0739 22.2386 15.3449 22.1238 15.5487 21.9147L19.1235 18.2514C20.2139 17.13 20.4422 15.0144 18.9075 13.7147C17.7827 12.7634 16.0726 12.8569 14.9392 13.872C14.8856 13.92 14.8333 13.9701 14.7824 14.0222C14.7314 13.97 14.6791 13.9199 14.6254 13.8718ZM18.1546 14.588C19.0972 15.3869 18.9961 16.7262 18.2891 17.4541C18.2888 17.4543 18.2886 17.4546 18.2884 17.4548L14.7834 21.0466L11.2757 17.452C11.2756 17.4519 11.2755 17.4517 11.2753 17.4516C10.5681 16.7252 10.4682 15.3856 11.4108 14.5876L11.4112 14.5872C12.0748 14.0248 13.202 14.0556 13.949 14.8205L14.7824 15.674L15.6158 14.8205C16.3618 14.0567 17.4896 14.0256 18.1545 14.5879" fill="#EB0203"></path>
            </svg>
            </button>
            </div>
            <div class="col-sm-10 col-12">
            <div class="ct-tile-quantity d-none" data-pid="7431754">
            <input type="hidden" class="add-to-cart-url" value="https://www.continente.pt/on/demandware.store/Sites-continente-Site/default/Cart-AddProduct">
            <div class="d-none tile-delete-confirmation-btn" data-pid="7431754" data-delay-time="3000" data-in-cart-msg="no carrinho" data-one-product-added="Adicionado ao carrinho" data-remove-from-cart-msg="Removido do carrinho" data-stay-open="6000.0" data-confirmation-image="{&quot;url&quot;:&quot;https://www.continente.pt/dw/image/v2/BDVS_PRD/on/demandware.static/-/Sites-col-master-catalog/default/dw134ae9c0/images/col/743/7431754-frente.jpg?sw=87&amp;sh=80&quot;,&quot;fallbackimage&quot;:{&quot;url&quot;:&quot;https://www.continente.pt/dw/image/v2/BDVS_PRD/on/demandware.static/Sites-continente-Site/-/default/dw7c42b4da/images/noimagelarge_product.png?sw=87&amp;sh=80&quot;,&quot;title&quot;:&quot;Pão de Forma Rústico&quot;,&quot;alt&quot;:&quot;Pão de Forma Rústico&quot;},&quot;title&quot;:&quot;Pão de Forma Rústico&quot;,&quot;alt&quot;:&quot;Pão de Forma Rústico&quot;}"></div>
            <div class="ct-tile-quantity-update quantity-update product-qty-vue" data-remove-action="https://www.continente.pt/on/demandware.store/Sites-continente-Site/default/Cart-RemoveProductLineItem" data-action="https://www.continente.pt/on/demandware.store/Sites-continente-Site/default/Cart-UpdateQuantity" data-dimension-update="https://www.continente.pt/on/demandware.store/Sites-continente-Site/default/Cart-DimensionUpdate" data-pid="7431754" data-uuid="03b7dabc3615dadecbe43cd185" data-add-delay="500.0" data-measure-options="{&quot;hasConversionRate&quot;:false,&quot;hasAlternativeSaleUnit&quot;:false,&quot;unitConversionRate&quot;:0,&quot;minOrderQuantity&quot;:1,&quot;stepQuantity&quot;:1,&quot;primaryunit&quot;:&quot;un&quot;,&quot;secondaryunit&quot;:&quot;kg&quot;,&quot;selectedunit&quot;:&quot;primary&quot;,&quot;maxNumberOfUnitsPerSale&quot;:50}" data-price-available="null" :data-has-error="isMaxQtyReached || isMinQtyReached || qtySelectedMoreThanOne">
            <template v-show="prodUnits">
            <div class="quantity-input-wrapper has-units">
            <label class="visually-hidden" :for="'quantity-' + pid + additionalTag">
            Quantidade no carrinho
            </label>
            <input :ref="'quantityInput-' + pid + additionalTag" class="add-to-cart-quantity form-control ct-form-input text-center" inputmode="numeric" :class="{'is-invalid': isInvalid}" :data-pid="pid + additionalTag" :name="'quantity-' + pid + additionalTag" type="text" aria-label="Insira a quantidade" title="" v-model="displayValue" @change="updateQuantity" @focus="updateQtyFormat" @blur="restoreQtyFormat" :disabled="!isPriceAvailable">
            <span class="quantity-icon quantity-icon--minus">
            <button class="decrease-quantity-btn" @click="updateQuantity" :disabled="!isPriceAvailable" role="button" aria-label="Reduzir quantidade">
            <i class="css-math-minus"></i>
            </button>
            </span>
             <span class="quantity-icon quantity-icon--plus">
            <button class="increase-quantity-btn" @click="updateQuantity" :disabled="isMaxQtyReached || !isPriceAvailable" role="button" aria-label="Aumentar quantidade">
            <i class="css-math-plus"></i>
            </button>
            <span class="quantity-btn-disabled-placeholder"></span>
            </span>
            <template v-if="isPDP">
            <span class="quantity-error ct-span-error text-sm-center product-max-allocation" v-if="isMaxQtyReached">
            Quantidade máxima atingida
            </span>
            <span class="quantity-error ct-span-product text-sm-center product-allocation" v-if="!isMinQtyReached &amp;&amp; !isMaxQtyReached">
            {{quantitySelected}} no carrinho
            </span>
            <span class="quantity-error ct-span-error text-sm-center product-min-allocation" :data-pid="pid" v-if="isMinQtyReached &amp;&amp; !isMaxQtyReached">
            Quantidade mínima atingida
            </span>
            </template>
            </div>
            <template v-if="showNotes">
            <div class="add-note-link-container ">
            <div class="add-note">
            <a href="/produto/pao-de-forma-rustico-garcia-7431754.html?showNote=true" class="ct-add-note-redirect-pdp" aria-label="Adicionar comentário">
            <span class="svg-wrapper svg-icon-notes" style="width:19px; height:20px">
            <svg class="svg-inline icon-notes" viewBox="0 0 28 30" xmlns="http://www.w3.org/2000/svg" width="100%" height="100%"><path d="M21.738 0C22.985 0 24 1.04 24 2.319V12.47c0 .469-.37.848-.828.848-.457 0-.827-.38-.827-.848V2.32c0-.343-.273-.622-.607-.622H2.262c-.334 0-.607.279-.607.622V27.68c0 .343.273.622.607.622h7.81c.457 0 .827.38.827.849 0 .468-.37.848-.827.848h-7.81C1.015 30 0 28.96 0 27.681V2.32C0 1.04 1.015 0 2.262 0h19.476zm2.844 16.004l.227.007c.823.053 1.589.39 2.176.964.64.627.993 1.46.993 2.349 0 .888-.353 1.722-.993 2.348l-6.83 6.665c-.11.108-.247.186-.397.226l-5.032 1.363c-.078.021-.16.032-.241.032-.242 0-.478-.097-.647-.266-.23-.231-.314-.566-.218-.874l1.49-4.798c.044-.139.122-.266.227-.369l6.844-6.677c.64-.625 1.493-.97 2.401-.97zm-2.886 3.94l-4.922 4.802-.947 3.048 3.22-.872 4.897-4.78-2.248-2.197zm2.887-2.174c-.425 0-.824.162-1.124.455l-.484.472 2.248 2.197.484-.472c.62-.606.62-1.591 0-2.197l-.117-.104c-.283-.227-.636-.35-1.007-.35zm-10.839.022c.498 0 .904.396.904.883 0 .488-.406.884-.904.884H5.946c-.499 0-.904-.396-.904-.884 0-.487.405-.883.904-.883zm5.042-4.876c.498 0 .904.397.904.884s-.406.884-.904.884H5.946c-.499 0-.904-.397-.904-.884s.405-.884.904-.884zm0-4.875c.498 0 .904.396.904.884 0 .487-.406.883-.904.883H5.946c-.499 0-.904-.396-.904-.883 0-.488.405-.884.904-.884z" fill="#EB0203" fill-rule="evenodd"></path></svg>
            </span>
            <div class="available-note d-none"></div>
            </a>
            </div>
            </div>
            </template>
            <div class="measurement-unit-section" v-if="isPriceAvailable &amp;&amp; prodUnits ? prodUnits.hasAlternativeUnit : false">
            <div class="ct-form-radio" @click="setDimension">
            <input type="radio" title="" class="ct-form-check-input product-measurement-unit" :data-type="prodUnits.selectedUnit == prodUnits.secondaryUnit ? 'primary' : ''" :id="prodUnits.secondaryUnit + '-' + pid + '-measurement-unit-ptile' + additionalTag" :name="'measurement-unit-' + pid + '-ptile' + additionalTag" :value="prodUnits.secondaryUnit" v-model="prodUnits.selectedUnit">
            <label :class="prodUnits.secondaryUnit + '-label ct-form-check-label mb-0'" :for="prodUnits.secondaryUnit + '-' + pid + '-measurement-unit-ptile' + additionalTag">
            {{prodUnits.secondaryUnit}}
            </label>
            <span class="checkmark"></span>
            </div>
            <div class="ct-form-radio" @click="setDimension">
            <input type="radio" title="" class="ct-form-check-input product-measurement-unit" :data-type="prodUnits.selectedUnit == prodUnits.primaryUnit ? 'primary' : ''" :id="prodUnits.primaryUnit + '-' + pid + '-measurement-unit-ptile' + additionalTag" :name="'measurement-unit-' + pid + '-ptile' + additionalTag" :value="prodUnits.primaryUnit" v-model="prodUnits.selectedUnit">
            <label :class="prodUnits.primaryUnit + '-label ct-form-check-label mb-0'" :for="prodUnits.primaryUnit + '-' + pid + '-measurement-unit-ptile' + additionalTag">
            {{prodUnits.primaryUnit}}
            </label>
            <span class="checkmark"></span>
            </div>
            </div>
            <template v-if="!isPDP &amp;&amp; isPriceAvailable">
            <span class="quantity-error ct-span-error product-max-allocation" v-if="isMaxQtyReached">
            Quantidade máxima atingida
            </span>
            <span class="quantity-error ct-span-product product-allocation" v-if="!isMinQtyReached &amp;&amp; !isMaxQtyReached">
            {{quantitySelected}} no carrinho
            </span>
            <span class="quantity-error ct-span-error product-min-allocation" :data-pid="pid" v-if="isMinQtyReached &amp;&amp; !isMaxQtyReached">
            Quantidade mínima atingida
            </span>
            </template>
            </template>
            </div>
            <input class="quantity-value-mask d-none" name="quantity" type="number" min="0" value="">
            </div>
            <button type="button" class="add-to-cart button js-add-to-cart js-add-to-cart-tile 7431754 button--primary dynamic-layout-btn" data-toggle="modal" data-target="#chooseBonusProductModal" data-pid="7431754" data-quantity-value="null" aria-label="Carrinho">
            <span class="d-block d-sm-none">
            <span class="svg-wrapper svg-icon-cart" style="width:20px; height:20px">
            <svg class="svg-inline icon-cart" xmlns="http://www.w3.org/2000/svg" viewBox="0 0 500 500" width="100%" height="100%"><path fill="#EB0203" fill-rule="evenodd" d="M 485.67317,94.386311 C 476.37798,83.847129 463.09468,78.03348 448.30404,78.03348 H 90.690813 L 87.079511,51.327997 C 83.185582,22.539551 62.962285,0 41.011841,0 H 14.727836 C 6.563151,0 0,6.5286975 0,14.580758 c 0,8.05206 6.5945535,14.580758 14.727836,14.580758 h 26.284005 c 4.710398,0 14.696435,9.855222 16.894619,26.021523 L 100.01739,368.0631 c 1.88416,13.77244 9.01256,26.70549 20.1605,36.37417 8.25889,7.15046 18.02511,11.9071 28.26237,13.89679 -4.17655,7.58572 -6.53175,16.25957 -6.53175,25.493 0,29.53459 24.27424,53.59751 54.13815,53.59751 29.8325,0 54.13814,-24.03184 54.13814,-53.59751 0,-8.79818 -2.19818,-17.09897 -5.9979,-24.43598 h 77.12488 c -3.79973,7.33701 -5.96652,15.6378 -5.96652,24.43598 0,29.53459 24.27424,53.59751 54.13817,53.59751 29.83249,0 54.13814,-24.03184 54.13814,-53.59751 0,-8.79818 -2.1982,-17.09897 -5.9979,-24.43598 h 38.56243 c 8.13328,0 14.72783,-6.5287 14.72783,-14.61183 0,-8.02098 -6.59455,-14.54967 -14.72783,-14.54967 H 159.24277 c -14.38241,0 -28.13677,-11.90711 -30.02092,-26.02153 l -3.07746,-22.88154 h 290.6314 c 14.03698,0 27.94834,-5.28513 39.06488,-14.95381 11.11652,-9.6376 18.27632,-22.57065 20.16048,-36.37417 l 21.10259,-156.78201 c 1.94694,-14.51858 -2.10398,-28.29103 -11.43057,-38.861299 z M 220.76053,443.82706 c 0,13.49265 -11.08513,24.46709 -24.68247,24.46709 -13.62874,0 -24.71387,-10.97444 -24.71387,-24.46709 0,-13.49262 11.08513,-24.43598 24.71387,-24.43598 13.59734,0 24.68247,10.94336 24.68247,24.43598 z m 173.43675,0 c 0,13.49265 -11.08512,24.46709 -24.68245,24.46709 -13.62876,0 -24.71388,-10.97444 -24.71388,-24.46709 0,-13.49262 11.08512,-24.43598 24.71388,-24.43598 13.59733,0 24.68245,10.94336 24.68245,24.43598 z m 73.7648,-314.46558 -21.13397,156.782 c -1.88416,14.11442 -15.63851,26.05261 -30.02091,26.05261 H 122.25046 L 94.616142,107.19499 H 448.33544 c 6.18632,0 11.61896,2.2695 15.23028,6.37326 3.64269,4.13484 5.21283,9.73086 4.39636,15.79323 z"></path></svg>
            </span>
            </span>
            <span class="add-to-cart--text d-none d-sm-block">Carrinho</span>
            </button>
            </div>
            </div>
            </div>
            </div>
            
            <div class="col-12 d-sm-none">
            </div>
            </div>
            </div>
            </div>
            </div>
            <div class="col-12 col-sm-3 col-lg-2 productTile" data-idx="5">
            
            <script type="text/javascript">//<!--
            /* <![CDATA[ */
            (function(){
            try {
                if(window.CQuotient) {
                var cq_params = {};
                
                cq_params.cookieId = window.CQuotient.getCQCookieId();
                cq_params.userId = window.CQuotient.getCQUserId();
                cq_params.emailId = CQuotient.getCQHashedEmail();
                cq_params.loginId = CQuotient.getCQHashedLogin();
                cq_params.accumulate = true;
                cq_params.products = [{
                    id: '7159043',
                    sku: ''
                }];
                cq_params.categoryId = 'padaria-e-pastelaria-padaria-forma';
                cq_params.refinements = '[{\"name\":\"priceMin\",\"value\":\"0.01\"},{\"name\":\"priceMax\",\"value\":\"null\"},{\"name\":\"curr\",\"value\":\"EUR\"},{\"name\":\"Category\",\"value\":\"padaria-e-pastelaria-padaria-forma\"}]';
                cq_params.personalized = 'false';
                cq_params.sortingRule = 'categories top-sellers';
                cq_params.imageUUID = '__UNDEFINED__';
                cq_params.realm = "BDVS";
                cq_params.siteId = "continente";
                cq_params.instanceType = "prd";
                cq_params.queryLocale = "default";
                cq_params.locale = window.CQuotient.locale;
                
                if(window.CQuotient.sendActivity)
                    window.CQuotient.sendActivity(CQuotient.clientId, 'viewCategory', cq_params);
                else
                    window.CQuotient.activities.push({
                        activityType: 'viewCategory',
                        parameters: cq_params
                    });
              }
            } catch(err) {}
            })();
            /* ]]> */
            // -->
            </script>
            <script type="text/javascript">//<!--
            /* <![CDATA[ (viewCategoryProduct-active_data.js) */
            (function(){
            try {
                if (dw.ac) {
                    var search_params = {};
                    search_params.persd = 'false';
                    search_params.refs = '[{\"name\":\"priceMin\",\"value\":\"0.01\"},{\"name\":\"priceMax\",\"value\":\"null\"},{\"name\":\"curr\",\"value\":\"EUR\"},{\"name\":\"Category\",\"value\":\"padaria-e-pastelaria-padaria-forma\"}]';
                    search_params.sort = 'categories top-sellers';
                    search_params.imageUUID = '';
                    search_params.searchID = '79fd584c-cee5-42dd-a07f-04e8467e04c2';
                    search_params.locale = 'default';
                    search_params.queryLocale = 'default';
                    search_params.showProducts = 'true';
                    dw.ac.applyContext({category: "padaria-e-pastelaria-padaria-forma", searchData: search_params});
                    if (typeof dw.ac._scheduleDataSubmission === "function") {
                        dw.ac._scheduleDataSubmission();
                    }
                }
            } catch(err) {}
            })();
            /* ]]> */
            // -->
            </script>
            <script type="text/javascript">//<!--
            /* <![CDATA[ (viewProduct-active_data.js) */
            dw.ac._capture({id: "7159043", type: "searchhit"});
            /* ]]> */
            // -->
            </script>
            <div class="product" data-pid="7159043">
            <div class="product-tile pid-7159043 ct-product-tile data-layer-pushed" data-delay-time="3000" data-variants-mapping="[]" data-in-cart-msg="no carrinho" data-one-product-added="Adicionado ao carrinho" data-remove-from-cart-msg="Removido do carrinho" data-stay-open="6000.0" data-product-tile-impression="{&quot;name&quot;:&quot;7159043&quot;,&quot;id&quot;:&quot;7159043&quot;,&quot;price&quot;:1.49,&quot;brand&quot;:&quot;Continente&quot;,&quot;category&quot;:[{&quot;category_level_1&quot;:&quot;Padaria e Pastelaria&quot;},{&quot;category_level_2&quot;:&quot;Padaria&quot;},{&quot;category_level_3&quot;:&quot;Pão de Forma e Embalado&quot;}],&quot;variant&quot;:&quot;&quot;}">
            <div class="ct-inner-tile-wrap row no-gutters justify-content-center align-content-start">
            
            <div class="ct-image-container col-4 col-sm" data-confirmation-image="{&quot;url&quot;:&quot;https://www.continente.pt/dw/image/v2/BDVS_PRD/on/demandware.static/-/Sites-col-master-catalog/default/dw37d4e4a5/images/col/715/7159043-frente.jpg?sw=87&amp;sh=80&quot;,&quot;fallbackimage&quot;:{&quot;url&quot;:&quot;https://www.continente.pt/dw/image/v2/BDVS_PRD/on/demandware.static/Sites-continente-Site/-/default/dw7c42b4da/images/noimagelarge_product.png?sw=87&amp;sh=80&quot;,&quot;title&quot;:&quot;Pão de Forma sem Côdea&quot;,&quot;alt&quot;:&quot;Pão de Forma sem Côdea&quot;},&quot;title&quot;:&quot;Pão de Forma sem Côdea&quot;,&quot;alt&quot;:&quot;Pão de Forma sem Côdea&quot;}">
            <a href="https://www.continente.pt/produto/pao-de-forma-sem-codea-continente-7159043.html?cgid=padaria-e-pastelaria-padaria-forma">
            <picture class="intrinsic intrinsic--square">
            <img class="ct-tile-image lazyloaded" loading="lazy" onerror="this.onerror=null;this.src='/on/demandware.static/Sites-continente-Site/-/default/dw7c42b4da/images/noimagelarge_product.png';" data-src="https://www.continente.pt/dw/image/v2/BDVS_PRD/on/demandware.static/-/Sites-col-master-catalog/default/dw37d4e4a5/images/col/715/7159043-frente.jpg?sw=280&amp;sh=280" alt="Pão de Forma sem Côdea" title="Pão de Forma sem Côdea" src="https://www.continente.pt/dw/image/v2/BDVS_PRD/on/demandware.static/-/Sites-col-master-catalog/default/dw37d4e4a5/images/col/715/7159043-frente.jpg?sw=280&amp;sh=280">
            </picture>
            </a>
            <div class="color-swatches d-flex" style="margin-left: 5px;">
            <div class="swatches d-flex">
            </div>
            </div>
            </div>
            <div class="ct-tile-body col col-sm-auto ">
            <div class="ct-pdp-details">
            <div class="ct-pdp-link">
            <a class="ct-tile--description" href="https://www.continente.pt/produto/pao-de-forma-sem-codea-continente-7159043.html?cgid=padaria-e-pastelaria-padaria-forma">Pão de Forma sem Côdea</a>
            <div class="ct-tile--favorite-top d-sm-none">
            <button class="wishlist-toggler guest-mode inactive button button--tertiary" data-pid="7159043" data-add-url="https://www.continente.pt/on/demandware.store/Sites-continente-Site/default/Wishlist-AddProduct?pid=7159043" data-toggle="tooltip" aria-label="Adicionar aos favoritos " data-original-title="Adicionar aos favoritos" data-placement="top">
            <svg class="active-content" width="100%" height="100%" viewBox="0 0 20 22" fill="none" xmlns="http://www.w3.org/2000/svg">
            <path fill-rule="evenodd" clip-rule="evenodd" d="M0 1.53052C0 0.685236 0.692171 0 1.54601 0H15.0736C15.9274 0 16.6196 0.685235 16.6196 1.53052V13.4064L15.8127 13.922L14.2658 14.2658L12.7189 13.4064L10.6054 14.3818C10.4994 14.2451 10.3327 14.157 10.1452 14.157H6.76329C6.4431 14.157 6.18354 14.414 6.18354 14.731C6.18354 15.0479 6.4431 15.3049 6.76329 15.3049H10.1452C10.2478 15.3049 10.3441 15.2785 10.4277 15.2322L10.3126 16.8439L13.2345 20.2793H1.54601C0.69217 20.2793 0 19.5941 0 18.7488V1.53052ZM6.18354 5.5483C6.18354 5.23132 6.4431 4.97436 6.76329 4.97436H12.3676C12.6878 4.97436 12.9473 5.23132 12.9473 5.5483C12.9473 5.86528 12.6878 6.12224 12.3676 6.12224H6.76329C6.4431 6.12224 6.18354 5.86528 6.18354 5.5483ZM6.76329 11.0961C6.4431 11.0961 6.18354 11.3531 6.18354 11.6701C6.18354 11.987 6.4431 12.244 6.76329 12.244H12.3676C12.6878 12.244 12.9473 11.987 12.9473 11.6701C12.9473 11.3531 12.6878 11.0961 12.3676 11.0961H6.76329ZM6.18354 8.60985C6.18354 8.29287 6.4431 8.03591 6.76329 8.03591H12.3676C12.6878 8.03591 12.9473 8.29287 12.9473 8.60985C12.9473 8.92684 12.6878 9.1838 12.3676 9.1838H6.76329C6.4431 9.1838 6.18354 8.92684 6.18354 8.60985ZM3.67118 5.5483C3.67118 5.23132 3.93075 4.97436 4.25093 4.97436H4.63743C4.95762 4.97436 5.21719 5.23132 5.21719 5.5483C5.21719 5.86528 4.95762 6.12224 4.63743 6.12224H4.25093C3.93075 6.12224 3.67118 5.86528 3.67118 5.5483ZM4.25093 11.0961C3.93075 11.0961 3.67118 11.3531 3.67118 11.6701C3.67118 11.987 3.93075 12.244 4.25093 12.244H4.63743C4.95762 12.244 5.21719 11.987 5.21719 11.6701C5.21719 11.3531 4.95762 11.0961 4.63743 11.0961H4.25093ZM3.67118 8.60985C3.67118 8.29287 3.93075 8.03591 4.25093 8.03591H4.63743C4.95762 8.03591 5.21719 8.29287 5.21719 8.60985C5.21719 8.92684 4.95762 9.1838 4.63743 9.1838H4.25093C3.93075 9.1838 3.67118 8.92684 3.67118 8.60985ZM4.25093 14.157C3.93075 14.157 3.67118 14.414 3.67118 14.731C3.67118 15.0479 3.93075 15.3049 4.25093 15.3049H4.63743C4.95762 15.3049 5.21719 15.0479 5.21719 14.731C5.21719 14.414 4.95762 14.157 4.63743 14.157H4.25093Z" fill="#EB0203"></path>
            <path fill-rule="evenodd" clip-rule="evenodd" d="M14.6252 13.6363C13.4918 12.6215 11.7817 12.5264 10.6569 13.4792C9.12421 14.7764 9.34841 16.8912 10.4409 18.0122L14.0159 21.6742C14.2197 21.8832 14.4928 22 14.7822 22C15.0737 22 15.3448 21.8852 15.5486 21.6762L19.1236 18.0142C20.214 16.8933 20.4423 14.7785 18.9075 13.4792C17.7827 12.5283 16.0724 12.6217 14.9391 13.6365C14.8855 13.6845 14.8331 13.7345 14.7822 13.7866C14.7313 13.7345 14.6789 13.6843 14.6252 13.6363ZM18.1546 14.3522C19.0973 15.1508 18.9962 16.4896 18.2891 17.2173C18.2888 17.2175 18.2886 17.2177 18.2884 17.218L14.7832 20.8084L11.2753 17.2151C11.2752 17.215 11.2751 17.2149 11.2749 17.2148C10.5677 16.4887 10.4678 15.1495 11.4104 14.3518L11.4108 14.3514C12.0745 13.7892 13.2018 13.82 13.9488 14.5846L14.7822 15.4378L15.6157 14.5846C16.3617 13.8211 17.4896 13.79 18.1545 14.3521" fill="#EB0203"></path>
            </svg>
            <svg class="inactive-content" width="100%" height="100%" viewBox="0 0 20 23" fill="none" xmlns="http://www.w3.org/2000/svg">
            <path fill-rule="evenodd" clip-rule="evenodd" d="M6.18408 5.77914C6.18408 5.46223 6.44363 5.20532 6.7638 5.20532H12.3678C12.6879 5.20532 12.9475 5.46223 12.9475 5.77914C12.9475 6.09606 12.6879 6.35297 12.3678 6.35297H6.7638C6.44363 6.35297 6.18408 6.09606 6.18408 5.77914Z" fill="#EB0203"></path>
            <path fill-rule="evenodd" clip-rule="evenodd" d="M6.18408 11.9034C6.18408 11.5865 6.44363 11.3296 6.7638 11.3296H12.3678C12.6879 11.3296 12.9475 11.5865 12.9475 11.9034C12.9475 12.2202 12.6879 12.4771 12.3678 12.4771H6.7638C6.44363 12.4771 6.18408 12.2202 6.18408 11.9034Z" fill="#EB0203"></path>
            <path fill-rule="evenodd" clip-rule="evenodd" d="M6.18408 8.84116C6.18408 8.52424 6.44363 8.26733 6.7638 8.26733H12.3678C12.6879 8.26733 12.9475 8.52424 12.9475 8.84116C12.9475 9.15807 12.6879 9.41498 12.3678 9.41498H6.7638C6.44363 9.41498 6.18408 9.15807 6.18408 8.84116Z" fill="#EB0203"></path>
            <path fill-rule="evenodd" clip-rule="evenodd" d="M6.18408 14.9655C6.18408 14.6486 6.44363 14.3917 6.7638 14.3917H10.1455C10.4657 14.3917 10.7252 14.6486 10.7252 14.9655C10.7252 15.2825 10.4657 15.5394 10.1455 15.5394H6.7638C6.44363 15.5394 6.18408 15.2825 6.18408 14.9655Z" fill="#EB0203"></path>
            <path fill-rule="evenodd" clip-rule="evenodd" d="M3.67139 5.77914C3.67139 5.46223 3.93094 5.20532 4.25111 5.20532H4.63759C4.95776 5.20532 5.21731 5.46223 5.21731 5.77914C5.21731 6.09606 4.95776 6.35297 4.63759 6.35297H4.25111C3.93094 6.35297 3.67139 6.09606 3.67139 5.77914Z" fill="#EB0203"></path>
            <path fill-rule="evenodd" clip-rule="evenodd" d="M3.67139 11.9034C3.67139 11.5865 3.93094 11.3296 4.25111 11.3296H4.63759C4.95776 11.3296 5.21731 11.5865 5.21731 11.9034C5.21731 12.2202 4.95776 12.4771 4.63759 12.4771H4.25111C3.93094 12.4771 3.67139 12.2202 3.67139 11.9034Z" fill="#EB0203"></path>
            <path fill-rule="evenodd" clip-rule="evenodd" d="M3.67139 8.84116C3.67139 8.52424 3.93094 8.26733 4.25111 8.26733H4.63759C4.95776 8.26733 5.21731 8.52424 5.21731 8.84116C5.21731 9.15807 4.95776 9.41498 4.63759 9.41498H4.25111C3.93094 9.41498 3.67139 9.15807 3.67139 8.84116Z" fill="#EB0203"></path>
            <path fill-rule="evenodd" clip-rule="evenodd" d="M3.67139 14.9655C3.67139 14.6486 3.93094 14.3917 4.25111 14.3917H4.63759C4.95776 14.3917 5.21731 14.6486 5.21731 14.9655C5.21731 15.2825 4.95776 15.5394 4.63759 15.5394H4.25111C3.93094 15.5394 3.67139 15.2825 3.67139 14.9655Z" fill="#EB0203"></path>
            <path fill-rule="evenodd" clip-rule="evenodd" d="M0 1.76033C0 0.914738 0.692131 0.229248 1.54592 0.229248H15.0727C15.9265 0.229248 16.6186 0.914738 16.6186 1.76033V11.2818C16.6186 11.5989 16.3591 11.8559 16.0389 11.8559C15.7187 11.8559 15.4592 11.5989 15.4592 11.2818V1.76033C15.4592 1.54893 15.2862 1.37756 15.0727 1.37756H1.54592C1.33247 1.37756 1.15944 1.54893 1.15944 1.76033V18.985C1.15944 19.1964 1.33247 19.3678 1.54592 19.3678H9.27551C9.59568 19.3678 9.85523 19.6249 9.85523 19.942C9.85523 20.2591 9.59568 20.5161 9.27551 20.5161H1.54592C0.692131 20.5161 0 19.8306 0 18.985V1.76033Z" fill="#EB0203"></path>
            <path fill-rule="evenodd" clip-rule="evenodd" d="M14.6254 13.8718C13.4921 12.8567 11.7821 12.7615 10.6574 13.7147C9.12472 15.0124 9.34891 17.128 10.4413 18.2493L14.0161 21.9126C14.2199 22.1217 14.493 22.2386 14.7824 22.2386C15.0739 22.2386 15.3449 22.1238 15.5487 21.9147L19.1235 18.2514C20.2139 17.13 20.4422 15.0144 18.9075 13.7147C17.7827 12.7634 16.0726 12.8569 14.9392 13.872C14.8856 13.92 14.8333 13.9701 14.7824 14.0222C14.7314 13.97 14.6791 13.9199 14.6254 13.8718ZM18.1546 14.588C19.0972 15.3869 18.9961 16.7262 18.2891 17.4541C18.2888 17.4543 18.2886 17.4546 18.2884 17.4548L14.7834 21.0466L11.2757 17.452C11.2756 17.4519 11.2755 17.4517 11.2753 17.4516C10.5681 16.7252 10.4682 15.3856 11.4108 14.5876L11.4112 14.5872C12.0748 14.0248 13.202 14.0556 13.949 14.8205L14.7824 15.674L15.6158 14.8205C16.3618 14.0567 17.4896 14.0256 18.1545 14.5879" fill="#EB0203"></path>
            </svg>
            </button>
            </div>
            </div>
            <p class="ct-tile--brand">Continente</p>
            <p class="ct-tile--quantity">emb. 450 gr</p>
            </div>
            <div class="ct-tile-bottom row no-gutters justify-content-between">
            <div class="ct-price-wrap col-8 col-sm-12">
            <div class="price js-product-price">
            <div class="prices-wrapper">
            <span class="sales ct-tile--price-primary ">
            <span class="value" content="1.49">
            <span class="ct-price-formatted">
            €1,49
            </span>
            <span class="ct-m-unit">
            /un
            </span>
            </span>
            </span>
            </div>
            <div class="ct-tile--price-secondary">
            <span class="ct-price-value">
            €3,31
            </span>
            <span class="ct-m-unit">
            /kg
            </span>
            </div>
            </div>
            </div>
            <div class="ct-tile-buy-section d-flex justify-content-center no-gutters col-auto col-sm-12">
            <div class="col-2 d-sm-flex d-none">
            <button class="wishlist-toggler guest-mode inactive button button--tertiary" data-pid="7159043" data-add-url="https://www.continente.pt/on/demandware.store/Sites-continente-Site/default/Wishlist-AddProduct?pid=7159043" data-toggle="tooltip" aria-label="Adicionar aos favoritos " data-original-title="Adicionar aos favoritos" data-placement="top">
            <svg class="active-content" width="100%" height="100%" viewBox="0 0 20 22" fill="none" xmlns="http://www.w3.org/2000/svg">
            <path fill-rule="evenodd" clip-rule="evenodd" d="M0 1.53052C0 0.685236 0.692171 0 1.54601 0H15.0736C15.9274 0 16.6196 0.685235 16.6196 1.53052V13.4064L15.8127 13.922L14.2658 14.2658L12.7189 13.4064L10.6054 14.3818C10.4994 14.2451 10.3327 14.157 10.1452 14.157H6.76329C6.4431 14.157 6.18354 14.414 6.18354 14.731C6.18354 15.0479 6.4431 15.3049 6.76329 15.3049H10.1452C10.2478 15.3049 10.3441 15.2785 10.4277 15.2322L10.3126 16.8439L13.2345 20.2793H1.54601C0.69217 20.2793 0 19.5941 0 18.7488V1.53052ZM6.18354 5.5483C6.18354 5.23132 6.4431 4.97436 6.76329 4.97436H12.3676C12.6878 4.97436 12.9473 5.23132 12.9473 5.5483C12.9473 5.86528 12.6878 6.12224 12.3676 6.12224H6.76329C6.4431 6.12224 6.18354 5.86528 6.18354 5.5483ZM6.76329 11.0961C6.4431 11.0961 6.18354 11.3531 6.18354 11.6701C6.18354 11.987 6.4431 12.244 6.76329 12.244H12.3676C12.6878 12.244 12.9473 11.987 12.9473 11.6701C12.9473 11.3531 12.6878 11.0961 12.3676 11.0961H6.76329ZM6.18354 8.60985C6.18354 8.29287 6.4431 8.03591 6.76329 8.03591H12.3676C12.6878 8.03591 12.9473 8.29287 12.9473 8.60985C12.9473 8.92684 12.6878 9.1838 12.3676 9.1838H6.76329C6.4431 9.1838 6.18354 8.92684 6.18354 8.60985ZM3.67118 5.5483C3.67118 5.23132 3.93075 4.97436 4.25093 4.97436H4.63743C4.95762 4.97436 5.21719 5.23132 5.21719 5.5483C5.21719 5.86528 4.95762 6.12224 4.63743 6.12224H4.25093C3.93075 6.12224 3.67118 5.86528 3.67118 5.5483ZM4.25093 11.0961C3.93075 11.0961 3.67118 11.3531 3.67118 11.6701C3.67118 11.987 3.93075 12.244 4.25093 12.244H4.63743C4.95762 12.244 5.21719 11.987 5.21719 11.6701C5.21719 11.3531 4.95762 11.0961 4.63743 11.0961H4.25093ZM3.67118 8.60985C3.67118 8.29287 3.93075 8.03591 4.25093 8.03591H4.63743C4.95762 8.03591 5.21719 8.29287 5.21719 8.60985C5.21719 8.92684 4.95762 9.1838 4.63743 9.1838H4.25093C3.93075 9.1838 3.67118 8.92684 3.67118 8.60985ZM4.25093 14.157C3.93075 14.157 3.67118 14.414 3.67118 14.731C3.67118 15.0479 3.93075 15.3049 4.25093 15.3049H4.63743C4.95762 15.3049 5.21719 15.0479 5.21719 14.731C5.21719 14.414 4.95762 14.157 4.63743 14.157H4.25093Z" fill="#EB0203"></path>
            <path fill-rule="evenodd" clip-rule="evenodd" d="M14.6252 13.6363C13.4918 12.6215 11.7817 12.5264 10.6569 13.4792C9.12421 14.7764 9.34841 16.8912 10.4409 18.0122L14.0159 21.6742C14.2197 21.8832 14.4928 22 14.7822 22C15.0737 22 15.3448 21.8852 15.5486 21.6762L19.1236 18.0142C20.214 16.8933 20.4423 14.7785 18.9075 13.4792C17.7827 12.5283 16.0724 12.6217 14.9391 13.6365C14.8855 13.6845 14.8331 13.7345 14.7822 13.7866C14.7313 13.7345 14.6789 13.6843 14.6252 13.6363ZM18.1546 14.3522C19.0973 15.1508 18.9962 16.4896 18.2891 17.2173C18.2888 17.2175 18.2886 17.2177 18.2884 17.218L14.7832 20.8084L11.2753 17.2151C11.2752 17.215 11.2751 17.2149 11.2749 17.2148C10.5677 16.4887 10.4678 15.1495 11.4104 14.3518L11.4108 14.3514C12.0745 13.7892 13.2018 13.82 13.9488 14.5846L14.7822 15.4378L15.6157 14.5846C16.3617 13.8211 17.4896 13.79 18.1545 14.3521" fill="#EB0203"></path>
            </svg>
            <svg class="inactive-content" width="100%" height="100%" viewBox="0 0 20 23" fill="none" xmlns="http://www.w3.org/2000/svg">
            <path fill-rule="evenodd" clip-rule="evenodd" d="M6.18408 5.77914C6.18408 5.46223 6.44363 5.20532 6.7638 5.20532H12.3678C12.6879 5.20532 12.9475 5.46223 12.9475 5.77914C12.9475 6.09606 12.6879 6.35297 12.3678 6.35297H6.7638C6.44363 6.35297 6.18408 6.09606 6.18408 5.77914Z" fill="#EB0203"></path>
            <path fill-rule="evenodd" clip-rule="evenodd" d="M6.18408 11.9034C6.18408 11.5865 6.44363 11.3296 6.7638 11.3296H12.3678C12.6879 11.3296 12.9475 11.5865 12.9475 11.9034C12.9475 12.2202 12.6879 12.4771 12.3678 12.4771H6.7638C6.44363 12.4771 6.18408 12.2202 6.18408 11.9034Z" fill="#EB0203"></path>
            <path fill-rule="evenodd" clip-rule="evenodd" d="M6.18408 8.84116C6.18408 8.52424 6.44363 8.26733 6.7638 8.26733H12.3678C12.6879 8.26733 12.9475 8.52424 12.9475 8.84116C12.9475 9.15807 12.6879 9.41498 12.3678 9.41498H6.7638C6.44363 9.41498 6.18408 9.15807 6.18408 8.84116Z" fill="#EB0203"></path>
            <path fill-rule="evenodd" clip-rule="evenodd" d="M6.18408 14.9655C6.18408 14.6486 6.44363 14.3917 6.7638 14.3917H10.1455C10.4657 14.3917 10.7252 14.6486 10.7252 14.9655C10.7252 15.2825 10.4657 15.5394 10.1455 15.5394H6.7638C6.44363 15.5394 6.18408 15.2825 6.18408 14.9655Z" fill="#EB0203"></path>
            <path fill-rule="evenodd" clip-rule="evenodd" d="M3.67139 5.77914C3.67139 5.46223 3.93094 5.20532 4.25111 5.20532H4.63759C4.95776 5.20532 5.21731 5.46223 5.21731 5.77914C5.21731 6.09606 4.95776 6.35297 4.63759 6.35297H4.25111C3.93094 6.35297 3.67139 6.09606 3.67139 5.77914Z" fill="#EB0203"></path>
            <path fill-rule="evenodd" clip-rule="evenodd" d="M3.67139 11.9034C3.67139 11.5865 3.93094 11.3296 4.25111 11.3296H4.63759C4.95776 11.3296 5.21731 11.5865 5.21731 11.9034C5.21731 12.2202 4.95776 12.4771 4.63759 12.4771H4.25111C3.93094 12.4771 3.67139 12.2202 3.67139 11.9034Z" fill="#EB0203"></path>
            <path fill-rule="evenodd" clip-rule="evenodd" d="M3.67139 8.84116C3.67139 8.52424 3.93094 8.26733 4.25111 8.26733H4.63759C4.95776 8.26733 5.21731 8.52424 5.21731 8.84116C5.21731 9.15807 4.95776 9.41498 4.63759 9.41498H4.25111C3.93094 9.41498 3.67139 9.15807 3.67139 8.84116Z" fill="#EB0203"></path>
            <path fill-rule="evenodd" clip-rule="evenodd" d="M3.67139 14.9655C3.67139 14.6486 3.93094 14.3917 4.25111 14.3917H4.63759C4.95776 14.3917 5.21731 14.6486 5.21731 14.9655C5.21731 15.2825 4.95776 15.5394 4.63759 15.5394H4.25111C3.93094 15.5394 3.67139 15.2825 3.67139 14.9655Z" fill="#EB0203"></path>
            <path fill-rule="evenodd" clip-rule="evenodd" d="M0 1.76033C0 0.914738 0.692131 0.229248 1.54592 0.229248H15.0727C15.9265 0.229248 16.6186 0.914738 16.6186 1.76033V11.2818C16.6186 11.5989 16.3591 11.8559 16.0389 11.8559C15.7187 11.8559 15.4592 11.5989 15.4592 11.2818V1.76033C15.4592 1.54893 15.2862 1.37756 15.0727 1.37756H1.54592C1.33247 1.37756 1.15944 1.54893 1.15944 1.76033V18.985C1.15944 19.1964 1.33247 19.3678 1.54592 19.3678H9.27551C9.59568 19.3678 9.85523 19.6249 9.85523 19.942C9.85523 20.2591 9.59568 20.5161 9.27551 20.5161H1.54592C0.692131 20.5161 0 19.8306 0 18.985V1.76033Z" fill="#EB0203"></path>
            <path fill-rule="evenodd" clip-rule="evenodd" d="M14.6254 13.8718C13.4921 12.8567 11.7821 12.7615 10.6574 13.7147C9.12472 15.0124 9.34891 17.128 10.4413 18.2493L14.0161 21.9126C14.2199 22.1217 14.493 22.2386 14.7824 22.2386C15.0739 22.2386 15.3449 22.1238 15.5487 21.9147L19.1235 18.2514C20.2139 17.13 20.4422 15.0144 18.9075 13.7147C17.7827 12.7634 16.0726 12.8569 14.9392 13.872C14.8856 13.92 14.8333 13.9701 14.7824 14.0222C14.7314 13.97 14.6791 13.9199 14.6254 13.8718ZM18.1546 14.588C19.0972 15.3869 18.9961 16.7262 18.2891 17.4541C18.2888 17.4543 18.2886 17.4546 18.2884 17.4548L14.7834 21.0466L11.2757 17.452C11.2756 17.4519 11.2755 17.4517 11.2753 17.4516C10.5681 16.7252 10.4682 15.3856 11.4108 14.5876L11.4112 14.5872C12.0748 14.0248 13.202 14.0556 13.949 14.8205L14.7824 15.674L15.6158 14.8205C16.3618 14.0567 17.4896 14.0256 18.1545 14.5879" fill="#EB0203"></path>
            </svg>
            </button>
            </div>
            <div class="col-sm-10 col-12">
            <div class="ct-tile-quantity d-none" data-pid="7159043">
            <input type="hidden" class="add-to-cart-url" value="https://www.continente.pt/on/demandware.store/Sites-continente-Site/default/Cart-AddProduct">
            <div class="d-none tile-delete-confirmation-btn" data-pid="7159043" data-delay-time="3000" data-in-cart-msg="no carrinho" data-one-product-added="Adicionado ao carrinho" data-remove-from-cart-msg="Removido do carrinho" data-stay-open="6000.0" data-confirmation-image="{&quot;url&quot;:&quot;https://www.continente.pt/dw/image/v2/BDVS_PRD/on/demandware.static/-/Sites-col-master-catalog/default/dw37d4e4a5/images/col/715/7159043-frente.jpg?sw=87&amp;sh=80&quot;,&quot;fallbackimage&quot;:{&quot;url&quot;:&quot;https://www.continente.pt/dw/image/v2/BDVS_PRD/on/demandware.static/Sites-continente-Site/-/default/dw7c42b4da/images/noimagelarge_product.png?sw=87&amp;sh=80&quot;,&quot;title&quot;:&quot;Pão de Forma sem Côdea&quot;,&quot;alt&quot;:&quot;Pão de Forma sem Côdea&quot;},&quot;title&quot;:&quot;Pão de Forma sem Côdea&quot;,&quot;alt&quot;:&quot;Pão de Forma sem Côdea&quot;}"></div>
            <div class="ct-tile-quantity-update quantity-update product-qty-vue" data-remove-action="https://www.continente.pt/on/demandware.store/Sites-continente-Site/default/Cart-RemoveProductLineItem" data-action="https://www.continente.pt/on/demandware.store/Sites-continente-Site/default/Cart-UpdateQuantity" data-dimension-update="https://www.continente.pt/on/demandware.store/Sites-continente-Site/default/Cart-DimensionUpdate" data-pid="7159043" data-uuid="d6bc4bc15a883471d3051fc15e" data-add-delay="500.0" data-measure-options="{&quot;hasConversionRate&quot;:false,&quot;hasAlternativeSaleUnit&quot;:false,&quot;unitConversionRate&quot;:0,&quot;minOrderQuantity&quot;:1,&quot;stepQuantity&quot;:1,&quot;primaryunit&quot;:&quot;un&quot;,&quot;secondaryunit&quot;:&quot;kg&quot;,&quot;selectedunit&quot;:&quot;primary&quot;,&quot;maxNumberOfUnitsPerSale&quot;:50}" data-price-available="null" :data-has-error="isMaxQtyReached || isMinQtyReached || qtySelectedMoreThanOne">
            <template v-show="prodUnits">
            <div class="quantity-input-wrapper has-units">
            <label class="visually-hidden" :for="'quantity-' + pid + additionalTag">
            Quantidade no carrinho
            </label>
            <input :ref="'quantityInput-' + pid + additionalTag" class="add-to-cart-quantity form-control ct-form-input text-center" inputmode="numeric" :class="{'is-invalid': isInvalid}" :data-pid="pid + additionalTag" :name="'quantity-' + pid + additionalTag" type="text" aria-label="Insira a quantidade" title="" v-model="displayValue" @change="updateQuantity" @focus="updateQtyFormat" @blur="restoreQtyFormat" :disabled="!isPriceAvailable">
            <span class="quantity-icon quantity-icon--minus">
            <button class="decrease-quantity-btn" @click="updateQuantity" :disabled="!isPriceAvailable" role="button" aria-label="Reduzir quantidade">
            <i class="css-math-minus"></i>
            </button>
            </span>
            <span class="quantity-icon quantity-icon--plus">
            <button class="increase-quantity-btn" @click="updateQuantity" :disabled="isMaxQtyReached || !isPriceAvailable" role="button" aria-label="Aumentar quantidade">
            <i class="css-math-plus"></i>
            </button>
            <span class="quantity-btn-disabled-placeholder"></span>
            </span>
            <template v-if="isPDP">
            <span class="quantity-error ct-span-error text-sm-center product-max-allocation" v-if="isMaxQtyReached">
            Quantidade máxima atingida
            </span>
            <span class="quantity-error ct-span-product text-sm-center product-allocation" v-if="!isMinQtyReached &amp;&amp; !isMaxQtyReached">
            {{quantitySelected}} no carrinho
            </span>
            <span class="quantity-error ct-span-error text-sm-center product-min-allocation" :data-pid="pid" v-if="isMinQtyReached &amp;&amp; !isMaxQtyReached">
            Quantidade mínima atingida
            </span>
            </template>
            </div>
            <template v-if="showNotes">
            <div class="add-note-link-container ">
            <div class="add-note">
            <a href="/produto/pao-de-forma-sem-codea-continente-7159043.html?showNote=true" class="ct-add-note-redirect-pdp" aria-label="Adicionar comentário">
            <span class="svg-wrapper svg-icon-notes" style="width:19px; height:20px">
            <svg class="svg-inline icon-notes" viewBox="0 0 28 30" xmlns="http://www.w3.org/2000/svg" width="100%" height="100%"><path d="M21.738 0C22.985 0 24 1.04 24 2.319V12.47c0 .469-.37.848-.828.848-.457 0-.827-.38-.827-.848V2.32c0-.343-.273-.622-.607-.622H2.262c-.334 0-.607.279-.607.622V27.68c0 .343.273.622.607.622h7.81c.457 0 .827.38.827.849 0 .468-.37.848-.827.848h-7.81C1.015 30 0 28.96 0 27.681V2.32C0 1.04 1.015 0 2.262 0h19.476zm2.844 16.004l.227.007c.823.053 1.589.39 2.176.964.64.627.993 1.46.993 2.349 0 .888-.353 1.722-.993 2.348l-6.83 6.665c-.11.108-.247.186-.397.226l-5.032 1.363c-.078.021-.16.032-.241.032-.242 0-.478-.097-.647-.266-.23-.231-.314-.566-.218-.874l1.49-4.798c.044-.139.122-.266.227-.369l6.844-6.677c.64-.625 1.493-.97 2.401-.97zm-2.886 3.94l-4.922 4.802-.947 3.048 3.22-.872 4.897-4.78-2.248-2.197zm2.887-2.174c-.425 0-.824.162-1.124.455l-.484.472 2.248 2.197.484-.472c.62-.606.62-1.591 0-2.197l-.117-.104c-.283-.227-.636-.35-1.007-.35zm-10.839.022c.498 0 .904.396.904.883 0 .488-.406.884-.904.884H5.946c-.499 0-.904-.396-.904-.884 0-.487.405-.883.904-.883zm5.042-4.876c.498 0 .904.397.904.884s-.406.884-.904.884H5.946c-.499 0-.904-.397-.904-.884s.405-.884.904-.884zm0-4.875c.498 0 .904.396.904.884 0 .487-.406.883-.904.883H5.946c-.499 0-.904-.396-.904-.883 0-.488.405-.884.904-.884z" fill="#EB0203" fill-rule="evenodd"></path></svg>
            </span>
            <div class="available-note d-none"></div>
            </a>
            </div>
            </div>
            </template>
            <div class="measurement-unit-section" v-if="isPriceAvailable &amp;&amp; prodUnits ? prodUnits.hasAlternativeUnit : false">
            <div class="ct-form-radio" @click="setDimension">
            <input type="radio" title="" class="ct-form-check-input product-measurement-unit" :data-type="prodUnits.selectedUnit == prodUnits.secondaryUnit ? 'primary' : ''" :id="prodUnits.secondaryUnit + '-' + pid + '-measurement-unit-ptile' + additionalTag" :name="'measurement-unit-' + pid + '-ptile' + additionalTag" :value="prodUnits.secondaryUnit" v-model="prodUnits.selectedUnit">
            <label :class="prodUnits.secondaryUnit + '-label ct-form-check-label mb-0'" :for="prodUnits.secondaryUnit + '-' + pid + '-measurement-unit-ptile' + additionalTag">
            {{prodUnits.secondaryUnit}}
            </label>
            <span class="checkmark"></span>
            </div>
            <div class="ct-form-radio" @click="setDimension">
            <input type="radio" title="" class="ct-form-check-input product-measurement-unit" :data-type="prodUnits.selectedUnit == prodUnits.primaryUnit ? 'primary' : ''" :id="prodUnits.primaryUnit + '-' + pid + '-measurement-unit-ptile' + additionalTag" :name="'measurement-unit-' + pid + '-ptile' + additionalTag" :value="prodUnits.primaryUnit" v-model="prodUnits.selectedUnit">
            <label :class="prodUnits.primaryUnit + '-label ct-form-check-label mb-0'" :for="prodUnits.primaryUnit + '-' + pid + '-measurement-unit-ptile' + additionalTag">
            {{prodUnits.primaryUnit}}
            </label>
            <span class="checkmark"></span>
            </div>
            </div>
            <template v-if="!isPDP &amp;&amp; isPriceAvailable">
            <span class="quantity-error ct-span-error product-max-allocation" v-if="isMaxQtyReached">
            Quantidade máxima atingida
            </span>
            <span class="quantity-error ct-span-product product-allocation" v-if="!isMinQtyReached &amp;&amp; !isMaxQtyReached">
            {{quantitySelected}} no carrinho
            </span>
            <span class="quantity-error ct-span-error product-min-allocation" :data-pid="pid" v-if="isMinQtyReached &amp;&amp; !isMaxQtyReached">
            Quantidade mínima atingida
            </span>
            </template>
            </template>
            </div>
            <input class="quantity-value-mask d-none" name="quantity" type="number" min="0" value="">
            </div>
            <button type="button" class="add-to-cart button js-add-to-cart js-add-to-cart-tile 7159043 button--primary dynamic-layout-btn" data-toggle="modal" data-target="#chooseBonusProductModal" data-pid="7159043" data-quantity-value="null" aria-label="Carrinho">
            <span class="d-block d-sm-none">
            <span class="svg-wrapper svg-icon-cart" style="width:20px; height:20px">
            <svg class="svg-inline icon-cart" xmlns="http://www.w3.org/2000/svg" viewBox="0 0 500 500" width="100%" height="100%"><path fill="#EB0203" fill-rule="evenodd" d="M 485.67317,94.386311 C 476.37798,83.847129 463.09468,78.03348 448.30404,78.03348 H 90.690813 L 87.079511,51.327997 C 83.185582,22.539551 62.962285,0 41.011841,0 H 14.727836 C 6.563151,0 0,6.5286975 0,14.580758 c 0,8.05206 6.5945535,14.580758 14.727836,14.580758 h 26.284005 c 4.710398,0 14.696435,9.855222 16.894619,26.021523 L 100.01739,368.0631 c 1.88416,13.77244 9.01256,26.70549 20.1605,36.37417 8.25889,7.15046 18.02511,11.9071 28.26237,13.89679 -4.17655,7.58572 -6.53175,16.25957 -6.53175,25.493 0,29.53459 24.27424,53.59751 54.13815,53.59751 29.8325,0 54.13814,-24.03184 54.13814,-53.59751 0,-8.79818 -2.19818,-17.09897 -5.9979,-24.43598 h 77.12488 c -3.79973,7.33701 -5.96652,15.6378 -5.96652,24.43598 0,29.53459 24.27424,53.59751 54.13817,53.59751 29.83249,0 54.13814,-24.03184 54.13814,-53.59751 0,-8.79818 -2.1982,-17.09897 -5.9979,-24.43598 h 38.56243 c 8.13328,0 14.72783,-6.5287 14.72783,-14.61183 0,-8.02098 -6.59455,-14.54967 -14.72783,-14.54967 H 159.24277 c -14.38241,0 -28.13677,-11.90711 -30.02092,-26.02153 l -3.07746,-22.88154 h 290.6314 c 14.03698,0 27.94834,-5.28513 39.06488,-14.95381 11.11652,-9.6376 18.27632,-22.57065 20.16048,-36.37417 l 21.10259,-156.78201 c 1.94694,-14.51858 -2.10398,-28.29103 -11.43057,-38.861299 z M 220.76053,443.82706 c 0,13.49265 -11.08513,24.46709 -24.68247,24.46709 -13.62874,0 -24.71387,-10.97444 -24.71387,-24.46709 0,-13.49262 11.08513,-24.43598 24.71387,-24.43598 13.59734,0 24.68247,10.94336 24.68247,24.43598 z m 173.43675,0 c 0,13.49265 -11.08512,24.46709 -24.68245,24.46709 -13.62876,0 -24.71388,-10.97444 -24.71388,-24.46709 0,-13.49262 11.08512,-24.43598 24.71388,-24.43598 13.59733,0 24.68245,10.94336 24.68245,24.43598 z m 73.7648,-314.46558 -21.13397,156.782 c -1.88416,14.11442 -15.63851,26.05261 -30.02091,26.05261 H 122.25046 L 94.616142,107.19499 H 448.33544 c 6.18632,0 11.61896,2.2695 15.23028,6.37326 3.64269,4.13484 5.21283,9.73086 4.39636,15.79323 z"></path></svg>
            </span>
            </span>
            <span class="add-to-cart--text d-none d-sm-block">Carrinho</span>
            </button>
            </div>
            </div>
            </div>
            </div>
            
            <div class="col-12 d-sm-none">
            </div>
            </div>
            </div>
            </div>
            </div>
            <div class="col-12 col-sm-3 col-lg-2 productTile" data-idx="6">
            
            <script type="text/javascript">//<!--
            /* <![CDATA[ */
            (function(){
            try {
                if(window.CQuotient) {
                var cq_params = {};
                
                cq_params.cookieId = window.CQuotient.getCQCookieId();
                cq_params.userId = window.CQuotient.getCQUserId();
                cq_params.emailId = CQuotient.getCQHashedEmail();
                cq_params.loginId = CQuotient.getCQHashedLogin();
                cq_params.accumulate = true;
                cq_params.products = [{
                    id: '5571005',
                    sku: ''
                }];
                cq_params.categoryId = 'padaria-e-pastelaria-padaria-forma';
                cq_params.refinements = '[{\"name\":\"priceMin\",\"value\":\"0.01\"},{\"name\":\"priceMax\",\"value\":\"null\"},{\"name\":\"curr\",\"value\":\"EUR\"},{\"name\":\"Category\",\"value\":\"padaria-e-pastelaria-padaria-forma\"}]';
                cq_params.personalized = 'false';
                cq_params.sortingRule = 'categories top-sellers';
                cq_params.imageUUID = '__UNDEFINED__';
                cq_params.realm = "BDVS";
                cq_params.siteId = "continente";
                cq_params.instanceType = "prd";
                cq_params.queryLocale = "default";
                cq_params.locale = window.CQuotient.locale;
                
                if(window.CQuotient.sendActivity)
                    window.CQuotient.sendActivity(CQuotient.clientId, 'viewCategory', cq_params);
                else
                    window.CQuotient.activities.push({
                        activityType: 'viewCategory',
                        parameters: cq_params
                    });
              }
            } catch(err) {}
            })();
            /* ]]> */
            // -->
            </script>
            <script type="text/javascript">//<!--
            /* <![CDATA[ (viewCategoryProduct-active_data.js) */
            (function(){
            try {
                if (dw.ac) {
                    var search_params = {};
                    search_params.persd = 'false';
                    search_params.refs = '[{\"name\":\"priceMin\",\"value\":\"0.01\"},{\"name\":\"priceMax\",\"value\":\"null\"},{\"name\":\"curr\",\"value\":\"EUR\"},{\"name\":\"Category\",\"value\":\"padaria-e-pastelaria-padaria-forma\"}]';
                    search_params.sort = 'categories top-sellers';
                    search_params.imageUUID = '';
                    search_params.searchID = '79fd584c-cee5-42dd-a07f-04e8467e04c2';
                    search_params.locale = 'default';
                    search_params.queryLocale = 'default';
                    search_params.showProducts = 'true';
                    dw.ac.applyContext({category: "padaria-e-pastelaria-padaria-forma", searchData: search_params});
                    if (typeof dw.ac._scheduleDataSubmission === "function") {
                        dw.ac._scheduleDataSubmission();
                    }
                }
            } catch(err) {}
            })();
            /* ]]> */
            // -->
            </script>
            <script type="text/javascript">//<!--
            /* <![CDATA[ (viewProduct-active_data.js) */
            dw.ac._capture({id: "5571005", type: "searchhit"});
            /* ]]> */
            // -->
            </script>
            <div class="product" data-pid="5571005">
            <div class="product-tile pid-5571005 ct-product-tile data-layer-pushed" data-delay-time="3000" data-variants-mapping="[]" data-in-cart-msg="no carrinho" data-one-product-added="Adicionado ao carrinho" data-remove-from-cart-msg="Removido do carrinho" data-stay-open="6000.0" data-product-tile-impression="{&quot;name&quot;:&quot;5571005&quot;,&quot;id&quot;:&quot;5571005&quot;,&quot;price&quot;:1.79,&quot;brand&quot;:&quot;Bimbo&quot;,&quot;category&quot;:[{&quot;category_level_1&quot;:&quot;Padaria e Pastelaria&quot;},{&quot;category_level_2&quot;:&quot;Padaria&quot;},{&quot;category_level_3&quot;:&quot;Pão de Forma e Embalado&quot;}],&quot;variant&quot;:&quot;&quot;}">
            <div class="ct-inner-tile-wrap row no-gutters justify-content-center align-content-start">
            <div class="ct-product-tile-badge ct-product-tile-badge--promotional">
            <img class="img-fluid lazyloaded" loading="lazy" data-src="https://www.continente.pt/dw/image/v2/BDVS_PRD/on/demandware.static/-/Sites-continente-Library/default/dwf5980f2e/images/badges/pvpr/col/pvpr.png?sw=60&amp;sh=42" alt="PVP Recomendado: €2,19/un" title="PVP Recomendado: €2,19/un" src="https://www.continente.pt/dw/image/v2/BDVS_PRD/on/demandware.static/-/Sites-continente-Library/default/dwf5980f2e/images/badges/pvpr/col/pvpr.png?sw=60&amp;sh=42">
            <div class="ct-product-tile-badge-value-wrapper ct-product-tile-badge-value-wrapper--pvpr  ">
            <div class="ct-product-tile-badge-addition d-flex flex-column align-self-center text-center">
            <span class="ct-product-tile-badge-addition--sign">
            +
            </span>
            <span class="ct-product-tile-badge-addition--text">
            DE
            </span>
            </div>
            <span class="ct-product-tile-badge-value--pvpr">
            15
            </span>
            <span class="ct-product-tile-badge-value--pvpr-quantifier ">
            %
            </span>
            </div>
            </div>
            
            <div class="ct-image-container col-4 col-sm" data-confirmation-image="{&quot;url&quot;:&quot;https://www.continente.pt/dw/image/v2/BDVS_PRD/on/demandware.static/-/Sites-col-master-catalog/default/dwd06d853b/images/col/557/5571005-frente.jpg?sw=87&amp;sh=80&quot;,&quot;fallbackimage&quot;:{&quot;url&quot;:&quot;https://www.continente.pt/dw/image/v2/BDVS_PRD/on/demandware.static/Sites-continente-Site/-/default/dw7c42b4da/images/noimagelarge_product.png?sw=87&amp;sh=80&quot;,&quot;title&quot;:&quot;Pão de Forma com Côdea&quot;,&quot;alt&quot;:&quot;Pão de Forma com Côdea&quot;},&quot;title&quot;:&quot;Pão de Forma com Côdea&quot;,&quot;alt&quot;:&quot;Pão de Forma com Côdea&quot;}">
            <a href="https://www.continente.pt/produto/pao-de-forma-com-codea-bimbo-5571005.html?cgid=padaria-e-pastelaria-padaria-forma">
            <picture class="intrinsic intrinsic--square">
            <img class="ct-tile-image lazyloaded" loading="lazy" onerror="this.onerror=null;this.src='/on/demandware.static/Sites-continente-Site/-/default/dw7c42b4da/images/noimagelarge_product.png';" data-src="https://www.continente.pt/dw/image/v2/BDVS_PRD/on/demandware.static/-/Sites-col-master-catalog/default/dwd06d853b/images/col/557/5571005-frente.jpg?sw=280&amp;sh=280" alt="Pão de Forma com Côdea" title="Pão de Forma com Côdea" src="https://www.continente.pt/dw/image/v2/BDVS_PRD/on/demandware.static/-/Sites-col-master-catalog/default/dwd06d853b/images/col/557/5571005-frente.jpg?sw=280&amp;sh=280">
            </picture>
            </a>
            <div class="color-swatches d-flex" style="margin-left: 5px;">
            <div class="swatches d-flex">
            </div>
            </div>
            </div>
            <div class="ct-tile-body col col-sm-auto ">
            <div class="ct-pdp-details">
            <div class="ct-pdp-link">
            <a class="ct-tile--description" href="https://www.continente.pt/produto/pao-de-forma-com-codea-bimbo-5571005.html?cgid=padaria-e-pastelaria-padaria-forma">Pão de Forma com Côdea</a>
            <div class="ct-tile--favorite-top d-sm-none">
            <button class="wishlist-toggler guest-mode inactive button button--tertiary" data-pid="5571005" data-add-url="https://www.continente.pt/on/demandware.store/Sites-continente-Site/default/Wishlist-AddProduct?pid=5571005" data-toggle="tooltip" aria-label="Adicionar aos favoritos " data-original-title="Adicionar aos favoritos" data-placement="top">
            <svg class="active-content" width="100%" height="100%" viewBox="0 0 20 22" fill="none" xmlns="http://www.w3.org/2000/svg">
            <path fill-rule="evenodd" clip-rule="evenodd" d="M0 1.53052C0 0.685236 0.692171 0 1.54601 0H15.0736C15.9274 0 16.6196 0.685235 16.6196 1.53052V13.4064L15.8127 13.922L14.2658 14.2658L12.7189 13.4064L10.6054 14.3818C10.4994 14.2451 10.3327 14.157 10.1452 14.157H6.76329C6.4431 14.157 6.18354 14.414 6.18354 14.731C6.18354 15.0479 6.4431 15.3049 6.76329 15.3049H10.1452C10.2478 15.3049 10.3441 15.2785 10.4277 15.2322L10.3126 16.8439L13.2345 20.2793H1.54601C0.69217 20.2793 0 19.5941 0 18.7488V1.53052ZM6.18354 5.5483C6.18354 5.23132 6.4431 4.97436 6.76329 4.97436H12.3676C12.6878 4.97436 12.9473 5.23132 12.9473 5.5483C12.9473 5.86528 12.6878 6.12224 12.3676 6.12224H6.76329C6.4431 6.12224 6.18354 5.86528 6.18354 5.5483ZM6.76329 11.0961C6.4431 11.0961 6.18354 11.3531 6.18354 11.6701C6.18354 11.987 6.4431 12.244 6.76329 12.244H12.3676C12.6878 12.244 12.9473 11.987 12.9473 11.6701C12.9473 11.3531 12.6878 11.0961 12.3676 11.0961H6.76329ZM6.18354 8.60985C6.18354 8.29287 6.4431 8.03591 6.76329 8.03591H12.3676C12.6878 8.03591 12.9473 8.29287 12.9473 8.60985C12.9473 8.92684 12.6878 9.1838 12.3676 9.1838H6.76329C6.4431 9.1838 6.18354 8.92684 6.18354 8.60985ZM3.67118 5.5483C3.67118 5.23132 3.93075 4.97436 4.25093 4.97436H4.63743C4.95762 4.97436 5.21719 5.23132 5.21719 5.5483C5.21719 5.86528 4.95762 6.12224 4.63743 6.12224H4.25093C3.93075 6.12224 3.67118 5.86528 3.67118 5.5483ZM4.25093 11.0961C3.93075 11.0961 3.67118 11.3531 3.67118 11.6701C3.67118 11.987 3.93075 12.244 4.25093 12.244H4.63743C4.95762 12.244 5.21719 11.987 5.21719 11.6701C5.21719 11.3531 4.95762 11.0961 4.63743 11.0961H4.25093ZM3.67118 8.60985C3.67118 8.29287 3.93075 8.03591 4.25093 8.03591H4.63743C4.95762 8.03591 5.21719 8.29287 5.21719 8.60985C5.21719 8.92684 4.95762 9.1838 4.63743 9.1838H4.25093C3.93075 9.1838 3.67118 8.92684 3.67118 8.60985ZM4.25093 14.157C3.93075 14.157 3.67118 14.414 3.67118 14.731C3.67118 15.0479 3.93075 15.3049 4.25093 15.3049H4.63743C4.95762 15.3049 5.21719 15.0479 5.21719 14.731C5.21719 14.414 4.95762 14.157 4.63743 14.157H4.25093Z" fill="#EB0203"></path>
            <path fill-rule="evenodd" clip-rule="evenodd" d="M14.6252 13.6363C13.4918 12.6215 11.7817 12.5264 10.6569 13.4792C9.12421 14.7764 9.34841 16.8912 10.4409 18.0122L14.0159 21.6742C14.2197 21.8832 14.4928 22 14.7822 22C15.0737 22 15.3448 21.8852 15.5486 21.6762L19.1236 18.0142C20.214 16.8933 20.4423 14.7785 18.9075 13.4792C17.7827 12.5283 16.0724 12.6217 14.9391 13.6365C14.8855 13.6845 14.8331 13.7345 14.7822 13.7866C14.7313 13.7345 14.6789 13.6843 14.6252 13.6363ZM18.1546 14.3522C19.0973 15.1508 18.9962 16.4896 18.2891 17.2173C18.2888 17.2175 18.2886 17.2177 18.2884 17.218L14.7832 20.8084L11.2753 17.2151C11.2752 17.215 11.2751 17.2149 11.2749 17.2148C10.5677 16.4887 10.4678 15.1495 11.4104 14.3518L11.4108 14.3514C12.0745 13.7892 13.2018 13.82 13.9488 14.5846L14.7822 15.4378L15.6157 14.5846C16.3617 13.8211 17.4896 13.79 18.1545 14.3521" fill="#EB0203"></path>
            </svg>
            <svg class="inactive-content" width="100%" height="100%" viewBox="0 0 20 23" fill="none" xmlns="http://www.w3.org/2000/svg">
            <path fill-rule="evenodd" clip-rule="evenodd" d="M6.18408 5.77914C6.18408 5.46223 6.44363 5.20532 6.7638 5.20532H12.3678C12.6879 5.20532 12.9475 5.46223 12.9475 5.77914C12.9475 6.09606 12.6879 6.35297 12.3678 6.35297H6.7638C6.44363 6.35297 6.18408 6.09606 6.18408 5.77914Z" fill="#EB0203"></path>
            <path fill-rule="evenodd" clip-rule="evenodd" d="M6.18408 11.9034C6.18408 11.5865 6.44363 11.3296 6.7638 11.3296H12.3678C12.6879 11.3296 12.9475 11.5865 12.9475 11.9034C12.9475 12.2202 12.6879 12.4771 12.3678 12.4771H6.7638C6.44363 12.4771 6.18408 12.2202 6.18408 11.9034Z" fill="#EB0203"></path>
            <path fill-rule="evenodd" clip-rule="evenodd" d="M6.18408 8.84116C6.18408 8.52424 6.44363 8.26733 6.7638 8.26733H12.3678C12.6879 8.26733 12.9475 8.52424 12.9475 8.84116C12.9475 9.15807 12.6879 9.41498 12.3678 9.41498H6.7638C6.44363 9.41498 6.18408 9.15807 6.18408 8.84116Z" fill="#EB0203"></path>
            <path fill-rule="evenodd" clip-rule="evenodd" d="M6.18408 14.9655C6.18408 14.6486 6.44363 14.3917 6.7638 14.3917H10.1455C10.4657 14.3917 10.7252 14.6486 10.7252 14.9655C10.7252 15.2825 10.4657 15.5394 10.1455 15.5394H6.7638C6.44363 15.5394 6.18408 15.2825 6.18408 14.9655Z" fill="#EB0203"></path>
            <path fill-rule="evenodd" clip-rule="evenodd" d="M3.67139 5.77914C3.67139 5.46223 3.93094 5.20532 4.25111 5.20532H4.63759C4.95776 5.20532 5.21731 5.46223 5.21731 5.77914C5.21731 6.09606 4.95776 6.35297 4.63759 6.35297H4.25111C3.93094 6.35297 3.67139 6.09606 3.67139 5.77914Z" fill="#EB0203"></path>
            <path fill-rule="evenodd" clip-rule="evenodd" d="M3.67139 11.9034C3.67139 11.5865 3.93094 11.3296 4.25111 11.3296H4.63759C4.95776 11.3296 5.21731 11.5865 5.21731 11.9034C5.21731 12.2202 4.95776 12.4771 4.63759 12.4771H4.25111C3.93094 12.4771 3.67139 12.2202 3.67139 11.9034Z" fill="#EB0203"></path>
            <path fill-rule="evenodd" clip-rule="evenodd" d="M3.67139 8.84116C3.67139 8.52424 3.93094 8.26733 4.25111 8.26733H4.63759C4.95776 8.26733 5.21731 8.52424 5.21731 8.84116C5.21731 9.15807 4.95776 9.41498 4.63759 9.41498H4.25111C3.93094 9.41498 3.67139 9.15807 3.67139 8.84116Z" fill="#EB0203"></path>
            <path fill-rule="evenodd" clip-rule="evenodd" d="M3.67139 14.9655C3.67139 14.6486 3.93094 14.3917 4.25111 14.3917H4.63759C4.95776 14.3917 5.21731 14.6486 5.21731 14.9655C5.21731 15.2825 4.95776 15.5394 4.63759 15.5394H4.25111C3.93094 15.5394 3.67139 15.2825 3.67139 14.9655Z" fill="#EB0203"></path>
            <path fill-rule="evenodd" clip-rule="evenodd" d="M0 1.76033C0 0.914738 0.692131 0.229248 1.54592 0.229248H15.0727C15.9265 0.229248 16.6186 0.914738 16.6186 1.76033V11.2818C16.6186 11.5989 16.3591 11.8559 16.0389 11.8559C15.7187 11.8559 15.4592 11.5989 15.4592 11.2818V1.76033C15.4592 1.54893 15.2862 1.37756 15.0727 1.37756H1.54592C1.33247 1.37756 1.15944 1.54893 1.15944 1.76033V18.985C1.15944 19.1964 1.33247 19.3678 1.54592 19.3678H9.27551C9.59568 19.3678 9.85523 19.6249 9.85523 19.942C9.85523 20.2591 9.59568 20.5161 9.27551 20.5161H1.54592C0.692131 20.5161 0 19.8306 0 18.985V1.76033Z" fill="#EB0203"></path>
            <path fill-rule="evenodd" clip-rule="evenodd" d="M14.6254 13.8718C13.4921 12.8567 11.7821 12.7615 10.6574 13.7147C9.12472 15.0124 9.34891 17.128 10.4413 18.2493L14.0161 21.9126C14.2199 22.1217 14.493 22.2386 14.7824 22.2386C15.0739 22.2386 15.3449 22.1238 15.5487 21.9147L19.1235 18.2514C20.2139 17.13 20.4422 15.0144 18.9075 13.7147C17.7827 12.7634 16.0726 12.8569 14.9392 13.872C14.8856 13.92 14.8333 13.9701 14.7824 14.0222C14.7314 13.97 14.6791 13.9199 14.6254 13.8718ZM18.1546 14.588C19.0972 15.3869 18.9961 16.7262 18.2891 17.4541C18.2888 17.4543 18.2886 17.4546 18.2884 17.4548L14.7834 21.0466L11.2757 17.452C11.2756 17.4519 11.2755 17.4517 11.2753 17.4516C10.5681 16.7252 10.4682 15.3856 11.4108 14.5876L11.4112 14.5872C12.0748 14.0248 13.202 14.0556 13.949 14.8205L14.7824 15.674L15.6158 14.8205C16.3618 14.0567 17.4896 14.0256 18.1545 14.5879" fill="#EB0203"></path>
            </svg>
            </button>
            </div>
            </div>
            <p class="ct-tile--brand">Bimbo</p>
            <p class="ct-tile--quantity">emb. 700 gr</p>
            </div>
            <div class="ct-tile-bottom row no-gutters justify-content-between">
            <div class="ct-price-wrap col-8 col-sm-12">
            <div class="price js-product-price">
            <div class="prices-wrapper">
            <span class="sales ct-tile--price-primary ">
            <span class="value" content="1.79">
            <span class="ct-price-formatted">
            €1,79
            </span>
            <span class="ct-m-unit">
            /un
            </span>
            </span>
            </span>
            </div>
            <div class="ct-tile--price-secondary">
            <span class="ct-price-value">
            €2,56
            </span>
            <span class="ct-m-unit">
            /kg
            </span>
            </div>
            <p class="ct-discount-amount ct-discount-amount-pvpr">PVP Recomendado: €2,19/un</p>
            </div>
            </div>
            <div class="ct-tile-buy-section d-flex justify-content-center no-gutters col-auto col-sm-12">
            <div class="col-2 d-sm-flex d-none">
            <button class="wishlist-toggler guest-mode inactive button button--tertiary" data-pid="5571005" data-add-url="https://www.continente.pt/on/demandware.store/Sites-continente-Site/default/Wishlist-AddProduct?pid=5571005" data-toggle="tooltip" aria-label="Adicionar aos favoritos " data-original-title="Adicionar aos favoritos" data-placement="top">
            <svg class="active-content" width="100%" height="100%" viewBox="0 0 20 22" fill="none" xmlns="http://www.w3.org/2000/svg">
            <path fill-rule="evenodd" clip-rule="evenodd" d="M0 1.53052C0 0.685236 0.692171 0 1.54601 0H15.0736C15.9274 0 16.6196 0.685235 16.6196 1.53052V13.4064L15.8127 13.922L14.2658 14.2658L12.7189 13.4064L10.6054 14.3818C10.4994 14.2451 10.3327 14.157 10.1452 14.157H6.76329C6.4431 14.157 6.18354 14.414 6.18354 14.731C6.18354 15.0479 6.4431 15.3049 6.76329 15.3049H10.1452C10.2478 15.3049 10.3441 15.2785 10.4277 15.2322L10.3126 16.8439L13.2345 20.2793H1.54601C0.69217 20.2793 0 19.5941 0 18.7488V1.53052ZM6.18354 5.5483C6.18354 5.23132 6.4431 4.97436 6.76329 4.97436H12.3676C12.6878 4.97436 12.9473 5.23132 12.9473 5.5483C12.9473 5.86528 12.6878 6.12224 12.3676 6.12224H6.76329C6.4431 6.12224 6.18354 5.86528 6.18354 5.5483ZM6.76329 11.0961C6.4431 11.0961 6.18354 11.3531 6.18354 11.6701C6.18354 11.987 6.4431 12.244 6.76329 12.244H12.3676C12.6878 12.244 12.9473 11.987 12.9473 11.6701C12.9473 11.3531 12.6878 11.0961 12.3676 11.0961H6.76329ZM6.18354 8.60985C6.18354 8.29287 6.4431 8.03591 6.76329 8.03591H12.3676C12.6878 8.03591 12.9473 8.29287 12.9473 8.60985C12.9473 8.92684 12.6878 9.1838 12.3676 9.1838H6.76329C6.4431 9.1838 6.18354 8.92684 6.18354 8.60985ZM3.67118 5.5483C3.67118 5.23132 3.93075 4.97436 4.25093 4.97436H4.63743C4.95762 4.97436 5.21719 5.23132 5.21719 5.5483C5.21719 5.86528 4.95762 6.12224 4.63743 6.12224H4.25093C3.93075 6.12224 3.67118 5.86528 3.67118 5.5483ZM4.25093 11.0961C3.93075 11.0961 3.67118 11.3531 3.67118 11.6701C3.67118 11.987 3.93075 12.244 4.25093 12.244H4.63743C4.95762 12.244 5.21719 11.987 5.21719 11.6701C5.21719 11.3531 4.95762 11.0961 4.63743 11.0961H4.25093ZM3.67118 8.60985C3.67118 8.29287 3.93075 8.03591 4.25093 8.03591H4.63743C4.95762 8.03591 5.21719 8.29287 5.21719 8.60985C5.21719 8.92684 4.95762 9.1838 4.63743 9.1838H4.25093C3.93075 9.1838 3.67118 8.92684 3.67118 8.60985ZM4.25093 14.157C3.93075 14.157 3.67118 14.414 3.67118 14.731C3.67118 15.0479 3.93075 15.3049 4.25093 15.3049H4.63743C4.95762 15.3049 5.21719 15.0479 5.21719 14.731C5.21719 14.414 4.95762 14.157 4.63743 14.157H4.25093Z" fill="#EB0203"></path>
            <path fill-rule="evenodd" clip-rule="evenodd" d="M14.6252 13.6363C13.4918 12.6215 11.7817 12.5264 10.6569 13.4792C9.12421 14.7764 9.34841 16.8912 10.4409 18.0122L14.0159 21.6742C14.2197 21.8832 14.4928 22 14.7822 22C15.0737 22 15.3448 21.8852 15.5486 21.6762L19.1236 18.0142C20.214 16.8933 20.4423 14.7785 18.9075 13.4792C17.7827 12.5283 16.0724 12.6217 14.9391 13.6365C14.8855 13.6845 14.8331 13.7345 14.7822 13.7866C14.7313 13.7345 14.6789 13.6843 14.6252 13.6363ZM18.1546 14.3522C19.0973 15.1508 18.9962 16.4896 18.2891 17.2173C18.2888 17.2175 18.2886 17.2177 18.2884 17.218L14.7832 20.8084L11.2753 17.2151C11.2752 17.215 11.2751 17.2149 11.2749 17.2148C10.5677 16.4887 10.4678 15.1495 11.4104 14.3518L11.4108 14.3514C12.0745 13.7892 13.2018 13.82 13.9488 14.5846L14.7822 15.4378L15.6157 14.5846C16.3617 13.8211 17.4896 13.79 18.1545 14.3521" fill="#EB0203"></path>
            </svg>
            <svg class="inactive-content" width="100%" height="100%" viewBox="0 0 20 23" fill="none" xmlns="http://www.w3.org/2000/svg">
            <path fill-rule="evenodd" clip-rule="evenodd" d="M6.18408 5.77914C6.18408 5.46223 6.44363 5.20532 6.7638 5.20532H12.3678C12.6879 5.20532 12.9475 5.46223 12.9475 5.77914C12.9475 6.09606 12.6879 6.35297 12.3678 6.35297H6.7638C6.44363 6.35297 6.18408 6.09606 6.18408 5.77914Z" fill="#EB0203"></path>
            <path fill-rule="evenodd" clip-rule="evenodd" d="M6.18408 11.9034C6.18408 11.5865 6.44363 11.3296 6.7638 11.3296H12.3678C12.6879 11.3296 12.9475 11.5865 12.9475 11.9034C12.9475 12.2202 12.6879 12.4771 12.3678 12.4771H6.7638C6.44363 12.4771 6.18408 12.2202 6.18408 11.9034Z" fill="#EB0203"></path>
            <path fill-rule="evenodd" clip-rule="evenodd" d="M6.18408 8.84116C6.18408 8.52424 6.44363 8.26733 6.7638 8.26733H12.3678C12.6879 8.26733 12.9475 8.52424 12.9475 8.84116C12.9475 9.15807 12.6879 9.41498 12.3678 9.41498H6.7638C6.44363 9.41498 6.18408 9.15807 6.18408 8.84116Z" fill="#EB0203"></path>
            <path fill-rule="evenodd" clip-rule="evenodd" d="M6.18408 14.9655C6.18408 14.6486 6.44363 14.3917 6.7638 14.3917H10.1455C10.4657 14.3917 10.7252 14.6486 10.7252 14.9655C10.7252 15.2825 10.4657 15.5394 10.1455 15.5394H6.7638C6.44363 15.5394 6.18408 15.2825 6.18408 14.9655Z" fill="#EB0203"></path>
            <path fill-rule="evenodd" clip-rule="evenodd" d="M3.67139 5.77914C3.67139 5.46223 3.93094 5.20532 4.25111 5.20532H4.63759C4.95776 5.20532 5.21731 5.46223 5.21731 5.77914C5.21731 6.09606 4.95776 6.35297 4.63759 6.35297H4.25111C3.93094 6.35297 3.67139 6.09606 3.67139 5.77914Z" fill="#EB0203"></path>
            <path fill-rule="evenodd" clip-rule="evenodd" d="M3.67139 11.9034C3.67139 11.5865 3.93094 11.3296 4.25111 11.3296H4.63759C4.95776 11.3296 5.21731 11.5865 5.21731 11.9034C5.21731 12.2202 4.95776 12.4771 4.63759 12.4771H4.25111C3.93094 12.4771 3.67139 12.2202 3.67139 11.9034Z" fill="#EB0203"></path>
            <path fill-rule="evenodd" clip-rule="evenodd" d="M3.67139 8.84116C3.67139 8.52424 3.93094 8.26733 4.25111 8.26733H4.63759C4.95776 8.26733 5.21731 8.52424 5.21731 8.84116C5.21731 9.15807 4.95776 9.41498 4.63759 9.41498H4.25111C3.93094 9.41498 3.67139 9.15807 3.67139 8.84116Z" fill="#EB0203"></path>
            <path fill-rule="evenodd" clip-rule="evenodd" d="M3.67139 14.9655C3.67139 14.6486 3.93094 14.3917 4.25111 14.3917H4.63759C4.95776 14.3917 5.21731 14.6486 5.21731 14.9655C5.21731 15.2825 4.95776 15.5394 4.63759 15.5394H4.25111C3.93094 15.5394 3.67139 15.2825 3.67139 14.9655Z" fill="#EB0203"></path>
            <path fill-rule="evenodd" clip-rule="evenodd" d="M0 1.76033C0 0.914738 0.692131 0.229248 1.54592 0.229248H15.0727C15.9265 0.229248 16.6186 0.914738 16.6186 1.76033V11.2818C16.6186 11.5989 16.3591 11.8559 16.0389 11.8559C15.7187 11.8559 15.4592 11.5989 15.4592 11.2818V1.76033C15.4592 1.54893 15.2862 1.37756 15.0727 1.37756H1.54592C1.33247 1.37756 1.15944 1.54893 1.15944 1.76033V18.985C1.15944 19.1964 1.33247 19.3678 1.54592 19.3678H9.27551C9.59568 19.3678 9.85523 19.6249 9.85523 19.942C9.85523 20.2591 9.59568 20.5161 9.27551 20.5161H1.54592C0.692131 20.5161 0 19.8306 0 18.985V1.76033Z" fill="#EB0203"></path>
            <path fill-rule="evenodd" clip-rule="evenodd" d="M14.6254 13.8718C13.4921 12.8567 11.7821 12.7615 10.6574 13.7147C9.12472 15.0124 9.34891 17.128 10.4413 18.2493L14.0161 21.9126C14.2199 22.1217 14.493 22.2386 14.7824 22.2386C15.0739 22.2386 15.3449 22.1238 15.5487 21.9147L19.1235 18.2514C20.2139 17.13 20.4422 15.0144 18.9075 13.7147C17.7827 12.7634 16.0726 12.8569 14.9392 13.872C14.8856 13.92 14.8333 13.9701 14.7824 14.0222C14.7314 13.97 14.6791 13.9199 14.6254 13.8718ZM18.1546 14.588C19.0972 15.3869 18.9961 16.7262 18.2891 17.4541C18.2888 17.4543 18.2886 17.4546 18.2884 17.4548L14.7834 21.0466L11.2757 17.452C11.2756 17.4519 11.2755 17.4517 11.2753 17.4516C10.5681 16.7252 10.4682 15.3856 11.4108 14.5876L11.4112 14.5872C12.0748 14.0248 13.202 14.0556 13.949 14.8205L14.7824 15.674L15.6158 14.8205C16.3618 14.0567 17.4896 14.0256 18.1545 14.5879" fill="#EB0203"></path>
            </svg>
            </button>
            </div>
            <div class="col-sm-10 col-12">
            <div class="ct-tile-quantity d-none" data-pid="5571005">
            <input type="hidden" class="add-to-cart-url" value="https://www.continente.pt/on/demandware.store/Sites-continente-Site/default/Cart-AddProduct">
            <div class="d-none tile-delete-confirmation-btn" data-pid="5571005" data-delay-time="3000" data-in-cart-msg="no carrinho" data-one-product-added="Adicionado ao carrinho" data-remove-from-cart-msg="Removido do carrinho" data-stay-open="6000.0" data-confirmation-image="{&quot;url&quot;:&quot;https://www.continente.pt/dw/image/v2/BDVS_PRD/on/demandware.static/-/Sites-col-master-catalog/default/dwd06d853b/images/col/557/5571005-frente.jpg?sw=87&amp;sh=80&quot;,&quot;fallbackimage&quot;:{&quot;url&quot;:&quot;https://www.continente.pt/dw/image/v2/BDVS_PRD/on/demandware.static/Sites-continente-Site/-/default/dw7c42b4da/images/noimagelarge_product.png?sw=87&amp;sh=80&quot;,&quot;title&quot;:&quot;Pão de Forma com Côdea&quot;,&quot;alt&quot;:&quot;Pão de Forma com Côdea&quot;},&quot;title&quot;:&quot;Pão de Forma com Côdea&quot;,&quot;alt&quot;:&quot;Pão de Forma com Côdea&quot;}"></div>
            <div class="ct-tile-quantity-update quantity-update product-qty-vue" data-remove-action="https://www.continente.pt/on/demandware.store/Sites-continente-Site/default/Cart-RemoveProductLineItem" data-action="https://www.continente.pt/on/demandware.store/Sites-continente-Site/default/Cart-UpdateQuantity" data-dimension-update="https://www.continente.pt/on/demandware.store/Sites-continente-Site/default/Cart-DimensionUpdate" data-pid="5571005" data-uuid="997af7983d4baf9c6f8097de7e" data-add-delay="500.0" data-measure-options="{&quot;hasConversionRate&quot;:false,&quot;hasAlternativeSaleUnit&quot;:false,&quot;unitConversionRate&quot;:0,&quot;minOrderQuantity&quot;:1,&quot;stepQuantity&quot;:1,&quot;primaryunit&quot;:&quot;un&quot;,&quot;secondaryunit&quot;:&quot;kg&quot;,&quot;selectedunit&quot;:&quot;primary&quot;,&quot;maxNumberOfUnitsPerSale&quot;:50}" data-price-available="null" :data-has-error="isMaxQtyReached || isMinQtyReached || qtySelectedMoreThanOne">
            <template v-show="prodUnits">
            <div class="quantity-input-wrapper has-units">
            <label class="visually-hidden" :for="'quantity-' + pid + additionalTag">
            Quantidade no carrinho
            </label>
            <input :ref="'quantityInput-' + pid + additionalTag" class="add-to-cart-quantity form-control ct-form-input text-center" inputmode="numeric" :class="{'is-invalid': isInvalid}" :data-pid="pid + additionalTag" :name="'quantity-' + pid + additionalTag" type="text" aria-label="Insira a quantidade" title="" v-model="displayValue" @change="updateQuantity" @focus="updateQtyFormat" @blur="restoreQtyFormat" :disabled="!isPriceAvailable">
            <span class="quantity-icon quantity-icon--minus">
            <button class="decrease-quantity-btn" @click="updateQuantity" :disabled="!isPriceAvailable" role="button" aria-label="Reduzir quantidade">
            <i class="css-math-minus"></i>
            </button>
            </span>
            <span class="quantity-icon quantity-icon--plus">
            <button class="increase-quantity-btn" @click="updateQuantity" :disabled="isMaxQtyReached || !isPriceAvailable" role="button" aria-label="Aumentar quantidade">
            <i class="css-math-plus"></i>
            </button>
            <span class="quantity-btn-disabled-placeholder"></span>
            </span>
            <template v-if="isPDP">
            <span class="quantity-error ct-span-error text-sm-center product-max-allocation" v-if="isMaxQtyReached">
            Quantidade máxima atingida
            </span>
            <span class="quantity-error ct-span-product text-sm-center product-allocation" v-if="!isMinQtyReached &amp;&amp; !isMaxQtyReached">
            {{quantitySelected}} no carrinho
            </span>
            <span class="quantity-error ct-span-error text-sm-center product-min-allocation" :data-pid="pid" v-if="isMinQtyReached &amp;&amp; !isMaxQtyReached">
            Quantidade mínima atingida
            </span>
            </template>
            </div>
            <template v-if="showNotes">
            <div class="add-note-link-container ">
            <div class="add-note">
            <a href="/produto/pao-de-forma-com-codea-bimbo-5571005.html?showNote=true" class="ct-add-note-redirect-pdp" aria-label="Adicionar comentário">
            <span class="svg-wrapper svg-icon-notes" style="width:19px; height:20px">
            <svg class="svg-inline icon-notes" viewBox="0 0 28 30" xmlns="http://www.w3.org/2000/svg" width="100%" height="100%"><path d="M21.738 0C22.985 0 24 1.04 24 2.319V12.47c0 .469-.37.848-.828.848-.457 0-.827-.38-.827-.848V2.32c0-.343-.273-.622-.607-.622H2.262c-.334 0-.607.279-.607.622V27.68c0 .343.273.622.607.622h7.81c.457 0 .827.38.827.849 0 .468-.37.848-.827.848h-7.81C1.015 30 0 28.96 0 27.681V2.32C0 1.04 1.015 0 2.262 0h19.476zm2.844 16.004l.227.007c.823.053 1.589.39 2.176.964.64.627.993 1.46.993 2.349 0 .888-.353 1.722-.993 2.348l-6.83 6.665c-.11.108-.247.186-.397.226l-5.032 1.363c-.078.021-.16.032-.241.032-.242 0-.478-.097-.647-.266-.23-.231-.314-.566-.218-.874l1.49-4.798c.044-.139.122-.266.227-.369l6.844-6.677c.64-.625 1.493-.97 2.401-.97zm-2.886 3.94l-4.922 4.802-.947 3.048 3.22-.872 4.897-4.78-2.248-2.197zm2.887-2.174c-.425 0-.824.162-1.124.455l-.484.472 2.248 2.197.484-.472c.62-.606.62-1.591 0-2.197l-.117-.104c-.283-.227-.636-.35-1.007-.35zm-10.839.022c.498 0 .904.396.904.883 0 .488-.406.884-.904.884H5.946c-.499 0-.904-.396-.904-.884 0-.487.405-.883.904-.883zm5.042-4.876c.498 0 .904.397.904.884s-.406.884-.904.884H5.946c-.499 0-.904-.397-.904-.884s.405-.884.904-.884zm0-4.875c.498 0 .904.396.904.884 0 .487-.406.883-.904.883H5.946c-.499 0-.904-.396-.904-.883 0-.488.405-.884.904-.884z" fill="#EB0203" fill-rule="evenodd"></path></svg>
            </span>
            <div class="available-note d-none"></div>
            </a>
            </div>
            </div>
            </template>
            <div class="measurement-unit-section" v-if="isPriceAvailable &amp;&amp; prodUnits ? prodUnits.hasAlternativeUnit : false">
            <div class="ct-form-radio" @click="setDimension">
            <input type="radio" title="" class="ct-form-check-input product-measurement-unit" :data-type="prodUnits.selectedUnit == prodUnits.secondaryUnit ? 'primary' : ''" :id="prodUnits.secondaryUnit + '-' + pid + '-measurement-unit-ptile' + additionalTag" :name="'measurement-unit-' + pid + '-ptile' + additionalTag" :value="prodUnits.secondaryUnit" v-model="prodUnits.selectedUnit">
            <label :class="prodUnits.secondaryUnit + '-label ct-form-check-label mb-0'" :for="prodUnits.secondaryUnit + '-' + pid + '-measurement-unit-ptile' + additionalTag">
            {{prodUnits.secondaryUnit}}
            </label>
            <span class="checkmark"></span>
            </div>
            <div class="ct-form-radio" @click="setDimension">
            <input type="radio" title="" class="ct-form-check-input product-measurement-unit" :data-type="prodUnits.selectedUnit == prodUnits.primaryUnit ? 'primary' : ''" :id="prodUnits.primaryUnit + '-' + pid + '-measurement-unit-ptile' + additionalTag" :name="'measurement-unit-' + pid + '-ptile' + additionalTag" :value="prodUnits.primaryUnit" v-model="prodUnits.selectedUnit">
            <label :class="prodUnits.primaryUnit + '-label ct-form-check-label mb-0'" :for="prodUnits.primaryUnit + '-' + pid + '-measurement-unit-ptile' + additionalTag">
            {{prodUnits.primaryUnit}}
            </label>
            <span class="checkmark"></span>
            </div>
            </div>
            <template v-if="!isPDP &amp;&amp; isPriceAvailable">
            <span class="quantity-error ct-span-error product-max-allocation" v-if="isMaxQtyReached">
            Quantidade máxima atingida
            </span>
            <span class="quantity-error ct-span-product product-allocation" v-if="!isMinQtyReached &amp;&amp; !isMaxQtyReached">
            {{quantitySelected}} no carrinho
            </span>
            <span class="quantity-error ct-span-error product-min-allocation" :data-pid="pid" v-if="isMinQtyReached &amp;&amp; !isMaxQtyReached">
            Quantidade mínima atingida
            </span>
            </template>
            </template>
            </div>
            <input class="quantity-value-mask d-none" name="quantity" type="number" min="0" value="">
            </div>
            <button type="button" class="add-to-cart button js-add-to-cart js-add-to-cart-tile 5571005 button--primary dynamic-layout-btn" data-toggle="modal" data-target="#chooseBonusProductModal" data-pid="5571005" data-quantity-value="null" aria-label="Carrinho">
             <span class="d-block d-sm-none">
            <span class="svg-wrapper svg-icon-cart" style="width:20px; height:20px">
            <svg class="svg-inline icon-cart" xmlns="http://www.w3.org/2000/svg" viewBox="0 0 500 500" width="100%" height="100%"><path fill="#EB0203" fill-rule="evenodd" d="M 485.67317,94.386311 C 476.37798,83.847129 463.09468,78.03348 448.30404,78.03348 H 90.690813 L 87.079511,51.327997 C 83.185582,22.539551 62.962285,0 41.011841,0 H 14.727836 C 6.563151,0 0,6.5286975 0,14.580758 c 0,8.05206 6.5945535,14.580758 14.727836,14.580758 h 26.284005 c 4.710398,0 14.696435,9.855222 16.894619,26.021523 L 100.01739,368.0631 c 1.88416,13.77244 9.01256,26.70549 20.1605,36.37417 8.25889,7.15046 18.02511,11.9071 28.26237,13.89679 -4.17655,7.58572 -6.53175,16.25957 -6.53175,25.493 0,29.53459 24.27424,53.59751 54.13815,53.59751 29.8325,0 54.13814,-24.03184 54.13814,-53.59751 0,-8.79818 -2.19818,-17.09897 -5.9979,-24.43598 h 77.12488 c -3.79973,7.33701 -5.96652,15.6378 -5.96652,24.43598 0,29.53459 24.27424,53.59751 54.13817,53.59751 29.83249,0 54.13814,-24.03184 54.13814,-53.59751 0,-8.79818 -2.1982,-17.09897 -5.9979,-24.43598 h 38.56243 c 8.13328,0 14.72783,-6.5287 14.72783,-14.61183 0,-8.02098 -6.59455,-14.54967 -14.72783,-14.54967 H 159.24277 c -14.38241,0 -28.13677,-11.90711 -30.02092,-26.02153 l -3.07746,-22.88154 h 290.6314 c 14.03698,0 27.94834,-5.28513 39.06488,-14.95381 11.11652,-9.6376 18.27632,-22.57065 20.16048,-36.37417 l 21.10259,-156.78201 c 1.94694,-14.51858 -2.10398,-28.29103 -11.43057,-38.861299 z M 220.76053,443.82706 c 0,13.49265 -11.08513,24.46709 -24.68247,24.46709 -13.62874,0 -24.71387,-10.97444 -24.71387,-24.46709 0,-13.49262 11.08513,-24.43598 24.71387,-24.43598 13.59734,0 24.68247,10.94336 24.68247,24.43598 z m 173.43675,0 c 0,13.49265 -11.08512,24.46709 -24.68245,24.46709 -13.62876,0 -24.71388,-10.97444 -24.71388,-24.46709 0,-13.49262 11.08512,-24.43598 24.71388,-24.43598 13.59733,0 24.68245,10.94336 24.68245,24.43598 z m 73.7648,-314.46558 -21.13397,156.782 c -1.88416,14.11442 -15.63851,26.05261 -30.02091,26.05261 H 122.25046 L 94.616142,107.19499 H 448.33544 c 6.18632,0 11.61896,2.2695 15.23028,6.37326 3.64269,4.13484 5.21283,9.73086 4.39636,15.79323 z"></path></svg>
            </span>
            </span>
            <span class="add-to-cart--text d-none d-sm-block">Carrinho</span>
            </button>
            </div>
            </div>
            </div>
            </div>
            
            <div class="col-12 d-sm-none">
            </div>
            </div>
            </div>
            </div>
            </div>
            <div class="col-12 col-sm-3 col-lg-2 productTile" data-idx="7">
            
            <script type="text/javascript">//<!--
            /* <![CDATA[ */
            (function(){
            try {
                if(window.CQuotient) {
                var cq_params = {};
                
                cq_params.cookieId = window.CQuotient.getCQCookieId();
                cq_params.userId = window.CQuotient.getCQUserId();
                cq_params.emailId = CQuotient.getCQHashedEmail();
                cq_params.loginId = CQuotient.getCQHashedLogin();
                cq_params.accumulate = true;
                cq_params.products = [{
                    id: '5547623',
                    sku: ''
                }];
                cq_params.categoryId = 'padaria-e-pastelaria-padaria-forma';
                cq_params.refinements = '[{\"name\":\"priceMin\",\"value\":\"0.01\"},{\"name\":\"priceMax\",\"value\":\"null\"},{\"name\":\"curr\",\"value\":\"EUR\"},{\"name\":\"Category\",\"value\":\"padaria-e-pastelaria-padaria-forma\"}]';
                cq_params.personalized = 'false';
                cq_params.sortingRule = 'categories top-sellers';
                cq_params.imageUUID = '__UNDEFINED__';
                cq_params.realm = "BDVS";
                cq_params.siteId = "continente";
                cq_params.instanceType = "prd";
                cq_params.queryLocale = "default";
                cq_params.locale = window.CQuotient.locale;
                
                if(window.CQuotient.sendActivity)
                    window.CQuotient.sendActivity(CQuotient.clientId, 'viewCategory', cq_params);
                else
                    window.CQuotient.activities.push({
                        activityType: 'viewCategory',
                        parameters: cq_params
                    });
              }
            } catch(err) {}
            })();
            /* ]]> */
            // -->
            </script>
            <script type="text/javascript">//<!--
            /* <![CDATA[ (viewCategoryProduct-active_data.js) */
            (function(){
            try {
                if (dw.ac) {
                    var search_params = {};
                    search_params.persd = 'false';
                    search_params.refs = '[{\"name\":\"priceMin\",\"value\":\"0.01\"},{\"name\":\"priceMax\",\"value\":\"null\"},{\"name\":\"curr\",\"value\":\"EUR\"},{\"name\":\"Category\",\"value\":\"padaria-e-pastelaria-padaria-forma\"}]';
                    search_params.sort = 'categories top-sellers';
                    search_params.imageUUID = '';
                    search_params.searchID = '79fd584c-cee5-42dd-a07f-04e8467e04c2';
                    search_params.locale = 'default';
                    search_params.queryLocale = 'default';
                    search_params.showProducts = 'true';
                    dw.ac.applyContext({category: "padaria-e-pastelaria-padaria-forma", searchData: search_params});
                    if (typeof dw.ac._scheduleDataSubmission === "function") {
                        dw.ac._scheduleDataSubmission();
                    }
                }
            } catch(err) {}
            })();
            /* ]]> */
            // -->
            </script>
            <script type="text/javascript">//<!--
            /* <![CDATA[ (viewProduct-active_data.js) */
            dw.ac._capture({id: "5547623", type: "searchhit"});
            /* ]]> */
            // -->
            </script>
            <div class="product" data-pid="5547623">
            <div class="product-tile pid-5547623 ct-product-tile data-layer-pushed" data-delay-time="3000" data-variants-mapping="[]" data-in-cart-msg="no carrinho" data-one-product-added="Adicionado ao carrinho" data-remove-from-cart-msg="Removido do carrinho" data-stay-open="6000.0" data-product-tile-impression="{&quot;name&quot;:&quot;5547623&quot;,&quot;id&quot;:&quot;5547623&quot;,&quot;price&quot;:1.86,&quot;brand&quot;:&quot;Panrico&quot;,&quot;category&quot;:[{&quot;category_level_1&quot;:&quot;Padaria e Pastelaria&quot;},{&quot;category_level_2&quot;:&quot;Padaria&quot;},{&quot;category_level_3&quot;:&quot;Pão de Forma e Embalado&quot;}],&quot;variant&quot;:&quot;&quot;}">
            <div class="ct-inner-tile-wrap row no-gutters justify-content-center align-content-start">
            <div class="ct-product-tile-badge ct-product-tile-badge--promotional">
            <img class="img-fluid lazyloaded" loading="lazy" data-src="https://www.continente.pt/dw/image/v2/BDVS_PRD/on/demandware.static/-/Sites-continente-Library/default/dwf5980f2e/images/badges/pvpr/col/pvpr.png?sw=60&amp;sh=42" alt="PVP Recomendado: €2,49/un" title="PVP Recomendado: €2,49/un" src="https://www.continente.pt/dw/image/v2/BDVS_PRD/on/demandware.static/-/Sites-continente-Library/default/dwf5980f2e/images/badges/pvpr/col/pvpr.png?sw=60&amp;sh=42">
            <div class="ct-product-tile-badge-value-wrapper ct-product-tile-badge-value-wrapper--pvpr  ">
            <span class="ct-product-tile-badge-value--pvpr">
            25
            </span>
            <span class="ct-product-tile-badge-value--pvpr-quantifier ">
            %
            </span>
            </div>
            </div>
            
            <div class="ct-image-container col-4 col-sm" data-confirmation-image="{&quot;url&quot;:&quot;https://www.continente.pt/dw/image/v2/BDVS_PRD/on/demandware.static/-/Sites-col-master-catalog/default/dwa72c5792/images/col/554/5547623-frente.jpg?sw=87&amp;sh=80&quot;,&quot;fallbackimage&quot;:{&quot;url&quot;:&quot;https://www.continente.pt/dw/image/v2/BDVS_PRD/on/demandware.static/Sites-continente-Site/-/default/dw7c42b4da/images/noimagelarge_product.png?sw=87&amp;sh=80&quot;,&quot;title&quot;:&quot;Pão de Forma 9 Cereais sem Côdea&quot;,&quot;alt&quot;:&quot;Pão de Forma 9 Cereais sem Côdea&quot;},&quot;title&quot;:&quot;Pão de Forma 9 Cereais sem Côdea&quot;,&quot;alt&quot;:&quot;Pão de Forma 9 Cereais sem Côdea&quot;}">
            <a href="https://www.continente.pt/produto/pao-de-forma-9-cereais-sem-codea-panrico-5547623.html?cgid=padaria-e-pastelaria-padaria-forma">
            <picture class="intrinsic intrinsic--square">
            <img class="ct-tile-image lazyloaded" loading="lazy" onerror="this.onerror=null;this.src='/on/demandware.static/Sites-continente-Site/-/default/dw7c42b4da/images/noimagelarge_product.png';" data-src="https://www.continente.pt/dw/image/v2/BDVS_PRD/on/demandware.static/-/Sites-col-master-catalog/default/dwa72c5792/images/col/554/5547623-frente.jpg?sw=280&amp;sh=280" alt="Pão de Forma 9 Cereais sem Côdea" title="Pão de Forma 9 Cereais sem Côdea" src="https://www.continente.pt/dw/image/v2/BDVS_PRD/on/demandware.static/-/Sites-col-master-catalog/default/dwa72c5792/images/col/554/5547623-frente.jpg?sw=280&amp;sh=280">
            </picture>
            </a>
            <div class="color-swatches d-flex" style="margin-left: 5px;">
            <div class="swatches d-flex">
            </div>
            </div>
            </div>
            <div class="ct-tile-body col col-sm-auto ">
            <div class="ct-pdp-details">
            <div class="ct-pdp-link">
            <a class="ct-tile--description" href="https://www.continente.pt/produto/pao-de-forma-9-cereais-sem-codea-panrico-5547623.html?cgid=padaria-e-pastelaria-padaria-forma">Pão de Forma 9 Cereais sem Côdea</a>
            <div class="ct-tile--favorite-top d-sm-none">
            <button class="wishlist-toggler guest-mode inactive button button--tertiary" data-pid="5547623" data-add-url="https://www.continente.pt/on/demandware.store/Sites-continente-Site/default/Wishlist-AddProduct?pid=5547623" data-toggle="tooltip" aria-label="Adicionar aos favoritos " data-original-title="Adicionar aos favoritos" data-placement="top">
            <svg class="active-content" width="100%" height="100%" viewBox="0 0 20 22" fill="none" xmlns="http://www.w3.org/2000/svg">
            <path fill-rule="evenodd" clip-rule="evenodd" d="M0 1.53052C0 0.685236 0.692171 0 1.54601 0H15.0736C15.9274 0 16.6196 0.685235 16.6196 1.53052V13.4064L15.8127 13.922L14.2658 14.2658L12.7189 13.4064L10.6054 14.3818C10.4994 14.2451 10.3327 14.157 10.1452 14.157H6.76329C6.4431 14.157 6.18354 14.414 6.18354 14.731C6.18354 15.0479 6.4431 15.3049 6.76329 15.3049H10.1452C10.2478 15.3049 10.3441 15.2785 10.4277 15.2322L10.3126 16.8439L13.2345 20.2793H1.54601C0.69217 20.2793 0 19.5941 0 18.7488V1.53052ZM6.18354 5.5483C6.18354 5.23132 6.4431 4.97436 6.76329 4.97436H12.3676C12.6878 4.97436 12.9473 5.23132 12.9473 5.5483C12.9473 5.86528 12.6878 6.12224 12.3676 6.12224H6.76329C6.4431 6.12224 6.18354 5.86528 6.18354 5.5483ZM6.76329 11.0961C6.4431 11.0961 6.18354 11.3531 6.18354 11.6701C6.18354 11.987 6.4431 12.244 6.76329 12.244H12.3676C12.6878 12.244 12.9473 11.987 12.9473 11.6701C12.9473 11.3531 12.6878 11.0961 12.3676 11.0961H6.76329ZM6.18354 8.60985C6.18354 8.29287 6.4431 8.03591 6.76329 8.03591H12.3676C12.6878 8.03591 12.9473 8.29287 12.9473 8.60985C12.9473 8.92684 12.6878 9.1838 12.3676 9.1838H6.76329C6.4431 9.1838 6.18354 8.92684 6.18354 8.60985ZM3.67118 5.5483C3.67118 5.23132 3.93075 4.97436 4.25093 4.97436H4.63743C4.95762 4.97436 5.21719 5.23132 5.21719 5.5483C5.21719 5.86528 4.95762 6.12224 4.63743 6.12224H4.25093C3.93075 6.12224 3.67118 5.86528 3.67118 5.5483ZM4.25093 11.0961C3.93075 11.0961 3.67118 11.3531 3.67118 11.6701C3.67118 11.987 3.93075 12.244 4.25093 12.244H4.63743C4.95762 12.244 5.21719 11.987 5.21719 11.6701C5.21719 11.3531 4.95762 11.0961 4.63743 11.0961H4.25093ZM3.67118 8.60985C3.67118 8.29287 3.93075 8.03591 4.25093 8.03591H4.63743C4.95762 8.03591 5.21719 8.29287 5.21719 8.60985C5.21719 8.92684 4.95762 9.1838 4.63743 9.1838H4.25093C3.93075 9.1838 3.67118 8.92684 3.67118 8.60985ZM4.25093 14.157C3.93075 14.157 3.67118 14.414 3.67118 14.731C3.67118 15.0479 3.93075 15.3049 4.25093 15.3049H4.63743C4.95762 15.3049 5.21719 15.0479 5.21719 14.731C5.21719 14.414 4.95762 14.157 4.63743 14.157H4.25093Z" fill="#EB0203"></path>
            <path fill-rule="evenodd" clip-rule="evenodd" d="M14.6252 13.6363C13.4918 12.6215 11.7817 12.5264 10.6569 13.4792C9.12421 14.7764 9.34841 16.8912 10.4409 18.0122L14.0159 21.6742C14.2197 21.8832 14.4928 22 14.7822 22C15.0737 22 15.3448 21.8852 15.5486 21.6762L19.1236 18.0142C20.214 16.8933 20.4423 14.7785 18.9075 13.4792C17.7827 12.5283 16.0724 12.6217 14.9391 13.6365C14.8855 13.6845 14.8331 13.7345 14.7822 13.7866C14.7313 13.7345 14.6789 13.6843 14.6252 13.6363ZM18.1546 14.3522C19.0973 15.1508 18.9962 16.4896 18.2891 17.2173C18.2888 17.2175 18.2886 17.2177 18.2884 17.218L14.7832 20.8084L11.2753 17.2151C11.2752 17.215 11.2751 17.2149 11.2749 17.2148C10.5677 16.4887 10.4678 15.1495 11.4104 14.3518L11.4108 14.3514C12.0745 13.7892 13.2018 13.82 13.9488 14.5846L14.7822 15.4378L15.6157 14.5846C16.3617 13.8211 17.4896 13.79 18.1545 14.3521" fill="#EB0203"></path>
            </svg>
            <svg class="inactive-content" width="100%" height="100%" viewBox="0 0 20 23" fill="none" xmlns="http://www.w3.org/2000/svg">
            <path fill-rule="evenodd" clip-rule="evenodd" d="M6.18408 5.77914C6.18408 5.46223 6.44363 5.20532 6.7638 5.20532H12.3678C12.6879 5.20532 12.9475 5.46223 12.9475 5.77914C12.9475 6.09606 12.6879 6.35297 12.3678 6.35297H6.7638C6.44363 6.35297 6.18408 6.09606 6.18408 5.77914Z" fill="#EB0203"></path>
            <path fill-rule="evenodd" clip-rule="evenodd" d="M6.18408 11.9034C6.18408 11.5865 6.44363 11.3296 6.7638 11.3296H12.3678C12.6879 11.3296 12.9475 11.5865 12.9475 11.9034C12.9475 12.2202 12.6879 12.4771 12.3678 12.4771H6.7638C6.44363 12.4771 6.18408 12.2202 6.18408 11.9034Z" fill="#EB0203"></path>
            <path fill-rule="evenodd" clip-rule="evenodd" d="M6.18408 8.84116C6.18408 8.52424 6.44363 8.26733 6.7638 8.26733H12.3678C12.6879 8.26733 12.9475 8.52424 12.9475 8.84116C12.9475 9.15807 12.6879 9.41498 12.3678 9.41498H6.7638C6.44363 9.41498 6.18408 9.15807 6.18408 8.84116Z" fill="#EB0203"></path>
            <path fill-rule="evenodd" clip-rule="evenodd" d="M6.18408 14.9655C6.18408 14.6486 6.44363 14.3917 6.7638 14.3917H10.1455C10.4657 14.3917 10.7252 14.6486 10.7252 14.9655C10.7252 15.2825 10.4657 15.5394 10.1455 15.5394H6.7638C6.44363 15.5394 6.18408 15.2825 6.18408 14.9655Z" fill="#EB0203"></path>
            <path fill-rule="evenodd" clip-rule="evenodd" d="M3.67139 5.77914C3.67139 5.46223 3.93094 5.20532 4.25111 5.20532H4.63759C4.95776 5.20532 5.21731 5.46223 5.21731 5.77914C5.21731 6.09606 4.95776 6.35297 4.63759 6.35297H4.25111C3.93094 6.35297 3.67139 6.09606 3.67139 5.77914Z" fill="#EB0203"></path>
            <path fill-rule="evenodd" clip-rule="evenodd" d="M3.67139 11.9034C3.67139 11.5865 3.93094 11.3296 4.25111 11.3296H4.63759C4.95776 11.3296 5.21731 11.5865 5.21731 11.9034C5.21731 12.2202 4.95776 12.4771 4.63759 12.4771H4.25111C3.93094 12.4771 3.67139 12.2202 3.67139 11.9034Z" fill="#EB0203"></path>
            <path fill-rule="evenodd" clip-rule="evenodd" d="M3.67139 8.84116C3.67139 8.52424 3.93094 8.26733 4.25111 8.26733H4.63759C4.95776 8.26733 5.21731 8.52424 5.21731 8.84116C5.21731 9.15807 4.95776 9.41498 4.63759 9.41498H4.25111C3.93094 9.41498 3.67139 9.15807 3.67139 8.84116Z" fill="#EB0203"></path>
            <path fill-rule="evenodd" clip-rule="evenodd" d="M3.67139 14.9655C3.67139 14.6486 3.93094 14.3917 4.25111 14.3917H4.63759C4.95776 14.3917 5.21731 14.6486 5.21731 14.9655C5.21731 15.2825 4.95776 15.5394 4.63759 15.5394H4.25111C3.93094 15.5394 3.67139 15.2825 3.67139 14.9655Z" fill="#EB0203"></path>
            <path fill-rule="evenodd" clip-rule="evenodd" d="M0 1.76033C0 0.914738 0.692131 0.229248 1.54592 0.229248H15.0727C15.9265 0.229248 16.6186 0.914738 16.6186 1.76033V11.2818C16.6186 11.5989 16.3591 11.8559 16.0389 11.8559C15.7187 11.8559 15.4592 11.5989 15.4592 11.2818V1.76033C15.4592 1.54893 15.2862 1.37756 15.0727 1.37756H1.54592C1.33247 1.37756 1.15944 1.54893 1.15944 1.76033V18.985C1.15944 19.1964 1.33247 19.3678 1.54592 19.3678H9.27551C9.59568 19.3678 9.85523 19.6249 9.85523 19.942C9.85523 20.2591 9.59568 20.5161 9.27551 20.5161H1.54592C0.692131 20.5161 0 19.8306 0 18.985V1.76033Z" fill="#EB0203"></path>
            <path fill-rule="evenodd" clip-rule="evenodd" d="M14.6254 13.8718C13.4921 12.8567 11.7821 12.7615 10.6574 13.7147C9.12472 15.0124 9.34891 17.128 10.4413 18.2493L14.0161 21.9126C14.2199 22.1217 14.493 22.2386 14.7824 22.2386C15.0739 22.2386 15.3449 22.1238 15.5487 21.9147L19.1235 18.2514C20.2139 17.13 20.4422 15.0144 18.9075 13.7147C17.7827 12.7634 16.0726 12.8569 14.9392 13.872C14.8856 13.92 14.8333 13.9701 14.7824 14.0222C14.7314 13.97 14.6791 13.9199 14.6254 13.8718ZM18.1546 14.588C19.0972 15.3869 18.9961 16.7262 18.2891 17.4541C18.2888 17.4543 18.2886 17.4546 18.2884 17.4548L14.7834 21.0466L11.2757 17.452C11.2756 17.4519 11.2755 17.4517 11.2753 17.4516C10.5681 16.7252 10.4682 15.3856 11.4108 14.5876L11.4112 14.5872C12.0748 14.0248 13.202 14.0556 13.949 14.8205L14.7824 15.674L15.6158 14.8205C16.3618 14.0567 17.4896 14.0256 18.1545 14.5879" fill="#EB0203"></path>
            </svg>
            </button>
            </div>
            </div>
            <p class="ct-tile--brand">Panrico</p>
            <p class="ct-tile--quantity">emb. 480 gr</p>
            </div>
            <div class="ct-tile-bottom row no-gutters justify-content-between">
            <div class="ct-price-wrap col-8 col-sm-12">
            <div class="price js-product-price">
            <div class="prices-wrapper">
            <span class="sales ct-tile--price-primary ">
            <span class="value" content="1.86">
            <span class="ct-price-formatted">
            €1,86
            </span>
            <span class="ct-m-unit">
            /un
            </span>
            </span>
            </span>
            </div>
            <div class="ct-tile--price-secondary">
            <span class="ct-price-value">
            €3,88
            </span>
            <span class="ct-m-unit">
            /kg
            </span>
            </div>
            <p class="ct-discount-amount ct-discount-amount-pvpr">PVP Recomendado: €2,49/un</p>
            </div>
            </div>
            <div class="ct-tile-buy-section d-flex justify-content-center no-gutters col-auto col-sm-12">
            <div class="col-2 d-sm-flex d-none">
            <button class="wishlist-toggler guest-mode inactive button button--tertiary" data-pid="5547623" data-add-url="https://www.continente.pt/on/demandware.store/Sites-continente-Site/default/Wishlist-AddProduct?pid=5547623" data-toggle="tooltip" aria-label="Adicionar aos favoritos " data-original-title="Adicionar aos favoritos" data-placement="top">
            <svg class="active-content" width="100%" height="100%" viewBox="0 0 20 22" fill="none" xmlns="http://www.w3.org/2000/svg">
            <path fill-rule="evenodd" clip-rule="evenodd" d="M0 1.53052C0 0.685236 0.692171 0 1.54601 0H15.0736C15.9274 0 16.6196 0.685235 16.6196 1.53052V13.4064L15.8127 13.922L14.2658 14.2658L12.7189 13.4064L10.6054 14.3818C10.4994 14.2451 10.3327 14.157 10.1452 14.157H6.76329C6.4431 14.157 6.18354 14.414 6.18354 14.731C6.18354 15.0479 6.4431 15.3049 6.76329 15.3049H10.1452C10.2478 15.3049 10.3441 15.2785 10.4277 15.2322L10.3126 16.8439L13.2345 20.2793H1.54601C0.69217 20.2793 0 19.5941 0 18.7488V1.53052ZM6.18354 5.5483C6.18354 5.23132 6.4431 4.97436 6.76329 4.97436H12.3676C12.6878 4.97436 12.9473 5.23132 12.9473 5.5483C12.9473 5.86528 12.6878 6.12224 12.3676 6.12224H6.76329C6.4431 6.12224 6.18354 5.86528 6.18354 5.5483ZM6.76329 11.0961C6.4431 11.0961 6.18354 11.3531 6.18354 11.6701C6.18354 11.987 6.4431 12.244 6.76329 12.244H12.3676C12.6878 12.244 12.9473 11.987 12.9473 11.6701C12.9473 11.3531 12.6878 11.0961 12.3676 11.0961H6.76329ZM6.18354 8.60985C6.18354 8.29287 6.4431 8.03591 6.76329 8.03591H12.3676C12.6878 8.03591 12.9473 8.29287 12.9473 8.60985C12.9473 8.92684 12.6878 9.1838 12.3676 9.1838H6.76329C6.4431 9.1838 6.18354 8.92684 6.18354 8.60985ZM3.67118 5.5483C3.67118 5.23132 3.93075 4.97436 4.25093 4.97436H4.63743C4.95762 4.97436 5.21719 5.23132 5.21719 5.5483C5.21719 5.86528 4.95762 6.12224 4.63743 6.12224H4.25093C3.93075 6.12224 3.67118 5.86528 3.67118 5.5483ZM4.25093 11.0961C3.93075 11.0961 3.67118 11.3531 3.67118 11.6701C3.67118 11.987 3.93075 12.244 4.25093 12.244H4.63743C4.95762 12.244 5.21719 11.987 5.21719 11.6701C5.21719 11.3531 4.95762 11.0961 4.63743 11.0961H4.25093ZM3.67118 8.60985C3.67118 8.29287 3.93075 8.03591 4.25093 8.03591H4.63743C4.95762 8.03591 5.21719 8.29287 5.21719 8.60985C5.21719 8.92684 4.95762 9.1838 4.63743 9.1838H4.25093C3.93075 9.1838 3.67118 8.92684 3.67118 8.60985ZM4.25093 14.157C3.93075 14.157 3.67118 14.414 3.67118 14.731C3.67118 15.0479 3.93075 15.3049 4.25093 15.3049H4.63743C4.95762 15.3049 5.21719 15.0479 5.21719 14.731C5.21719 14.414 4.95762 14.157 4.63743 14.157H4.25093Z" fill="#EB0203"></path>
            <path fill-rule="evenodd" clip-rule="evenodd" d="M14.6252 13.6363C13.4918 12.6215 11.7817 12.5264 10.6569 13.4792C9.12421 14.7764 9.34841 16.8912 10.4409 18.0122L14.0159 21.6742C14.2197 21.8832 14.4928 22 14.7822 22C15.0737 22 15.3448 21.8852 15.5486 21.6762L19.1236 18.0142C20.214 16.8933 20.4423 14.7785 18.9075 13.4792C17.7827 12.5283 16.0724 12.6217 14.9391 13.6365C14.8855 13.6845 14.8331 13.7345 14.7822 13.7866C14.7313 13.7345 14.6789 13.6843 14.6252 13.6363ZM18.1546 14.3522C19.0973 15.1508 18.9962 16.4896 18.2891 17.2173C18.2888 17.2175 18.2886 17.2177 18.2884 17.218L14.7832 20.8084L11.2753 17.2151C11.2752 17.215 11.2751 17.2149 11.2749 17.2148C10.5677 16.4887 10.4678 15.1495 11.4104 14.3518L11.4108 14.3514C12.0745 13.7892 13.2018 13.82 13.9488 14.5846L14.7822 15.4378L15.6157 14.5846C16.3617 13.8211 17.4896 13.79 18.1545 14.3521" fill="#EB0203"></path>
            </svg>
            <svg class="inactive-content" width="100%" height="100%" viewBox="0 0 20 23" fill="none" xmlns="http://www.w3.org/2000/svg">
            <path fill-rule="evenodd" clip-rule="evenodd" d="M6.18408 5.77914C6.18408 5.46223 6.44363 5.20532 6.7638 5.20532H12.3678C12.6879 5.20532 12.9475 5.46223 12.9475 5.77914C12.9475 6.09606 12.6879 6.35297 12.3678 6.35297H6.7638C6.44363 6.35297 6.18408 6.09606 6.18408 5.77914Z" fill="#EB0203"></path>
            <path fill-rule="evenodd" clip-rule="evenodd" d="M6.18408 11.9034C6.18408 11.5865 6.44363 11.3296 6.7638 11.3296H12.3678C12.6879 11.3296 12.9475 11.5865 12.9475 11.9034C12.9475 12.2202 12.6879 12.4771 12.3678 12.4771H6.7638C6.44363 12.4771 6.18408 12.2202 6.18408 11.9034Z" fill="#EB0203"></path>
            <path fill-rule="evenodd" clip-rule="evenodd" d="M6.18408 8.84116C6.18408 8.52424 6.44363 8.26733 6.7638 8.26733H12.3678C12.6879 8.26733 12.9475 8.52424 12.9475 8.84116C12.9475 9.15807 12.6879 9.41498 12.3678 9.41498H6.7638C6.44363 9.41498 6.18408 9.15807 6.18408 8.84116Z" fill="#EB0203"></path>
            <path fill-rule="evenodd" clip-rule="evenodd" d="M6.18408 14.9655C6.18408 14.6486 6.44363 14.3917 6.7638 14.3917H10.1455C10.4657 14.3917 10.7252 14.6486 10.7252 14.9655C10.7252 15.2825 10.4657 15.5394 10.1455 15.5394H6.7638C6.44363 15.5394 6.18408 15.2825 6.18408 14.9655Z" fill="#EB0203"></path>
            <path fill-rule="evenodd" clip-rule="evenodd" d="M3.67139 5.77914C3.67139 5.46223 3.93094 5.20532 4.25111 5.20532H4.63759C4.95776 5.20532 5.21731 5.46223 5.21731 5.77914C5.21731 6.09606 4.95776 6.35297 4.63759 6.35297H4.25111C3.93094 6.35297 3.67139 6.09606 3.67139 5.77914Z" fill="#EB0203"></path>
            <path fill-rule="evenodd" clip-rule="evenodd" d="M3.67139 11.9034C3.67139 11.5865 3.93094 11.3296 4.25111 11.3296H4.63759C4.95776 11.3296 5.21731 11.5865 5.21731 11.9034C5.21731 12.2202 4.95776 12.4771 4.63759 12.4771H4.25111C3.93094 12.4771 3.67139 12.2202 3.67139 11.9034Z" fill="#EB0203"></path>
            <path fill-rule="evenodd" clip-rule="evenodd" d="M3.67139 8.84116C3.67139 8.52424 3.93094 8.26733 4.25111 8.26733H4.63759C4.95776 8.26733 5.21731 8.52424 5.21731 8.84116C5.21731 9.15807 4.95776 9.41498 4.63759 9.41498H4.25111C3.93094 9.41498 3.67139 9.15807 3.67139 8.84116Z" fill="#EB0203"></path>
            <path fill-rule="evenodd" clip-rule="evenodd" d="M3.67139 14.9655C3.67139 14.6486 3.93094 14.3917 4.25111 14.3917H4.63759C4.95776 14.3917 5.21731 14.6486 5.21731 14.9655C5.21731 15.2825 4.95776 15.5394 4.63759 15.5394H4.25111C3.93094 15.5394 3.67139 15.2825 3.67139 14.9655Z" fill="#EB0203"></path>
            <path fill-rule="evenodd" clip-rule="evenodd" d="M0 1.76033C0 0.914738 0.692131 0.229248 1.54592 0.229248H15.0727C15.9265 0.229248 16.6186 0.914738 16.6186 1.76033V11.2818C16.6186 11.5989 16.3591 11.8559 16.0389 11.8559C15.7187 11.8559 15.4592 11.5989 15.4592 11.2818V1.76033C15.4592 1.54893 15.2862 1.37756 15.0727 1.37756H1.54592C1.33247 1.37756 1.15944 1.54893 1.15944 1.76033V18.985C1.15944 19.1964 1.33247 19.3678 1.54592 19.3678H9.27551C9.59568 19.3678 9.85523 19.6249 9.85523 19.942C9.85523 20.2591 9.59568 20.5161 9.27551 20.5161H1.54592C0.692131 20.5161 0 19.8306 0 18.985V1.76033Z" fill="#EB0203"></path>
            <path fill-rule="evenodd" clip-rule="evenodd" d="M14.6254 13.8718C13.4921 12.8567 11.7821 12.7615 10.6574 13.7147C9.12472 15.0124 9.34891 17.128 10.4413 18.2493L14.0161 21.9126C14.2199 22.1217 14.493 22.2386 14.7824 22.2386C15.0739 22.2386 15.3449 22.1238 15.5487 21.9147L19.1235 18.2514C20.2139 17.13 20.4422 15.0144 18.9075 13.7147C17.7827 12.7634 16.0726 12.8569 14.9392 13.872C14.8856 13.92 14.8333 13.9701 14.7824 14.0222C14.7314 13.97 14.6791 13.9199 14.6254 13.8718ZM18.1546 14.588C19.0972 15.3869 18.9961 16.7262 18.2891 17.4541C18.2888 17.4543 18.2886 17.4546 18.2884 17.4548L14.7834 21.0466L11.2757 17.452C11.2756 17.4519 11.2755 17.4517 11.2753 17.4516C10.5681 16.7252 10.4682 15.3856 11.4108 14.5876L11.4112 14.5872C12.0748 14.0248 13.202 14.0556 13.949 14.8205L14.7824 15.674L15.6158 14.8205C16.3618 14.0567 17.4896 14.0256 18.1545 14.5879" fill="#EB0203"></path>
            </svg>
            </button>
            </div>
            <div class="col-sm-10 col-12">
            <div class="ct-tile-quantity d-none" data-pid="5547623">
            <input type="hidden" class="add-to-cart-url" value="https://www.continente.pt/on/demandware.store/Sites-continente-Site/default/Cart-AddProduct">
            <div class="d-none tile-delete-confirmation-btn" data-pid="5547623" data-delay-time="3000" data-in-cart-msg="no carrinho" data-one-product-added="Adicionado ao carrinho" data-remove-from-cart-msg="Removido do carrinho" data-stay-open="6000.0" data-confirmation-image="{&quot;url&quot;:&quot;https://www.continente.pt/dw/image/v2/BDVS_PRD/on/demandware.static/-/Sites-col-master-catalog/default/dwa72c5792/images/col/554/5547623-frente.jpg?sw=87&amp;sh=80&quot;,&quot;fallbackimage&quot;:{&quot;url&quot;:&quot;https://www.continente.pt/dw/image/v2/BDVS_PRD/on/demandware.static/Sites-continente-Site/-/default/dw7c42b4da/images/noimagelarge_product.png?sw=87&amp;sh=80&quot;,&quot;title&quot;:&quot;Pão de Forma 9 Cereais sem Côdea&quot;,&quot;alt&quot;:&quot;Pão de Forma 9 Cereais sem Côdea&quot;},&quot;title&quot;:&quot;Pão de Forma 9 Cereais sem Côdea&quot;,&quot;alt&quot;:&quot;Pão de Forma 9 Cereais sem Côdea&quot;}"></div>
            <div class="ct-tile-quantity-update quantity-update product-qty-vue" data-remove-action="https://www.continente.pt/on/demandware.store/Sites-continente-Site/default/Cart-RemoveProductLineItem" data-action="https://www.continente.pt/on/demandware.store/Sites-continente-Site/default/Cart-UpdateQuantity" data-dimension-update="https://www.continente.pt/on/demandware.store/Sites-continente-Site/default/Cart-DimensionUpdate" data-pid="5547623" data-uuid="7da6432fa87c9ab4004a4e5fb1" data-add-delay="500.0" data-measure-options="{&quot;hasConversionRate&quot;:false,&quot;hasAlternativeSaleUnit&quot;:false,&quot;unitConversionRate&quot;:0,&quot;minOrderQuantity&quot;:1,&quot;stepQuantity&quot;:1,&quot;primaryunit&quot;:&quot;un&quot;,&quot;secondaryunit&quot;:&quot;kg&quot;,&quot;selectedunit&quot;:&quot;primary&quot;,&quot;maxNumberOfUnitsPerSale&quot;:50}" data-price-available="null" :data-has-error="isMaxQtyReached || isMinQtyReached || qtySelectedMoreThanOne">
            <template v-show="prodUnits">
            <div class="quantity-input-wrapper has-units">
            <label class="visually-hidden" :for="'quantity-' + pid + additionalTag">
            Quantidade no carrinho
            </label>
            <input :ref="'quantityInput-' + pid + additionalTag" class="add-to-cart-quantity form-control ct-form-input text-center" inputmode="numeric" :class="{'is-invalid': isInvalid}" :data-pid="pid + additionalTag" :name="'quantity-' + pid + additionalTag" type="text" aria-label="Insira a quantidade" title="" v-model="displayValue" @change="updateQuantity" @focus="updateQtyFormat" @blur="restoreQtyFormat" :disabled="!isPriceAvailable">
            <span class="quantity-icon quantity-icon--minus">
            <button class="decrease-quantity-btn" @click="updateQuantity" :disabled="!isPriceAvailable" role="button" aria-label="Reduzir quantidade">
            <i class="css-math-minus"></i>
            </button>
            </span>
            <span class="quantity-icon quantity-icon--plus">
            <button class="increase-quantity-btn" @click="updateQuantity" :disabled="isMaxQtyReached || !isPriceAvailable" role="button" aria-label="Aumentar quantidade">
            <i class="css-math-plus"></i>
            </button>
            <span class="quantity-btn-disabled-placeholder"></span>
            </span>
            <template v-if="isPDP">
            <span class="quantity-error ct-span-error text-sm-center product-max-allocation" v-if="isMaxQtyReached">
            Quantidade máxima atingida
            </span>
            <span class="quantity-error ct-span-product text-sm-center product-allocation" v-if="!isMinQtyReached &amp;&amp; !isMaxQtyReached">
            {{quantitySelected}} no carrinho
            </span>
            <span class="quantity-error ct-span-error text-sm-center product-min-allocation" :data-pid="pid" v-if="isMinQtyReached &amp;&amp; !isMaxQtyReached">
            Quantidade mínima atingida
            </span>
            </template>
            </div>
            <template v-if="showNotes">
            <div class="add-note-link-container ">
            <div class="add-note">
            <a href="/produto/pao-de-forma-9-cereais-sem-codea-panrico-5547623.html?showNote=true" class="ct-add-note-redirect-pdp" aria-label="Adicionar comentário">
            <span class="svg-wrapper svg-icon-notes" style="width:19px; height:20px">
            <svg class="svg-inline icon-notes" viewBox="0 0 28 30" xmlns="http://www.w3.org/2000/svg" width="100%" height="100%"><path d="M21.738 0C22.985 0 24 1.04 24 2.319V12.47c0 .469-.37.848-.828.848-.457 0-.827-.38-.827-.848V2.32c0-.343-.273-.622-.607-.622H2.262c-.334 0-.607.279-.607.622V27.68c0 .343.273.622.607.622h7.81c.457 0 .827.38.827.849 0 .468-.37.848-.827.848h-7.81C1.015 30 0 28.96 0 27.681V2.32C0 1.04 1.015 0 2.262 0h19.476zm2.844 16.004l.227.007c.823.053 1.589.39 2.176.964.64.627.993 1.46.993 2.349 0 .888-.353 1.722-.993 2.348l-6.83 6.665c-.11.108-.247.186-.397.226l-5.032 1.363c-.078.021-.16.032-.241.032-.242 0-.478-.097-.647-.266-.23-.231-.314-.566-.218-.874l1.49-4.798c.044-.139.122-.266.227-.369l6.844-6.677c.64-.625 1.493-.97 2.401-.97zm-2.886 3.94l-4.922 4.802-.947 3.048 3.22-.872 4.897-4.78-2.248-2.197zm2.887-2.174c-.425 0-.824.162-1.124.455l-.484.472 2.248 2.197.484-.472c.62-.606.62-1.591 0-2.197l-.117-.104c-.283-.227-.636-.35-1.007-.35zm-10.839.022c.498 0 .904.396.904.883 0 .488-.406.884-.904.884H5.946c-.499 0-.904-.396-.904-.884 0-.487.405-.883.904-.883zm5.042-4.876c.498 0 .904.397.904.884s-.406.884-.904.884H5.946c-.499 0-.904-.397-.904-.884s.405-.884.904-.884zm0-4.875c.498 0 .904.396.904.884 0 .487-.406.883-.904.883H5.946c-.499 0-.904-.396-.904-.883 0-.488.405-.884.904-.884z" fill="#EB0203" fill-rule="evenodd"></path></svg>
            </span>
            <div class="available-note d-none"></div>
            </a>
            </div>
            </div>
            </template>
            <div class="measurement-unit-section" v-if="isPriceAvailable &amp;&amp; prodUnits ? prodUnits.hasAlternativeUnit : false">
            <div class="ct-form-radio" @click="setDimension">
            <input type="radio" title="" class="ct-form-check-input product-measurement-unit" :data-type="prodUnits.selectedUnit == prodUnits.secondaryUnit ? 'primary' : ''" :id="prodUnits.secondaryUnit + '-' + pid + '-measurement-unit-ptile' + additionalTag" :name="'measurement-unit-' + pid + '-ptile' + additionalTag" :value="prodUnits.secondaryUnit" v-model="prodUnits.selectedUnit">
            <label :class="prodUnits.secondaryUnit + '-label ct-form-check-label mb-0'" :for="prodUnits.secondaryUnit + '-' + pid + '-measurement-unit-ptile' + additionalTag">
            {{prodUnits.secondaryUnit}}
            </label>
            <span class="checkmark"></span>
            </div>
            <div class="ct-form-radio" @click="setDimension">
            <input type="radio" title="" class="ct-form-check-input product-measurement-unit" :data-type="prodUnits.selectedUnit == prodUnits.primaryUnit ? 'primary' : ''" :id="prodUnits.primaryUnit + '-' + pid + '-measurement-unit-ptile' + additionalTag" :name="'measurement-unit-' + pid + '-ptile' + additionalTag" :value="prodUnits.primaryUnit" v-model="prodUnits.selectedUnit">
            <label :class="prodUnits.primaryUnit + '-label ct-form-check-label mb-0'" :for="prodUnits.primaryUnit + '-' + pid + '-measurement-unit-ptile' + additionalTag">
            {{prodUnits.primaryUnit}}
            </label>
            <span class="checkmark"></span>
            </div>
            </div>
            <template v-if="!isPDP &amp;&amp; isPriceAvailable">
            <span class="quantity-error ct-span-error product-max-allocation" v-if="isMaxQtyReached">
            Quantidade máxima atingida
            </span>
            <span class="quantity-error ct-span-product product-allocation" v-if="!isMinQtyReached &amp;&amp; !isMaxQtyReached">
            {{quantitySelected}} no carrinho
            </span>
            <span class="quantity-error ct-span-error product-min-allocation" :data-pid="pid" v-if="isMinQtyReached &amp;&amp; !isMaxQtyReached">
            Quantidade mínima atingida
            </span>
            </template>
            </template>
            </div>
            <input class="quantity-value-mask d-none" name="quantity" type="number" min="0" value="">
            </div>
            <button type="button" class="add-to-cart button js-add-to-cart js-add-to-cart-tile 5547623 button--primary dynamic-layout-btn" data-toggle="modal" data-target="#chooseBonusProductModal" data-pid="5547623" data-quantity-value="null" aria-label="Carrinho">
            <span class="d-block d-sm-none">
            <span class="svg-wrapper svg-icon-cart" style="width:20px; height:20px">
            <svg class="svg-inline icon-cart" xmlns="http://www.w3.org/2000/svg" viewBox="0 0 500 500" width="100%" height="100%"><path fill="#EB0203" fill-rule="evenodd" d="M 485.67317,94.386311 C 476.37798,83.847129 463.09468,78.03348 448.30404,78.03348 H 90.690813 L 87.079511,51.327997 C 83.185582,22.539551 62.962285,0 41.011841,0 H 14.727836 C 6.563151,0 0,6.5286975 0,14.580758 c 0,8.05206 6.5945535,14.580758 14.727836,14.580758 h 26.284005 c 4.710398,0 14.696435,9.855222 16.894619,26.021523 L 100.01739,368.0631 c 1.88416,13.77244 9.01256,26.70549 20.1605,36.37417 8.25889,7.15046 18.02511,11.9071 28.26237,13.89679 -4.17655,7.58572 -6.53175,16.25957 -6.53175,25.493 0,29.53459 24.27424,53.59751 54.13815,53.59751 29.8325,0 54.13814,-24.03184 54.13814,-53.59751 0,-8.79818 -2.19818,-17.09897 -5.9979,-24.43598 h 77.12488 c -3.79973,7.33701 -5.96652,15.6378 -5.96652,24.43598 0,29.53459 24.27424,53.59751 54.13817,53.59751 29.83249,0 54.13814,-24.03184 54.13814,-53.59751 0,-8.79818 -2.1982,-17.09897 -5.9979,-24.43598 h 38.56243 c 8.13328,0 14.72783,-6.5287 14.72783,-14.61183 0,-8.02098 -6.59455,-14.54967 -14.72783,-14.54967 H 159.24277 c -14.38241,0 -28.13677,-11.90711 -30.02092,-26.02153 l -3.07746,-22.88154 h 290.6314 c 14.03698,0 27.94834,-5.28513 39.06488,-14.95381 11.11652,-9.6376 18.27632,-22.57065 20.16048,-36.37417 l 21.10259,-156.78201 c 1.94694,-14.51858 -2.10398,-28.29103 -11.43057,-38.861299 z M 220.76053,443.82706 c 0,13.49265 -11.08513,24.46709 -24.68247,24.46709 -13.62874,0 -24.71387,-10.97444 -24.71387,-24.46709 0,-13.49262 11.08513,-24.43598 24.71387,-24.43598 13.59734,0 24.68247,10.94336 24.68247,24.43598 z m 173.43675,0 c 0,13.49265 -11.08512,24.46709 -24.68245,24.46709 -13.62876,0 -24.71388,-10.97444 -24.71388,-24.46709 0,-13.49262 11.08512,-24.43598 24.71388,-24.43598 13.59733,0 24.68245,10.94336 24.68245,24.43598 z m 73.7648,-314.46558 -21.13397,156.782 c -1.88416,14.11442 -15.63851,26.05261 -30.02091,26.05261 H 122.25046 L 94.616142,107.19499 H 448.33544 c 6.18632,0 11.61896,2.2695 15.23028,6.37326 3.64269,4.13484 5.21283,9.73086 4.39636,15.79323 z"></path></svg>
            </span>
            </span>
            <span class="add-to-cart--text d-none d-sm-block">Carrinho</span>
            </button>
            </div>
            </div>
            </div>
            </div>
            
            <div class="col-12 d-sm-none">
            </div>
            </div>
            </div>
            </div>
            </div>
            <div class="col-12 col-sm-3 col-lg-2 productTile" data-idx="8">
            
            <script type="text/javascript">//<!--
            /* <![CDATA[ */
            (function(){
            try {
                if(window.CQuotient) {
                var cq_params = {};
                
                cq_params.cookieId = window.CQuotient.getCQCookieId();
                cq_params.userId = window.CQuotient.getCQUserId();
                cq_params.emailId = CQuotient.getCQHashedEmail();
                cq_params.loginId = CQuotient.getCQHashedLogin();
                cq_params.accumulate = true;
                cq_params.products = [{
                    id: '6866765',
                    sku: ''
                }];
                cq_params.categoryId = 'padaria-e-pastelaria-padaria-forma';
                cq_params.refinements = '[{\"name\":\"priceMin\",\"value\":\"0.01\"},{\"name\":\"priceMax\",\"value\":\"null\"},{\"name\":\"curr\",\"value\":\"EUR\"},{\"name\":\"Category\",\"value\":\"padaria-e-pastelaria-padaria-forma\"}]';
                cq_params.personalized = 'false';
                cq_params.sortingRule = 'categories top-sellers';
                cq_params.imageUUID = '__UNDEFINED__';
                cq_params.realm = "BDVS";
                cq_params.siteId = "continente";
                cq_params.instanceType = "prd";
                cq_params.queryLocale = "default";
                cq_params.locale = window.CQuotient.locale;
                
                if(window.CQuotient.sendActivity)
                    window.CQuotient.sendActivity(CQuotient.clientId, 'viewCategory', cq_params);
                else
                    window.CQuotient.activities.push({
                        activityType: 'viewCategory',
                        parameters: cq_params
                    });
              }
            } catch(err) {}
            })();
            /* ]]> */
            // -->
            </script>
            <script type="text/javascript">//<!--
            /* <![CDATA[ (viewCategoryProduct-active_data.js) */
            (function(){
            try {
                if (dw.ac) {
                    var search_params = {};
                    search_params.persd = 'false';
                    search_params.refs = '[{\"name\":\"priceMin\",\"value\":\"0.01\"},{\"name\":\"priceMax\",\"value\":\"null\"},{\"name\":\"curr\",\"value\":\"EUR\"},{\"name\":\"Category\",\"value\":\"padaria-e-pastelaria-padaria-forma\"}]';
                    search_params.sort = 'categories top-sellers';
                    search_params.imageUUID = '';
                    search_params.searchID = '79fd584c-cee5-42dd-a07f-04e8467e04c2';
                    search_params.locale = 'default';
                    search_params.queryLocale = 'default';
                    search_params.showProducts = 'true';
                    dw.ac.applyContext({category: "padaria-e-pastelaria-padaria-forma", searchData: search_params});
                    if (typeof dw.ac._scheduleDataSubmission === "function") {
                        dw.ac._scheduleDataSubmission();
                    }
                }
            } catch(err) {}
            })();
            /* ]]> */
            // -->
            </script>
            <script type="text/javascript">//<!--
            /* <![CDATA[ (viewProduct-active_data.js) */
            dw.ac._capture({id: "6866765", type: "searchhit"});
            /* ]]> */
            // -->
            </script>
            <div class="product" data-pid="6866765">
            <div class="product-tile pid-6866765 ct-product-tile data-layer-pushed" data-delay-time="3000" data-variants-mapping="[]" data-in-cart-msg="no carrinho" data-one-product-added="Adicionado ao carrinho" data-remove-from-cart-msg="Removido do carrinho" data-stay-open="6000.0" data-product-tile-impression="{&quot;name&quot;:&quot;6866765&quot;,&quot;id&quot;:&quot;6866765&quot;,&quot;price&quot;:2.49,&quot;brand&quot;:&quot;Bimbo&quot;,&quot;category&quot;:[{&quot;category_level_1&quot;:&quot;Padaria e Pastelaria&quot;},{&quot;category_level_2&quot;:&quot;Padaria&quot;},{&quot;category_level_3&quot;:&quot;Pão de Forma e Embalado&quot;}],&quot;variant&quot;:&quot;&quot;}">
            <div class="ct-inner-tile-wrap row no-gutters justify-content-center align-content-start">
            
            <div class="ct-image-container col-4 col-sm" data-confirmation-image="{&quot;url&quot;:&quot;https://www.continente.pt/dw/image/v2/BDVS_PRD/on/demandware.static/-/Sites-col-master-catalog/default/dw3667377a/images/col/686/6866765-frente.jpg?sw=87&amp;sh=80&quot;,&quot;fallbackimage&quot;:{&quot;url&quot;:&quot;https://www.continente.pt/dw/image/v2/BDVS_PRD/on/demandware.static/Sites-continente-Site/-/default/dw7c42b4da/images/noimagelarge_product.png?sw=87&amp;sh=80&quot;,&quot;title&quot;:&quot;Pão de Forma 10 Cereais sem Côdea&quot;,&quot;alt&quot;:&quot;Pão de Forma 10 Cereais sem Côdea&quot;},&quot;title&quot;:&quot;Pão de Forma 10 Cereais sem Côdea&quot;,&quot;alt&quot;:&quot;Pão de Forma 10 Cereais sem Côdea&quot;}">
            <a href="https://www.continente.pt/produto/pao-de-forma-10-cereais-sem-codea-bimbo-6866765.html?cgid=padaria-e-pastelaria-padaria-forma">
            <picture class="intrinsic intrinsic--square">
            <img class="ct-tile-image lazyloaded" loading="lazy" onerror="this.onerror=null;this.src='/on/demandware.static/Sites-continente-Site/-/default/dw7c42b4da/images/noimagelarge_product.png';" data-src="https://www.continente.pt/dw/image/v2/BDVS_PRD/on/demandware.static/-/Sites-col-master-catalog/default/dw3667377a/images/col/686/6866765-frente.jpg?sw=280&amp;sh=280" alt="Pão de Forma 10 Cereais sem Côdea" title="Pão de Forma 10 Cereais sem Côdea" src="https://www.continente.pt/dw/image/v2/BDVS_PRD/on/demandware.static/-/Sites-col-master-catalog/default/dw3667377a/images/col/686/6866765-frente.jpg?sw=280&amp;sh=280">
            </picture>
            </a>
            <div class="color-swatches d-flex" style="margin-left: 5px;">
            <div class="swatches d-flex">
            </div>
            </div>
            </div>
            <div class="ct-tile-body col col-sm-auto ">
            <div class="ct-pdp-details">
            <div class="ct-pdp-link">
            <a class="ct-tile--description" href="https://www.continente.pt/produto/pao-de-forma-10-cereais-sem-codea-bimbo-6866765.html?cgid=padaria-e-pastelaria-padaria-forma">Pão de Forma 10 Cereais sem Côdea</a>
            <div class="ct-tile--favorite-top d-sm-none">
            <button class="wishlist-toggler guest-mode inactive button button--tertiary" data-pid="6866765" data-add-url="https://www.continente.pt/on/demandware.store/Sites-continente-Site/default/Wishlist-AddProduct?pid=6866765" data-toggle="tooltip" aria-label="Adicionar aos favoritos " data-original-title="Adicionar aos favoritos" data-placement="top">
            <svg class="active-content" width="100%" height="100%" viewBox="0 0 20 22" fill="none" xmlns="http://www.w3.org/2000/svg">
            <path fill-rule="evenodd" clip-rule="evenodd" d="M0 1.53052C0 0.685236 0.692171 0 1.54601 0H15.0736C15.9274 0 16.6196 0.685235 16.6196 1.53052V13.4064L15.8127 13.922L14.2658 14.2658L12.7189 13.4064L10.6054 14.3818C10.4994 14.2451 10.3327 14.157 10.1452 14.157H6.76329C6.4431 14.157 6.18354 14.414 6.18354 14.731C6.18354 15.0479 6.4431 15.3049 6.76329 15.3049H10.1452C10.2478 15.3049 10.3441 15.2785 10.4277 15.2322L10.3126 16.8439L13.2345 20.2793H1.54601C0.69217 20.2793 0 19.5941 0 18.7488V1.53052ZM6.18354 5.5483C6.18354 5.23132 6.4431 4.97436 6.76329 4.97436H12.3676C12.6878 4.97436 12.9473 5.23132 12.9473 5.5483C12.9473 5.86528 12.6878 6.12224 12.3676 6.12224H6.76329C6.4431 6.12224 6.18354 5.86528 6.18354 5.5483ZM6.76329 11.0961C6.4431 11.0961 6.18354 11.3531 6.18354 11.6701C6.18354 11.987 6.4431 12.244 6.76329 12.244H12.3676C12.6878 12.244 12.9473 11.987 12.9473 11.6701C12.9473 11.3531 12.6878 11.0961 12.3676 11.0961H6.76329ZM6.18354 8.60985C6.18354 8.29287 6.4431 8.03591 6.76329 8.03591H12.3676C12.6878 8.03591 12.9473 8.29287 12.9473 8.60985C12.9473 8.92684 12.6878 9.1838 12.3676 9.1838H6.76329C6.4431 9.1838 6.18354 8.92684 6.18354 8.60985ZM3.67118 5.5483C3.67118 5.23132 3.93075 4.97436 4.25093 4.97436H4.63743C4.95762 4.97436 5.21719 5.23132 5.21719 5.5483C5.21719 5.86528 4.95762 6.12224 4.63743 6.12224H4.25093C3.93075 6.12224 3.67118 5.86528 3.67118 5.5483ZM4.25093 11.0961C3.93075 11.0961 3.67118 11.3531 3.67118 11.6701C3.67118 11.987 3.93075 12.244 4.25093 12.244H4.63743C4.95762 12.244 5.21719 11.987 5.21719 11.6701C5.21719 11.3531 4.95762 11.0961 4.63743 11.0961H4.25093ZM3.67118 8.60985C3.67118 8.29287 3.93075 8.03591 4.25093 8.03591H4.63743C4.95762 8.03591 5.21719 8.29287 5.21719 8.60985C5.21719 8.92684 4.95762 9.1838 4.63743 9.1838H4.25093C3.93075 9.1838 3.67118 8.92684 3.67118 8.60985ZM4.25093 14.157C3.93075 14.157 3.67118 14.414 3.67118 14.731C3.67118 15.0479 3.93075 15.3049 4.25093 15.3049H4.63743C4.95762 15.3049 5.21719 15.0479 5.21719 14.731C5.21719 14.414 4.95762 14.157 4.63743 14.157H4.25093Z" fill="#EB0203"></path>
            <path fill-rule="evenodd" clip-rule="evenodd" d="M14.6252 13.6363C13.4918 12.6215 11.7817 12.5264 10.6569 13.4792C9.12421 14.7764 9.34841 16.8912 10.4409 18.0122L14.0159 21.6742C14.2197 21.8832 14.4928 22 14.7822 22C15.0737 22 15.3448 21.8852 15.5486 21.6762L19.1236 18.0142C20.214 16.8933 20.4423 14.7785 18.9075 13.4792C17.7827 12.5283 16.0724 12.6217 14.9391 13.6365C14.8855 13.6845 14.8331 13.7345 14.7822 13.7866C14.7313 13.7345 14.6789 13.6843 14.6252 13.6363ZM18.1546 14.3522C19.0973 15.1508 18.9962 16.4896 18.2891 17.2173C18.2888 17.2175 18.2886 17.2177 18.2884 17.218L14.7832 20.8084L11.2753 17.2151C11.2752 17.215 11.2751 17.2149 11.2749 17.2148C10.5677 16.4887 10.4678 15.1495 11.4104 14.3518L11.4108 14.3514C12.0745 13.7892 13.2018 13.82 13.9488 14.5846L14.7822 15.4378L15.6157 14.5846C16.3617 13.8211 17.4896 13.79 18.1545 14.3521" fill="#EB0203"></path>
            </svg>
            <svg class="inactive-content" width="100%" height="100%" viewBox="0 0 20 23" fill="none" xmlns="http://www.w3.org/2000/svg">
            <path fill-rule="evenodd" clip-rule="evenodd" d="M6.18408 5.77914C6.18408 5.46223 6.44363 5.20532 6.7638 5.20532H12.3678C12.6879 5.20532 12.9475 5.46223 12.9475 5.77914C12.9475 6.09606 12.6879 6.35297 12.3678 6.35297H6.7638C6.44363 6.35297 6.18408 6.09606 6.18408 5.77914Z" fill="#EB0203"></path>
            <path fill-rule="evenodd" clip-rule="evenodd" d="M6.18408 11.9034C6.18408 11.5865 6.44363 11.3296 6.7638 11.3296H12.3678C12.6879 11.3296 12.9475 11.5865 12.9475 11.9034C12.9475 12.2202 12.6879 12.4771 12.3678 12.4771H6.7638C6.44363 12.4771 6.18408 12.2202 6.18408 11.9034Z" fill="#EB0203"></path>
            <path fill-rule="evenodd" clip-rule="evenodd" d="M6.18408 8.84116C6.18408 8.52424 6.44363 8.26733 6.7638 8.26733H12.3678C12.6879 8.26733 12.9475 8.52424 12.9475 8.84116C12.9475 9.15807 12.6879 9.41498 12.3678 9.41498H6.7638C6.44363 9.41498 6.18408 9.15807 6.18408 8.84116Z" fill="#EB0203"></path>
            <path fill-rule="evenodd" clip-rule="evenodd" d="M6.18408 14.9655C6.18408 14.6486 6.44363 14.3917 6.7638 14.3917H10.1455C10.4657 14.3917 10.7252 14.6486 10.7252 14.9655C10.7252 15.2825 10.4657 15.5394 10.1455 15.5394H6.7638C6.44363 15.5394 6.18408 15.2825 6.18408 14.9655Z" fill="#EB0203"></path>
            <path fill-rule="evenodd" clip-rule="evenodd" d="M3.67139 5.77914C3.67139 5.46223 3.93094 5.20532 4.25111 5.20532H4.63759C4.95776 5.20532 5.21731 5.46223 5.21731 5.77914C5.21731 6.09606 4.95776 6.35297 4.63759 6.35297H4.25111C3.93094 6.35297 3.67139 6.09606 3.67139 5.77914Z" fill="#EB0203"></path>
            <path fill-rule="evenodd" clip-rule="evenodd" d="M3.67139 11.9034C3.67139 11.5865 3.93094 11.3296 4.25111 11.3296H4.63759C4.95776 11.3296 5.21731 11.5865 5.21731 11.9034C5.21731 12.2202 4.95776 12.4771 4.63759 12.4771H4.25111C3.93094 12.4771 3.67139 12.2202 3.67139 11.9034Z" fill="#EB0203"></path>
            <path fill-rule="evenodd" clip-rule="evenodd" d="M3.67139 8.84116C3.67139 8.52424 3.93094 8.26733 4.25111 8.26733H4.63759C4.95776 8.26733 5.21731 8.52424 5.21731 8.84116C5.21731 9.15807 4.95776 9.41498 4.63759 9.41498H4.25111C3.93094 9.41498 3.67139 9.15807 3.67139 8.84116Z" fill="#EB0203"></path>
            <path fill-rule="evenodd" clip-rule="evenodd" d="M3.67139 14.9655C3.67139 14.6486 3.93094 14.3917 4.25111 14.3917H4.63759C4.95776 14.3917 5.21731 14.6486 5.21731 14.9655C5.21731 15.2825 4.95776 15.5394 4.63759 15.5394H4.25111C3.93094 15.5394 3.67139 15.2825 3.67139 14.9655Z" fill="#EB0203"></path>
            <path fill-rule="evenodd" clip-rule="evenodd" d="M0 1.76033C0 0.914738 0.692131 0.229248 1.54592 0.229248H15.0727C15.9265 0.229248 16.6186 0.914738 16.6186 1.76033V11.2818C16.6186 11.5989 16.3591 11.8559 16.0389 11.8559C15.7187 11.8559 15.4592 11.5989 15.4592 11.2818V1.76033C15.4592 1.54893 15.2862 1.37756 15.0727 1.37756H1.54592C1.33247 1.37756 1.15944 1.54893 1.15944 1.76033V18.985C1.15944 19.1964 1.33247 19.3678 1.54592 19.3678H9.27551C9.59568 19.3678 9.85523 19.6249 9.85523 19.942C9.85523 20.2591 9.59568 20.5161 9.27551 20.5161H1.54592C0.692131 20.5161 0 19.8306 0 18.985V1.76033Z" fill="#EB0203"></path>
            <path fill-rule="evenodd" clip-rule="evenodd" d="M14.6254 13.8718C13.4921 12.8567 11.7821 12.7615 10.6574 13.7147C9.12472 15.0124 9.34891 17.128 10.4413 18.2493L14.0161 21.9126C14.2199 22.1217 14.493 22.2386 14.7824 22.2386C15.0739 22.2386 15.3449 22.1238 15.5487 21.9147L19.1235 18.2514C20.2139 17.13 20.4422 15.0144 18.9075 13.7147C17.7827 12.7634 16.0726 12.8569 14.9392 13.872C14.8856 13.92 14.8333 13.9701 14.7824 14.0222C14.7314 13.97 14.6791 13.9199 14.6254 13.8718ZM18.1546 14.588C19.0972 15.3869 18.9961 16.7262 18.2891 17.4541C18.2888 17.4543 18.2886 17.4546 18.2884 17.4548L14.7834 21.0466L11.2757 17.452C11.2756 17.4519 11.2755 17.4517 11.2753 17.4516C10.5681 16.7252 10.4682 15.3856 11.4108 14.5876L11.4112 14.5872C12.0748 14.0248 13.202 14.0556 13.949 14.8205L14.7824 15.674L15.6158 14.8205C16.3618 14.0567 17.4896 14.0256 18.1545 14.5879" fill="#EB0203"></path>
            </svg>
            </button>
            </div>
            </div>
            <p class="ct-tile--brand">Bimbo</p>
            <p class="ct-tile--quantity">emb. 650 gr</p>
            </div>
            <div class="ct-tile-bottom row no-gutters justify-content-between">
            <div class="ct-price-wrap col-8 col-sm-12">
            <div class="price js-product-price">
            <div class="prices-wrapper">
            <span class="sales ct-tile--price-primary ">
            <span class="value" content="2.49">
            <span class="ct-price-formatted">
            €2,49
            </span>
            <span class="ct-m-unit">
            /un
            </span>
            </span>
            </span>
            </div>
            <div class="ct-tile--price-secondary">
            <span class="ct-price-value">
            €3,83
            </span>
            <span class="ct-m-unit">
            /kg
            </span>
            </div>
            </div>
            </div>
            <div class="ct-tile-buy-section d-flex justify-content-center no-gutters col-auto col-sm-12">
            <div class="col-2 d-sm-flex d-none">
            <button class="wishlist-toggler guest-mode inactive button button--tertiary" data-pid="6866765" data-add-url="https://www.continente.pt/on/demandware.store/Sites-continente-Site/default/Wishlist-AddProduct?pid=6866765" data-toggle="tooltip" aria-label="Adicionar aos favoritos " data-original-title="Adicionar aos favoritos" data-placement="top">
            <svg class="active-content" width="100%" height="100%" viewBox="0 0 20 22" fill="none" xmlns="http://www.w3.org/2000/svg">
            <path fill-rule="evenodd" clip-rule="evenodd" d="M0 1.53052C0 0.685236 0.692171 0 1.54601 0H15.0736C15.9274 0 16.6196 0.685235 16.6196 1.53052V13.4064L15.8127 13.922L14.2658 14.2658L12.7189 13.4064L10.6054 14.3818C10.4994 14.2451 10.3327 14.157 10.1452 14.157H6.76329C6.4431 14.157 6.18354 14.414 6.18354 14.731C6.18354 15.0479 6.4431 15.3049 6.76329 15.3049H10.1452C10.2478 15.3049 10.3441 15.2785 10.4277 15.2322L10.3126 16.8439L13.2345 20.2793H1.54601C0.69217 20.2793 0 19.5941 0 18.7488V1.53052ZM6.18354 5.5483C6.18354 5.23132 6.4431 4.97436 6.76329 4.97436H12.3676C12.6878 4.97436 12.9473 5.23132 12.9473 5.5483C12.9473 5.86528 12.6878 6.12224 12.3676 6.12224H6.76329C6.4431 6.12224 6.18354 5.86528 6.18354 5.5483ZM6.76329 11.0961C6.4431 11.0961 6.18354 11.3531 6.18354 11.6701C6.18354 11.987 6.4431 12.244 6.76329 12.244H12.3676C12.6878 12.244 12.9473 11.987 12.9473 11.6701C12.9473 11.3531 12.6878 11.0961 12.3676 11.0961H6.76329ZM6.18354 8.60985C6.18354 8.29287 6.4431 8.03591 6.76329 8.03591H12.3676C12.6878 8.03591 12.9473 8.29287 12.9473 8.60985C12.9473 8.92684 12.6878 9.1838 12.3676 9.1838H6.76329C6.4431 9.1838 6.18354 8.92684 6.18354 8.60985ZM3.67118 5.5483C3.67118 5.23132 3.93075 4.97436 4.25093 4.97436H4.63743C4.95762 4.97436 5.21719 5.23132 5.21719 5.5483C5.21719 5.86528 4.95762 6.12224 4.63743 6.12224H4.25093C3.93075 6.12224 3.67118 5.86528 3.67118 5.5483ZM4.25093 11.0961C3.93075 11.0961 3.67118 11.3531 3.67118 11.6701C3.67118 11.987 3.93075 12.244 4.25093 12.244H4.63743C4.95762 12.244 5.21719 11.987 5.21719 11.6701C5.21719 11.3531 4.95762 11.0961 4.63743 11.0961H4.25093ZM3.67118 8.60985C3.67118 8.29287 3.93075 8.03591 4.25093 8.03591H4.63743C4.95762 8.03591 5.21719 8.29287 5.21719 8.60985C5.21719 8.92684 4.95762 9.1838 4.63743 9.1838H4.25093C3.93075 9.1838 3.67118 8.92684 3.67118 8.60985ZM4.25093 14.157C3.93075 14.157 3.67118 14.414 3.67118 14.731C3.67118 15.0479 3.93075 15.3049 4.25093 15.3049H4.63743C4.95762 15.3049 5.21719 15.0479 5.21719 14.731C5.21719 14.414 4.95762 14.157 4.63743 14.157H4.25093Z" fill="#EB0203"></path>
            <path fill-rule="evenodd" clip-rule="evenodd" d="M14.6252 13.6363C13.4918 12.6215 11.7817 12.5264 10.6569 13.4792C9.12421 14.7764 9.34841 16.8912 10.4409 18.0122L14.0159 21.6742C14.2197 21.8832 14.4928 22 14.7822 22C15.0737 22 15.3448 21.8852 15.5486 21.6762L19.1236 18.0142C20.214 16.8933 20.4423 14.7785 18.9075 13.4792C17.7827 12.5283 16.0724 12.6217 14.9391 13.6365C14.8855 13.6845 14.8331 13.7345 14.7822 13.7866C14.7313 13.7345 14.6789 13.6843 14.6252 13.6363ZM18.1546 14.3522C19.0973 15.1508 18.9962 16.4896 18.2891 17.2173C18.2888 17.2175 18.2886 17.2177 18.2884 17.218L14.7832 20.8084L11.2753 17.2151C11.2752 17.215 11.2751 17.2149 11.2749 17.2148C10.5677 16.4887 10.4678 15.1495 11.4104 14.3518L11.4108 14.3514C12.0745 13.7892 13.2018 13.82 13.9488 14.5846L14.7822 15.4378L15.6157 14.5846C16.3617 13.8211 17.4896 13.79 18.1545 14.3521" fill="#EB0203"></path>
            </svg>
            <svg class="inactive-content" width="100%" height="100%" viewBox="0 0 20 23" fill="none" xmlns="http://www.w3.org/2000/svg">
            <path fill-rule="evenodd" clip-rule="evenodd" d="M6.18408 5.77914C6.18408 5.46223 6.44363 5.20532 6.7638 5.20532H12.3678C12.6879 5.20532 12.9475 5.46223 12.9475 5.77914C12.9475 6.09606 12.6879 6.35297 12.3678 6.35297H6.7638C6.44363 6.35297 6.18408 6.09606 6.18408 5.77914Z" fill="#EB0203"></path>
            <path fill-rule="evenodd" clip-rule="evenodd" d="M6.18408 11.9034C6.18408 11.5865 6.44363 11.3296 6.7638 11.3296H12.3678C12.6879 11.3296 12.9475 11.5865 12.9475 11.9034C12.9475 12.2202 12.6879 12.4771 12.3678 12.4771H6.7638C6.44363 12.4771 6.18408 12.2202 6.18408 11.9034Z" fill="#EB0203"></path>
            <path fill-rule="evenodd" clip-rule="evenodd" d="M6.18408 8.84116C6.18408 8.52424 6.44363 8.26733 6.7638 8.26733H12.3678C12.6879 8.26733 12.9475 8.52424 12.9475 8.84116C12.9475 9.15807 12.6879 9.41498 12.3678 9.41498H6.7638C6.44363 9.41498 6.18408 9.15807 6.18408 8.84116Z" fill="#EB0203"></path>
            <path fill-rule="evenodd" clip-rule="evenodd" d="M6.18408 14.9655C6.18408 14.6486 6.44363 14.3917 6.7638 14.3917H10.1455C10.4657 14.3917 10.7252 14.6486 10.7252 14.9655C10.7252 15.2825 10.4657 15.5394 10.1455 15.5394H6.7638C6.44363 15.5394 6.18408 15.2825 6.18408 14.9655Z" fill="#EB0203"></path>
            <path fill-rule="evenodd" clip-rule="evenodd" d="M3.67139 5.77914C3.67139 5.46223 3.93094 5.20532 4.25111 5.20532H4.63759C4.95776 5.20532 5.21731 5.46223 5.21731 5.77914C5.21731 6.09606 4.95776 6.35297 4.63759 6.35297H4.25111C3.93094 6.35297 3.67139 6.09606 3.67139 5.77914Z" fill="#EB0203"></path>
            <path fill-rule="evenodd" clip-rule="evenodd" d="M3.67139 11.9034C3.67139 11.5865 3.93094 11.3296 4.25111 11.3296H4.63759C4.95776 11.3296 5.21731 11.5865 5.21731 11.9034C5.21731 12.2202 4.95776 12.4771 4.63759 12.4771H4.25111C3.93094 12.4771 3.67139 12.2202 3.67139 11.9034Z" fill="#EB0203"></path>
            <path fill-rule="evenodd" clip-rule="evenodd" d="M3.67139 8.84116C3.67139 8.52424 3.93094 8.26733 4.25111 8.26733H4.63759C4.95776 8.26733 5.21731 8.52424 5.21731 8.84116C5.21731 9.15807 4.95776 9.41498 4.63759 9.41498H4.25111C3.93094 9.41498 3.67139 9.15807 3.67139 8.84116Z" fill="#EB0203"></path>
            <path fill-rule="evenodd" clip-rule="evenodd" d="M3.67139 14.9655C3.67139 14.6486 3.93094 14.3917 4.25111 14.3917H4.63759C4.95776 14.3917 5.21731 14.6486 5.21731 14.9655C5.21731 15.2825 4.95776 15.5394 4.63759 15.5394H4.25111C3.93094 15.5394 3.67139 15.2825 3.67139 14.9655Z" fill="#EB0203"></path>
            <path fill-rule="evenodd" clip-rule="evenodd" d="M0 1.76033C0 0.914738 0.692131 0.229248 1.54592 0.229248H15.0727C15.9265 0.229248 16.6186 0.914738 16.6186 1.76033V11.2818C16.6186 11.5989 16.3591 11.8559 16.0389 11.8559C15.7187 11.8559 15.4592 11.5989 15.4592 11.2818V1.76033C15.4592 1.54893 15.2862 1.37756 15.0727 1.37756H1.54592C1.33247 1.37756 1.15944 1.54893 1.15944 1.76033V18.985C1.15944 19.1964 1.33247 19.3678 1.54592 19.3678H9.27551C9.59568 19.3678 9.85523 19.6249 9.85523 19.942C9.85523 20.2591 9.59568 20.5161 9.27551 20.5161H1.54592C0.692131 20.5161 0 19.8306 0 18.985V1.76033Z" fill="#EB0203"></path>
            <path fill-rule="evenodd" clip-rule="evenodd" d="M14.6254 13.8718C13.4921 12.8567 11.7821 12.7615 10.6574 13.7147C9.12472 15.0124 9.34891 17.128 10.4413 18.2493L14.0161 21.9126C14.2199 22.1217 14.493 22.2386 14.7824 22.2386C15.0739 22.2386 15.3449 22.1238 15.5487 21.9147L19.1235 18.2514C20.2139 17.13 20.4422 15.0144 18.9075 13.7147C17.7827 12.7634 16.0726 12.8569 14.9392 13.872C14.8856 13.92 14.8333 13.9701 14.7824 14.0222C14.7314 13.97 14.6791 13.9199 14.6254 13.8718ZM18.1546 14.588C19.0972 15.3869 18.9961 16.7262 18.2891 17.4541C18.2888 17.4543 18.2886 17.4546 18.2884 17.4548L14.7834 21.0466L11.2757 17.452C11.2756 17.4519 11.2755 17.4517 11.2753 17.4516C10.5681 16.7252 10.4682 15.3856 11.4108 14.5876L11.4112 14.5872C12.0748 14.0248 13.202 14.0556 13.949 14.8205L14.7824 15.674L15.6158 14.8205C16.3618 14.0567 17.4896 14.0256 18.1545 14.5879" fill="#EB0203"></path>
            </svg>
            </button>
            </div>
            <div class="col-sm-10 col-12">
            <div class="ct-tile-quantity d-none" data-pid="6866765">
            <input type="hidden" class="add-to-cart-url" value="https://www.continente.pt/on/demandware.store/Sites-continente-Site/default/Cart-AddProduct">
            <div class="d-none tile-delete-confirmation-btn" data-pid="6866765" data-delay-time="3000" data-in-cart-msg="no carrinho" data-one-product-added="Adicionado ao carrinho" data-remove-from-cart-msg="Removido do carrinho" data-stay-open="6000.0" data-confirmation-image="{&quot;url&quot;:&quot;https://www.continente.pt/dw/image/v2/BDVS_PRD/on/demandware.static/-/Sites-col-master-catalog/default/dw3667377a/images/col/686/6866765-frente.jpg?sw=87&amp;sh=80&quot;,&quot;fallbackimage&quot;:{&quot;url&quot;:&quot;https://www.continente.pt/dw/image/v2/BDVS_PRD/on/demandware.static/Sites-continente-Site/-/default/dw7c42b4da/images/noimagelarge_product.png?sw=87&amp;sh=80&quot;,&quot;title&quot;:&quot;Pão de Forma 10 Cereais sem Côdea&quot;,&quot;alt&quot;:&quot;Pão de Forma 10 Cereais sem Côdea&quot;},&quot;title&quot;:&quot;Pão de Forma 10 Cereais sem Côdea&quot;,&quot;alt&quot;:&quot;Pão de Forma 10 Cereais sem Côdea&quot;}"></div>
            <div class="ct-tile-quantity-update quantity-update product-qty-vue" data-remove-action="https://www.continente.pt/on/demandware.store/Sites-continente-Site/default/Cart-RemoveProductLineItem" data-action="https://www.continente.pt/on/demandware.store/Sites-continente-Site/default/Cart-UpdateQuantity" data-dimension-update="https://www.continente.pt/on/demandware.store/Sites-continente-Site/default/Cart-DimensionUpdate" data-pid="6866765" data-uuid="dc58ccae963980f1338370139e" data-add-delay="500.0" data-measure-options="{&quot;hasConversionRate&quot;:false,&quot;hasAlternativeSaleUnit&quot;:false,&quot;unitConversionRate&quot;:0,&quot;minOrderQuantity&quot;:1,&quot;stepQuantity&quot;:1,&quot;primaryunit&quot;:&quot;un&quot;,&quot;secondaryunit&quot;:&quot;kg&quot;,&quot;selectedunit&quot;:&quot;primary&quot;,&quot;maxNumberOfUnitsPerSale&quot;:50}" data-price-available="null" :data-has-error="isMaxQtyReached || isMinQtyReached || qtySelectedMoreThanOne">
            <template v-show="prodUnits">
            <div class="quantity-input-wrapper has-units">
            <label class="visually-hidden" :for="'quantity-' + pid + additionalTag">
            Quantidade no carrinho
            </label>
            <input :ref="'quantityInput-' + pid + additionalTag" class="add-to-cart-quantity form-control ct-form-input text-center" inputmode="numeric" :class="{'is-invalid': isInvalid}" :data-pid="pid + additionalTag" :name="'quantity-' + pid + additionalTag" type="text" aria-label="Insira a quantidade" title="" v-model="displayValue" @change="updateQuantity" @focus="updateQtyFormat" @blur="restoreQtyFormat" :disabled="!isPriceAvailable">
            <span class="quantity-icon quantity-icon--minus">
            <button class="decrease-quantity-btn" @click="updateQuantity" :disabled="!isPriceAvailable" role="button" aria-label="Reduzir quantidade">
            <i class="css-math-minus"></i>
            </button>
            </span>
            <span class="quantity-icon quantity-icon--plus">
            <button class="increase-quantity-btn" @click="updateQuantity" :disabled="isMaxQtyReached || !isPriceAvailable" role="button" aria-label="Aumentar quantidade">
            <i class="css-math-plus"></i>
            </button>
            <span class="quantity-btn-disabled-placeholder"></span>
            </span>
            <template v-if="isPDP">
            <span class="quantity-error ct-span-error text-sm-center product-max-allocation" v-if="isMaxQtyReached">
            Quantidade máxima atingida
            </span>
            <span class="quantity-error ct-span-product text-sm-center product-allocation" v-if="!isMinQtyReached &amp;&amp; !isMaxQtyReached">
            {{quantitySelected}} no carrinho
            </span>
            <span class="quantity-error ct-span-error text-sm-center product-min-allocation" :data-pid="pid" v-if="isMinQtyReached &amp;&amp; !isMaxQtyReached">
            Quantidade mínima atingida
            </span>
            </template>
            </div>
            <template v-if="showNotes">
            <div class="add-note-link-container ">
            <div class="add-note">
            <a href="/produto/pao-de-forma-10-cereais-sem-codea-bimbo-6866765.html?showNote=true" class="ct-add-note-redirect-pdp" aria-label="Adicionar comentário">
            <span class="svg-wrapper svg-icon-notes" style="width:19px; height:20px">
            <svg class="svg-inline icon-notes" viewBox="0 0 28 30" xmlns="http://www.w3.org/2000/svg" width="100%" height="100%"><path d="M21.738 0C22.985 0 24 1.04 24 2.319V12.47c0 .469-.37.848-.828.848-.457 0-.827-.38-.827-.848V2.32c0-.343-.273-.622-.607-.622H2.262c-.334 0-.607.279-.607.622V27.68c0 .343.273.622.607.622h7.81c.457 0 .827.38.827.849 0 .468-.37.848-.827.848h-7.81C1.015 30 0 28.96 0 27.681V2.32C0 1.04 1.015 0 2.262 0h19.476zm2.844 16.004l.227.007c.823.053 1.589.39 2.176.964.64.627.993 1.46.993 2.349 0 .888-.353 1.722-.993 2.348l-6.83 6.665c-.11.108-.247.186-.397.226l-5.032 1.363c-.078.021-.16.032-.241.032-.242 0-.478-.097-.647-.266-.23-.231-.314-.566-.218-.874l1.49-4.798c.044-.139.122-.266.227-.369l6.844-6.677c.64-.625 1.493-.97 2.401-.97zm-2.886 3.94l-4.922 4.802-.947 3.048 3.22-.872 4.897-4.78-2.248-2.197zm2.887-2.174c-.425 0-.824.162-1.124.455l-.484.472 2.248 2.197.484-.472c.62-.606.62-1.591 0-2.197l-.117-.104c-.283-.227-.636-.35-1.007-.35zm-10.839.022c.498 0 .904.396.904.883 0 .488-.406.884-.904.884H5.946c-.499 0-.904-.396-.904-.884 0-.487.405-.883.904-.883zm5.042-4.876c.498 0 .904.397.904.884s-.406.884-.904.884H5.946c-.499 0-.904-.397-.904-.884s.405-.884.904-.884zm0-4.875c.498 0 .904.396.904.884 0 .487-.406.883-.904.883H5.946c-.499 0-.904-.396-.904-.883 0-.488.405-.884.904-.884z" fill="#EB0203" fill-rule="evenodd"></path></svg>
            </span>
            <div class="available-note d-none"></div>
            </a>
            </div>
            </div>
            </template>
            <div class="measurement-unit-section" v-if="isPriceAvailable &amp;&amp; prodUnits ? prodUnits.hasAlternativeUnit : false">
            <div class="ct-form-radio" @click="setDimension">
            <input type="radio" title="" class="ct-form-check-input product-measurement-unit" :data-type="prodUnits.selectedUnit == prodUnits.secondaryUnit ? 'primary' : ''" :id="prodUnits.secondaryUnit + '-' + pid + '-measurement-unit-ptile' + additionalTag" :name="'measurement-unit-' + pid + '-ptile' + additionalTag" :value="prodUnits.secondaryUnit" v-model="prodUnits.selectedUnit">
            <label :class="prodUnits.secondaryUnit + '-label ct-form-check-label mb-0'" :for="prodUnits.secondaryUnit + '-' + pid + '-measurement-unit-ptile' + additionalTag">
            {{prodUnits.secondaryUnit}}
            </label>
            <span class="checkmark"></span>
            </div>
            <div class="ct-form-radio" @click="setDimension">
            <input type="radio" title="" class="ct-form-check-input product-measurement-unit" :data-type="prodUnits.selectedUnit == prodUnits.primaryUnit ? 'primary' : ''" :id="prodUnits.primaryUnit + '-' + pid + '-measurement-unit-ptile' + additionalTag" :name="'measurement-unit-' + pid + '-ptile' + additionalTag" :value="prodUnits.primaryUnit" v-model="prodUnits.selectedUnit">
            <label :class="prodUnits.primaryUnit + '-label ct-form-check-label mb-0'" :for="prodUnits.primaryUnit + '-' + pid + '-measurement-unit-ptile' + additionalTag">
            {{prodUnits.primaryUnit}}
            </label>
            <span class="checkmark"></span>
            </div>
            </div>
            <template v-if="!isPDP &amp;&amp; isPriceAvailable">
            <span class="quantity-error ct-span-error product-max-allocation" v-if="isMaxQtyReached">
            Quantidade máxima atingida
            </span>
            <span class="quantity-error ct-span-product product-allocation" v-if="!isMinQtyReached &amp;&amp; !isMaxQtyReached">
            {{quantitySelected}} no carrinho
            </span>
            <span class="quantity-error ct-span-error product-min-allocation" :data-pid="pid" v-if="isMinQtyReached &amp;&amp; !isMaxQtyReached">
            Quantidade mínima atingida
            </span>
            </template>
            </template>
            </div>
            <input class="quantity-value-mask d-none" name="quantity" type="number" min="0" value="">
            </div>
            <button type="button" class="add-to-cart button js-add-to-cart js-add-to-cart-tile 6866765 button--primary dynamic-layout-btn" data-toggle="modal" data-target="#chooseBonusProductModal" data-pid="6866765" data-quantity-value="null" aria-label="Carrinho">
            <span class="d-block d-sm-none">
            <span class="svg-wrapper svg-icon-cart" style="width:20px; height:20px">
            <svg class="svg-inline icon-cart" xmlns="http://www.w3.org/2000/svg" viewBox="0 0 500 500" width="100%" height="100%"><path fill="#EB0203" fill-rule="evenodd" d="M 485.67317,94.386311 C 476.37798,83.847129 463.09468,78.03348 448.30404,78.03348 H 90.690813 L 87.079511,51.327997 C 83.185582,22.539551 62.962285,0 41.011841,0 H 14.727836 C 6.563151,0 0,6.5286975 0,14.580758 c 0,8.05206 6.5945535,14.580758 14.727836,14.580758 h 26.284005 c 4.710398,0 14.696435,9.855222 16.894619,26.021523 L 100.01739,368.0631 c 1.88416,13.77244 9.01256,26.70549 20.1605,36.37417 8.25889,7.15046 18.02511,11.9071 28.26237,13.89679 -4.17655,7.58572 -6.53175,16.25957 -6.53175,25.493 0,29.53459 24.27424,53.59751 54.13815,53.59751 29.8325,0 54.13814,-24.03184 54.13814,-53.59751 0,-8.79818 -2.19818,-17.09897 -5.9979,-24.43598 h 77.12488 c -3.79973,7.33701 -5.96652,15.6378 -5.96652,24.43598 0,29.53459 24.27424,53.59751 54.13817,53.59751 29.83249,0 54.13814,-24.03184 54.13814,-53.59751 0,-8.79818 -2.1982,-17.09897 -5.9979,-24.43598 h 38.56243 c 8.13328,0 14.72783,-6.5287 14.72783,-14.61183 0,-8.02098 -6.59455,-14.54967 -14.72783,-14.54967 H 159.24277 c -14.38241,0 -28.13677,-11.90711 -30.02092,-26.02153 l -3.07746,-22.88154 h 290.6314 c 14.03698,0 27.94834,-5.28513 39.06488,-14.95381 11.11652,-9.6376 18.27632,-22.57065 20.16048,-36.37417 l 21.10259,-156.78201 c 1.94694,-14.51858 -2.10398,-28.29103 -11.43057,-38.861299 z M 220.76053,443.82706 c 0,13.49265 -11.08513,24.46709 -24.68247,24.46709 -13.62874,0 -24.71387,-10.97444 -24.71387,-24.46709 0,-13.49262 11.08513,-24.43598 24.71387,-24.43598 13.59734,0 24.68247,10.94336 24.68247,24.43598 z m 173.43675,0 c 0,13.49265 -11.08512,24.46709 -24.68245,24.46709 -13.62876,0 -24.71388,-10.97444 -24.71388,-24.46709 0,-13.49262 11.08512,-24.43598 24.71388,-24.43598 13.59733,0 24.68245,10.94336 24.68245,24.43598 z m 73.7648,-314.46558 -21.13397,156.782 c -1.88416,14.11442 -15.63851,26.05261 -30.02091,26.05261 H 122.25046 L 94.616142,107.19499 H 448.33544 c 6.18632,0 11.61896,2.2695 15.23028,6.37326 3.64269,4.13484 5.21283,9.73086 4.39636,15.79323 z"></path></svg>
            </span>
            </span>
            <span class="add-to-cart--text d-none d-sm-block">Carrinho</span>
            </button>
            </div>
            </div>
            </div>
            </div>
            
            <div class="col-12 d-sm-none">
            </div>
            </div>
            </div>
            </div>
            </div>
            <div class="col-12 col-sm-3 col-lg-2 productTile" data-idx="9">
            
            <script type="text/javascript">//<!--
            /* <![CDATA[ */
            (function(){
            try {
                if(window.CQuotient) {
                var cq_params = {};
                
                cq_params.cookieId = window.CQuotient.getCQCookieId();
                cq_params.userId = window.CQuotient.getCQUserId();
                cq_params.emailId = CQuotient.getCQHashedEmail();
                cq_params.loginId = CQuotient.getCQHashedLogin();
                cq_params.accumulate = true;
                cq_params.products = [{
                    id: '3688028',
                    sku: ''
                }];
                cq_params.categoryId = 'padaria-e-pastelaria-padaria-forma';
                cq_params.refinements = '[{\"name\":\"priceMin\",\"value\":\"0.01\"},{\"name\":\"priceMax\",\"value\":\"null\"},{\"name\":\"curr\",\"value\":\"EUR\"},{\"name\":\"Category\",\"value\":\"padaria-e-pastelaria-padaria-forma\"}]';
                cq_params.personalized = 'false';
                cq_params.sortingRule = 'categories top-sellers';
                cq_params.imageUUID = '__UNDEFINED__';
                cq_params.realm = "BDVS";
                cq_params.siteId = "continente";
                cq_params.instanceType = "prd";
                cq_params.queryLocale = "default";
                cq_params.locale = window.CQuotient.locale;
                
                if(window.CQuotient.sendActivity)
                    window.CQuotient.sendActivity(CQuotient.clientId, 'viewCategory', cq_params);
                else
                    window.CQuotient.activities.push({
                        activityType: 'viewCategory',
                        parameters: cq_params
                    });
              }
            } catch(err) {}
            })();
            /* ]]> */
            // -->
            </script>
            <script type="text/javascript">//<!--
            /* <![CDATA[ (viewCategoryProduct-active_data.js) */
            (function(){
            try {
                if (dw.ac) {
                    var search_params = {};
                    search_params.persd = 'false';
                    search_params.refs = '[{\"name\":\"priceMin\",\"value\":\"0.01\"},{\"name\":\"priceMax\",\"value\":\"null\"},{\"name\":\"curr\",\"value\":\"EUR\"},{\"name\":\"Category\",\"value\":\"padaria-e-pastelaria-padaria-forma\"}]';
                    search_params.sort = 'categories top-sellers';
                    search_params.imageUUID = '';
                    search_params.searchID = '79fd584c-cee5-42dd-a07f-04e8467e04c2';
                    search_params.locale = 'default';
                    search_params.queryLocale = 'default';
                    search_params.showProducts = 'true';
                    dw.ac.applyContext({category: "padaria-e-pastelaria-padaria-forma", searchData: search_params});
                    if (typeof dw.ac._scheduleDataSubmission === "function") {
                        dw.ac._scheduleDataSubmission();
                    }
                }
            } catch(err) {}
            })();
            /* ]]> */
            // -->
            </script>
            <script type="text/javascript">//<!--
            /* <![CDATA[ (viewProduct-active_data.js) */
            dw.ac._capture({id: "3688028", type: "searchhit"});
            /* ]]> */
            // -->
            </script>
            <div class="product" data-pid="3688028">
            <div class="product-tile pid-3688028 ct-product-tile data-layer-pushed" data-delay-time="3000" data-variants-mapping="[]" data-in-cart-msg="no carrinho" data-one-product-added="Adicionado ao carrinho" data-remove-from-cart-msg="Removido do carrinho" data-stay-open="6000.0" data-product-tile-impression="{&quot;name&quot;:&quot;3688028&quot;,&quot;id&quot;:&quot;3688028&quot;,&quot;price&quot;:1.99,&quot;brand&quot;:&quot;Museu do Pão&quot;,&quot;category&quot;:[{&quot;category_level_1&quot;:&quot;Padaria e Pastelaria&quot;},{&quot;category_level_2&quot;:&quot;Padaria&quot;},{&quot;category_level_3&quot;:&quot;Pão de Forma e Embalado&quot;}],&quot;variant&quot;:&quot;&quot;}">
            <div class="ct-inner-tile-wrap row no-gutters justify-content-center align-content-start">
            
            <div class="ct-image-container col-4 col-sm" data-confirmation-image="{&quot;url&quot;:&quot;https://www.continente.pt/dw/image/v2/BDVS_PRD/on/demandware.static/-/Sites-col-master-catalog/default/dw77fd815e/images/col/368/3688028-frente.jpg?sw=87&amp;sh=80&quot;,&quot;fallbackimage&quot;:{&quot;url&quot;:&quot;https://www.continente.pt/dw/image/v2/BDVS_PRD/on/demandware.static/Sites-continente-Site/-/default/dw7c42b4da/images/noimagelarge_product.png?sw=87&amp;sh=80&quot;,&quot;title&quot;:&quot;Pão Integral Serra da Estrela Fatiado&quot;,&quot;alt&quot;:&quot;Pão Integral Serra da Estrela Fatiado&quot;},&quot;title&quot;:&quot;Pão Integral Serra da Estrela Fatiado&quot;,&quot;alt&quot;:&quot;Pão Integral Serra da Estrela Fatiado&quot;}">
            <a href="https://www.continente.pt/produto/pao-integral-serra-da-estrela-fatiado-museu-do-pao-3688028.html?cgid=padaria-e-pastelaria-padaria-forma">
            <picture class="intrinsic intrinsic--square">
            <img class="ct-tile-image lazyloaded" loading="lazy" onerror="this.onerror=null;this.src='/on/demandware.static/Sites-continente-Site/-/default/dw7c42b4da/images/noimagelarge_product.png';" data-src="https://www.continente.pt/dw/image/v2/BDVS_PRD/on/demandware.static/-/Sites-col-master-catalog/default/dw77fd815e/images/col/368/3688028-frente.jpg?sw=280&amp;sh=280" alt="Pão Integral Serra da Estrela Fatiado" title="Pão Integral Serra da Estrela Fatiado" src="https://www.continente.pt/dw/image/v2/BDVS_PRD/on/demandware.static/-/Sites-col-master-catalog/default/dw77fd815e/images/col/368/3688028-frente.jpg?sw=280&amp;sh=280">
            </picture>
            </a>
            <div class="color-swatches d-flex" style="margin-left: 5px;">
            <div class="swatches d-flex">
            </div>
            </div>
            </div>
            <div class="ct-tile-body col col-sm-auto ">
            <div class="ct-pdp-details">
            <div class="ct-pdp-link">
            <a class="ct-tile--description" href="https://www.continente.pt/produto/pao-integral-serra-da-estrela-fatiado-museu-do-pao-3688028.html?cgid=padaria-e-pastelaria-padaria-forma">Pão Integral Serra da Estrela Fatiado</a>
            <div class="ct-tile--favorite-top d-sm-none">
            <button class="wishlist-toggler guest-mode inactive button button--tertiary" data-pid="3688028" data-add-url="https://www.continente.pt/on/demandware.store/Sites-continente-Site/default/Wishlist-AddProduct?pid=3688028" data-toggle="tooltip" aria-label="Adicionar aos favoritos " data-original-title="Adicionar aos favoritos" data-placement="top">
            <svg class="active-content" width="100%" height="100%" viewBox="0 0 20 22" fill="none" xmlns="http://www.w3.org/2000/svg">
            <path fill-rule="evenodd" clip-rule="evenodd" d="M0 1.53052C0 0.685236 0.692171 0 1.54601 0H15.0736C15.9274 0 16.6196 0.685235 16.6196 1.53052V13.4064L15.8127 13.922L14.2658 14.2658L12.7189 13.4064L10.6054 14.3818C10.4994 14.2451 10.3327 14.157 10.1452 14.157H6.76329C6.4431 14.157 6.18354 14.414 6.18354 14.731C6.18354 15.0479 6.4431 15.3049 6.76329 15.3049H10.1452C10.2478 15.3049 10.3441 15.2785 10.4277 15.2322L10.3126 16.8439L13.2345 20.2793H1.54601C0.69217 20.2793 0 19.5941 0 18.7488V1.53052ZM6.18354 5.5483C6.18354 5.23132 6.4431 4.97436 6.76329 4.97436H12.3676C12.6878 4.97436 12.9473 5.23132 12.9473 5.5483C12.9473 5.86528 12.6878 6.12224 12.3676 6.12224H6.76329C6.4431 6.12224 6.18354 5.86528 6.18354 5.5483ZM6.76329 11.0961C6.4431 11.0961 6.18354 11.3531 6.18354 11.6701C6.18354 11.987 6.4431 12.244 6.76329 12.244H12.3676C12.6878 12.244 12.9473 11.987 12.9473 11.6701C12.9473 11.3531 12.6878 11.0961 12.3676 11.0961H6.76329ZM6.18354 8.60985C6.18354 8.29287 6.4431 8.03591 6.76329 8.03591H12.3676C12.6878 8.03591 12.9473 8.29287 12.9473 8.60985C12.9473 8.92684 12.6878 9.1838 12.3676 9.1838H6.76329C6.4431 9.1838 6.18354 8.92684 6.18354 8.60985ZM3.67118 5.5483C3.67118 5.23132 3.93075 4.97436 4.25093 4.97436H4.63743C4.95762 4.97436 5.21719 5.23132 5.21719 5.5483C5.21719 5.86528 4.95762 6.12224 4.63743 6.12224H4.25093C3.93075 6.12224 3.67118 5.86528 3.67118 5.5483ZM4.25093 11.0961C3.93075 11.0961 3.67118 11.3531 3.67118 11.6701C3.67118 11.987 3.93075 12.244 4.25093 12.244H4.63743C4.95762 12.244 5.21719 11.987 5.21719 11.6701C5.21719 11.3531 4.95762 11.0961 4.63743 11.0961H4.25093ZM3.67118 8.60985C3.67118 8.29287 3.93075 8.03591 4.25093 8.03591H4.63743C4.95762 8.03591 5.21719 8.29287 5.21719 8.60985C5.21719 8.92684 4.95762 9.1838 4.63743 9.1838H4.25093C3.93075 9.1838 3.67118 8.92684 3.67118 8.60985ZM4.25093 14.157C3.93075 14.157 3.67118 14.414 3.67118 14.731C3.67118 15.0479 3.93075 15.3049 4.25093 15.3049H4.63743C4.95762 15.3049 5.21719 15.0479 5.21719 14.731C5.21719 14.414 4.95762 14.157 4.63743 14.157H4.25093Z" fill="#EB0203"></path>
            <path fill-rule="evenodd" clip-rule="evenodd" d="M14.6252 13.6363C13.4918 12.6215 11.7817 12.5264 10.6569 13.4792C9.12421 14.7764 9.34841 16.8912 10.4409 18.0122L14.0159 21.6742C14.2197 21.8832 14.4928 22 14.7822 22C15.0737 22 15.3448 21.8852 15.5486 21.6762L19.1236 18.0142C20.214 16.8933 20.4423 14.7785 18.9075 13.4792C17.7827 12.5283 16.0724 12.6217 14.9391 13.6365C14.8855 13.6845 14.8331 13.7345 14.7822 13.7866C14.7313 13.7345 14.6789 13.6843 14.6252 13.6363ZM18.1546 14.3522C19.0973 15.1508 18.9962 16.4896 18.2891 17.2173C18.2888 17.2175 18.2886 17.2177 18.2884 17.218L14.7832 20.8084L11.2753 17.2151C11.2752 17.215 11.2751 17.2149 11.2749 17.2148C10.5677 16.4887 10.4678 15.1495 11.4104 14.3518L11.4108 14.3514C12.0745 13.7892 13.2018 13.82 13.9488 14.5846L14.7822 15.4378L15.6157 14.5846C16.3617 13.8211 17.4896 13.79 18.1545 14.3521" fill="#EB0203"></path>
            </svg>
            <svg class="inactive-content" width="100%" height="100%" viewBox="0 0 20 23" fill="none" xmlns="http://www.w3.org/2000/svg">
            <path fill-rule="evenodd" clip-rule="evenodd" d="M6.18408 5.77914C6.18408 5.46223 6.44363 5.20532 6.7638 5.20532H12.3678C12.6879 5.20532 12.9475 5.46223 12.9475 5.77914C12.9475 6.09606 12.6879 6.35297 12.3678 6.35297H6.7638C6.44363 6.35297 6.18408 6.09606 6.18408 5.77914Z" fill="#EB0203"></path>
            <path fill-rule="evenodd" clip-rule="evenodd" d="M6.18408 11.9034C6.18408 11.5865 6.44363 11.3296 6.7638 11.3296H12.3678C12.6879 11.3296 12.9475 11.5865 12.9475 11.9034C12.9475 12.2202 12.6879 12.4771 12.3678 12.4771H6.7638C6.44363 12.4771 6.18408 12.2202 6.18408 11.9034Z" fill="#EB0203"></path>
            <path fill-rule="evenodd" clip-rule="evenodd" d="M6.18408 8.84116C6.18408 8.52424 6.44363 8.26733 6.7638 8.26733H12.3678C12.6879 8.26733 12.9475 8.52424 12.9475 8.84116C12.9475 9.15807 12.6879 9.41498 12.3678 9.41498H6.7638C6.44363 9.41498 6.18408 9.15807 6.18408 8.84116Z" fill="#EB0203"></path>
            <path fill-rule="evenodd" clip-rule="evenodd" d="M6.18408 14.9655C6.18408 14.6486 6.44363 14.3917 6.7638 14.3917H10.1455C10.4657 14.3917 10.7252 14.6486 10.7252 14.9655C10.7252 15.2825 10.4657 15.5394 10.1455 15.5394H6.7638C6.44363 15.5394 6.18408 15.2825 6.18408 14.9655Z" fill="#EB0203"></path>
            <path fill-rule="evenodd" clip-rule="evenodd" d="M3.67139 5.77914C3.67139 5.46223 3.93094 5.20532 4.25111 5.20532H4.63759C4.95776 5.20532 5.21731 5.46223 5.21731 5.77914C5.21731 6.09606 4.95776 6.35297 4.63759 6.35297H4.25111C3.93094 6.35297 3.67139 6.09606 3.67139 5.77914Z" fill="#EB0203"></path>
            <path fill-rule="evenodd" clip-rule="evenodd" d="M3.67139 11.9034C3.67139 11.5865 3.93094 11.3296 4.25111 11.3296H4.63759C4.95776 11.3296 5.21731 11.5865 5.21731 11.9034C5.21731 12.2202 4.95776 12.4771 4.63759 12.4771H4.25111C3.93094 12.4771 3.67139 12.2202 3.67139 11.9034Z" fill="#EB0203"></path>
            <path fill-rule="evenodd" clip-rule="evenodd" d="M3.67139 8.84116C3.67139 8.52424 3.93094 8.26733 4.25111 8.26733H4.63759C4.95776 8.26733 5.21731 8.52424 5.21731 8.84116C5.21731 9.15807 4.95776 9.41498 4.63759 9.41498H4.25111C3.93094 9.41498 3.67139 9.15807 3.67139 8.84116Z" fill="#EB0203"></path>
            <path fill-rule="evenodd" clip-rule="evenodd" d="M3.67139 14.9655C3.67139 14.6486 3.93094 14.3917 4.25111 14.3917H4.63759C4.95776 14.3917 5.21731 14.6486 5.21731 14.9655C5.21731 15.2825 4.95776 15.5394 4.63759 15.5394H4.25111C3.93094 15.5394 3.67139 15.2825 3.67139 14.9655Z" fill="#EB0203"></path>
            <path fill-rule="evenodd" clip-rule="evenodd" d="M0 1.76033C0 0.914738 0.692131 0.229248 1.54592 0.229248H15.0727C15.9265 0.229248 16.6186 0.914738 16.6186 1.76033V11.2818C16.6186 11.5989 16.3591 11.8559 16.0389 11.8559C15.7187 11.8559 15.4592 11.5989 15.4592 11.2818V1.76033C15.4592 1.54893 15.2862 1.37756 15.0727 1.37756H1.54592C1.33247 1.37756 1.15944 1.54893 1.15944 1.76033V18.985C1.15944 19.1964 1.33247 19.3678 1.54592 19.3678H9.27551C9.59568 19.3678 9.85523 19.6249 9.85523 19.942C9.85523 20.2591 9.59568 20.5161 9.27551 20.5161H1.54592C0.692131 20.5161 0 19.8306 0 18.985V1.76033Z" fill="#EB0203"></path>
            <path fill-rule="evenodd" clip-rule="evenodd" d="M14.6254 13.8718C13.4921 12.8567 11.7821 12.7615 10.6574 13.7147C9.12472 15.0124 9.34891 17.128 10.4413 18.2493L14.0161 21.9126C14.2199 22.1217 14.493 22.2386 14.7824 22.2386C15.0739 22.2386 15.3449 22.1238 15.5487 21.9147L19.1235 18.2514C20.2139 17.13 20.4422 15.0144 18.9075 13.7147C17.7827 12.7634 16.0726 12.8569 14.9392 13.872C14.8856 13.92 14.8333 13.9701 14.7824 14.0222C14.7314 13.97 14.6791 13.9199 14.6254 13.8718ZM18.1546 14.588C19.0972 15.3869 18.9961 16.7262 18.2891 17.4541C18.2888 17.4543 18.2886 17.4546 18.2884 17.4548L14.7834 21.0466L11.2757 17.452C11.2756 17.4519 11.2755 17.4517 11.2753 17.4516C10.5681 16.7252 10.4682 15.3856 11.4108 14.5876L11.4112 14.5872C12.0748 14.0248 13.202 14.0556 13.949 14.8205L14.7824 15.674L15.6158 14.8205C16.3618 14.0567 17.4896 14.0256 18.1545 14.5879" fill="#EB0203"></path>
            </svg>
            </button>
            </div>
            </div>
            <p class="ct-tile--brand">Museu do Pão</p>
            <p class="ct-tile--quantity">emb. 450 gr</p>
            </div>
            
            <div class="ct-tile-bottom row no-gutters justify-content-between">
            <div class="ct-price-wrap col-8 col-sm-12">
            <div class="price js-product-price">
            <div class="prices-wrapper">
            <span class="sales ct-tile--price-primary ">
            <span class="value" content="1.99">
            <span class="ct-price-formatted">
            €1,99
            </span>
            <span class="ct-m-unit">
            /un
            </span>
            </span>
            </span>
            </div>
            <div class="ct-tile--price-secondary">
            <span class="ct-price-value">
            €4,42
            </span>
            <span class="ct-m-unit">
            /kg
            </span>
            </div>
            </div>
            </div>
            <div class="ct-tile-buy-section d-flex justify-content-center no-gutters col-auto col-sm-12">
            <div class="col-2 d-sm-flex d-none">
            <button class="wishlist-toggler guest-mode inactive button button--tertiary" data-pid="3688028" data-add-url="https://www.continente.pt/on/demandware.store/Sites-continente-Site/default/Wishlist-AddProduct?pid=3688028" data-toggle="tooltip" aria-label="Adicionar aos favoritos " data-original-title="Adicionar aos favoritos" data-placement="top">
            <svg class="active-content" width="100%" height="100%" viewBox="0 0 20 22" fill="none" xmlns="http://www.w3.org/2000/svg">
            <path fill-rule="evenodd" clip-rule="evenodd" d="M0 1.53052C0 0.685236 0.692171 0 1.54601 0H15.0736C15.9274 0 16.6196 0.685235 16.6196 1.53052V13.4064L15.8127 13.922L14.2658 14.2658L12.7189 13.4064L10.6054 14.3818C10.4994 14.2451 10.3327 14.157 10.1452 14.157H6.76329C6.4431 14.157 6.18354 14.414 6.18354 14.731C6.18354 15.0479 6.4431 15.3049 6.76329 15.3049H10.1452C10.2478 15.3049 10.3441 15.2785 10.4277 15.2322L10.3126 16.8439L13.2345 20.2793H1.54601C0.69217 20.2793 0 19.5941 0 18.7488V1.53052ZM6.18354 5.5483C6.18354 5.23132 6.4431 4.97436 6.76329 4.97436H12.3676C12.6878 4.97436 12.9473 5.23132 12.9473 5.5483C12.9473 5.86528 12.6878 6.12224 12.3676 6.12224H6.76329C6.4431 6.12224 6.18354 5.86528 6.18354 5.5483ZM6.76329 11.0961C6.4431 11.0961 6.18354 11.3531 6.18354 11.6701C6.18354 11.987 6.4431 12.244 6.76329 12.244H12.3676C12.6878 12.244 12.9473 11.987 12.9473 11.6701C12.9473 11.3531 12.6878 11.0961 12.3676 11.0961H6.76329ZM6.18354 8.60985C6.18354 8.29287 6.4431 8.03591 6.76329 8.03591H12.3676C12.6878 8.03591 12.9473 8.29287 12.9473 8.60985C12.9473 8.92684 12.6878 9.1838 12.3676 9.1838H6.76329C6.4431 9.1838 6.18354 8.92684 6.18354 8.60985ZM3.67118 5.5483C3.67118 5.23132 3.93075 4.97436 4.25093 4.97436H4.63743C4.95762 4.97436 5.21719 5.23132 5.21719 5.5483C5.21719 5.86528 4.95762 6.12224 4.63743 6.12224H4.25093C3.93075 6.12224 3.67118 5.86528 3.67118 5.5483ZM4.25093 11.0961C3.93075 11.0961 3.67118 11.3531 3.67118 11.6701C3.67118 11.987 3.93075 12.244 4.25093 12.244H4.63743C4.95762 12.244 5.21719 11.987 5.21719 11.6701C5.21719 11.3531 4.95762 11.0961 4.63743 11.0961H4.25093ZM3.67118 8.60985C3.67118 8.29287 3.93075 8.03591 4.25093 8.03591H4.63743C4.95762 8.03591 5.21719 8.29287 5.21719 8.60985C5.21719 8.92684 4.95762 9.1838 4.63743 9.1838H4.25093C3.93075 9.1838 3.67118 8.92684 3.67118 8.60985ZM4.25093 14.157C3.93075 14.157 3.67118 14.414 3.67118 14.731C3.67118 15.0479 3.93075 15.3049 4.25093 15.3049H4.63743C4.95762 15.3049 5.21719 15.0479 5.21719 14.731C5.21719 14.414 4.95762 14.157 4.63743 14.157H4.25093Z" fill="#EB0203"></path>
            <path fill-rule="evenodd" clip-rule="evenodd" d="M14.6252 13.6363C13.4918 12.6215 11.7817 12.5264 10.6569 13.4792C9.12421 14.7764 9.34841 16.8912 10.4409 18.0122L14.0159 21.6742C14.2197 21.8832 14.4928 22 14.7822 22C15.0737 22 15.3448 21.8852 15.5486 21.6762L19.1236 18.0142C20.214 16.8933 20.4423 14.7785 18.9075 13.4792C17.7827 12.5283 16.0724 12.6217 14.9391 13.6365C14.8855 13.6845 14.8331 13.7345 14.7822 13.7866C14.7313 13.7345 14.6789 13.6843 14.6252 13.6363ZM18.1546 14.3522C19.0973 15.1508 18.9962 16.4896 18.2891 17.2173C18.2888 17.2175 18.2886 17.2177 18.2884 17.218L14.7832 20.8084L11.2753 17.2151C11.2752 17.215 11.2751 17.2149 11.2749 17.2148C10.5677 16.4887 10.4678 15.1495 11.4104 14.3518L11.4108 14.3514C12.0745 13.7892 13.2018 13.82 13.9488 14.5846L14.7822 15.4378L15.6157 14.5846C16.3617 13.8211 17.4896 13.79 18.1545 14.3521" fill="#EB0203"></path>
            </svg>
            <svg class="inactive-content" width="100%" height="100%" viewBox="0 0 20 23" fill="none" xmlns="http://www.w3.org/2000/svg">
            <path fill-rule="evenodd" clip-rule="evenodd" d="M6.18408 5.77914C6.18408 5.46223 6.44363 5.20532 6.7638 5.20532H12.3678C12.6879 5.20532 12.9475 5.46223 12.9475 5.77914C12.9475 6.09606 12.6879 6.35297 12.3678 6.35297H6.7638C6.44363 6.35297 6.18408 6.09606 6.18408 5.77914Z" fill="#EB0203"></path>
            <path fill-rule="evenodd" clip-rule="evenodd" d="M6.18408 11.9034C6.18408 11.5865 6.44363 11.3296 6.7638 11.3296H12.3678C12.6879 11.3296 12.9475 11.5865 12.9475 11.9034C12.9475 12.2202 12.6879 12.4771 12.3678 12.4771H6.7638C6.44363 12.4771 6.18408 12.2202 6.18408 11.9034Z" fill="#EB0203"></path>
            <path fill-rule="evenodd" clip-rule="evenodd" d="M6.18408 8.84116C6.18408 8.52424 6.44363 8.26733 6.7638 8.26733H12.3678C12.6879 8.26733 12.9475 8.52424 12.9475 8.84116C12.9475 9.15807 12.6879 9.41498 12.3678 9.41498H6.7638C6.44363 9.41498 6.18408 9.15807 6.18408 8.84116Z" fill="#EB0203"></path>
            <path fill-rule="evenodd" clip-rule="evenodd" d="M6.18408 14.9655C6.18408 14.6486 6.44363 14.3917 6.7638 14.3917H10.1455C10.4657 14.3917 10.7252 14.6486 10.7252 14.9655C10.7252 15.2825 10.4657 15.5394 10.1455 15.5394H6.7638C6.44363 15.5394 6.18408 15.2825 6.18408 14.9655Z" fill="#EB0203"></path>
            <path fill-rule="evenodd" clip-rule="evenodd" d="M3.67139 5.77914C3.67139 5.46223 3.93094 5.20532 4.25111 5.20532H4.63759C4.95776 5.20532 5.21731 5.46223 5.21731 5.77914C5.21731 6.09606 4.95776 6.35297 4.63759 6.35297H4.25111C3.93094 6.35297 3.67139 6.09606 3.67139 5.77914Z" fill="#EB0203"></path>
            <path fill-rule="evenodd" clip-rule="evenodd" d="M3.67139 11.9034C3.67139 11.5865 3.93094 11.3296 4.25111 11.3296H4.63759C4.95776 11.3296 5.21731 11.5865 5.21731 11.9034C5.21731 12.2202 4.95776 12.4771 4.63759 12.4771H4.25111C3.93094 12.4771 3.67139 12.2202 3.67139 11.9034Z" fill="#EB0203"></path>
            <path fill-rule="evenodd" clip-rule="evenodd" d="M3.67139 8.84116C3.67139 8.52424 3.93094 8.26733 4.25111 8.26733H4.63759C4.95776 8.26733 5.21731 8.52424 5.21731 8.84116C5.21731 9.15807 4.95776 9.41498 4.63759 9.41498H4.25111C3.93094 9.41498 3.67139 9.15807 3.67139 8.84116Z" fill="#EB0203"></path>
            <path fill-rule="evenodd" clip-rule="evenodd" d="M3.67139 14.9655C3.67139 14.6486 3.93094 14.3917 4.25111 14.3917H4.63759C4.95776 14.3917 5.21731 14.6486 5.21731 14.9655C5.21731 15.2825 4.95776 15.5394 4.63759 15.5394H4.25111C3.93094 15.5394 3.67139 15.2825 3.67139 14.9655Z" fill="#EB0203"></path>
            <path fill-rule="evenodd" clip-rule="evenodd" d="M0 1.76033C0 0.914738 0.692131 0.229248 1.54592 0.229248H15.0727C15.9265 0.229248 16.6186 0.914738 16.6186 1.76033V11.2818C16.6186 11.5989 16.3591 11.8559 16.0389 11.8559C15.7187 11.8559 15.4592 11.5989 15.4592 11.2818V1.76033C15.4592 1.54893 15.2862 1.37756 15.0727 1.37756H1.54592C1.33247 1.37756 1.15944 1.54893 1.15944 1.76033V18.985C1.15944 19.1964 1.33247 19.3678 1.54592 19.3678H9.27551C9.59568 19.3678 9.85523 19.6249 9.85523 19.942C9.85523 20.2591 9.59568 20.5161 9.27551 20.5161H1.54592C0.692131 20.5161 0 19.8306 0 18.985V1.76033Z" fill="#EB0203"></path>
            <path fill-rule="evenodd" clip-rule="evenodd" d="M14.6254 13.8718C13.4921 12.8567 11.7821 12.7615 10.6574 13.7147C9.12472 15.0124 9.34891 17.128 10.4413 18.2493L14.0161 21.9126C14.2199 22.1217 14.493 22.2386 14.7824 22.2386C15.0739 22.2386 15.3449 22.1238 15.5487 21.9147L19.1235 18.2514C20.2139 17.13 20.4422 15.0144 18.9075 13.7147C17.7827 12.7634 16.0726 12.8569 14.9392 13.872C14.8856 13.92 14.8333 13.9701 14.7824 14.0222C14.7314 13.97 14.6791 13.9199 14.6254 13.8718ZM18.1546 14.588C19.0972 15.3869 18.9961 16.7262 18.2891 17.4541C18.2888 17.4543 18.2886 17.4546 18.2884 17.4548L14.7834 21.0466L11.2757 17.452C11.2756 17.4519 11.2755 17.4517 11.2753 17.4516C10.5681 16.7252 10.4682 15.3856 11.4108 14.5876L11.4112 14.5872C12.0748 14.0248 13.202 14.0556 13.949 14.8205L14.7824 15.674L15.6158 14.8205C16.3618 14.0567 17.4896 14.0256 18.1545 14.5879" fill="#EB0203"></path>
            </svg>
            </button>
            </div>
            <div class="col-sm-10 col-12">
            <div class="ct-tile-quantity d-none" data-pid="3688028">
            <input type="hidden" class="add-to-cart-url" value="https://www.continente.pt/on/demandware.store/Sites-continente-Site/default/Cart-AddProduct">
            <div class="d-none tile-delete-confirmation-btn" data-pid="3688028" data-delay-time="3000" data-in-cart-msg="no carrinho" data-one-product-added="Adicionado ao carrinho" data-remove-from-cart-msg="Removido do carrinho" data-stay-open="6000.0" data-confirmation-image="{&quot;url&quot;:&quot;https://www.continente.pt/dw/image/v2/BDVS_PRD/on/demandware.static/-/Sites-col-master-catalog/default/dw77fd815e/images/col/368/3688028-frente.jpg?sw=87&amp;sh=80&quot;,&quot;fallbackimage&quot;:{&quot;url&quot;:&quot;https://www.continente.pt/dw/image/v2/BDVS_PRD/on/demandware.static/Sites-continente-Site/-/default/dw7c42b4da/images/noimagelarge_product.png?sw=87&amp;sh=80&quot;,&quot;title&quot;:&quot;Pão Integral Serra da Estrela Fatiado&quot;,&quot;alt&quot;:&quot;Pão Integral Serra da Estrela Fatiado&quot;},&quot;title&quot;:&quot;Pão Integral Serra da Estrela Fatiado&quot;,&quot;alt&quot;:&quot;Pão Integral Serra da Estrela Fatiado&quot;}"></div>
            <div class="ct-tile-quantity-update quantity-update product-qty-vue" data-remove-action="https://www.continente.pt/on/demandware.store/Sites-continente-Site/default/Cart-RemoveProductLineItem" data-action="https://www.continente.pt/on/demandware.store/Sites-continente-Site/default/Cart-UpdateQuantity" data-dimension-update="https://www.continente.pt/on/demandware.store/Sites-continente-Site/default/Cart-DimensionUpdate" data-pid="3688028" data-uuid="8959e1ffc573dc01a2b68a8cc4" data-add-delay="500.0" data-measure-options="{&quot;hasConversionRate&quot;:false,&quot;hasAlternativeSaleUnit&quot;:false,&quot;unitConversionRate&quot;:0,&quot;minOrderQuantity&quot;:1,&quot;stepQuantity&quot;:1,&quot;primaryunit&quot;:&quot;un&quot;,&quot;secondaryunit&quot;:&quot;kg&quot;,&quot;selectedunit&quot;:&quot;primary&quot;,&quot;maxNumberOfUnitsPerSale&quot;:50}" data-price-available="null" :data-has-error="isMaxQtyReached || isMinQtyReached || qtySelectedMoreThanOne">
            <template v-show="prodUnits">
            <div class="quantity-input-wrapper has-units">
            <label class="visually-hidden" :for="'quantity-' + pid + additionalTag">
            Quantidade no carrinho
            </label>
            
            <input :ref="'quantityInput-' + pid + additionalTag" class="add-to-cart-quantity form-control ct-form-input text-center" inputmode="numeric" :class="{'is-invalid': isInvalid}" :data-pid="pid + additionalTag" :name="'quantity-' + pid + additionalTag" type="text" aria-label="Insira a quantidade" title="" v-model="displayValue" @change="updateQuantity" @focus="updateQtyFormat" @blur="restoreQtyFormat" :disabled="!isPriceAvailable">
            <span class="quantity-icon quantity-icon--minus">
            <button class="decrease-quantity-btn" @click="updateQuantity" :disabled="!isPriceAvailable" role="button" aria-label="Reduzir quantidade">
            <i class="css-math-minus"></i>
            </button>
            </span>
            <span class="quantity-icon quantity-icon--plus">
            <button class="increase-quantity-btn" @click="updateQuantity" :disabled="isMaxQtyReached || !isPriceAvailable" role="button" aria-label="Aumentar quantidade">
            <i class="css-math-plus"></i>
            </button>
            <span class="quantity-btn-disabled-placeholder"></span>
            </span>
            <template v-if="isPDP">
            <span class="quantity-error ct-span-error text-sm-center product-max-allocation" v-if="isMaxQtyReached">
            Quantidade máxima atingida
            </span>
            <span class="quantity-error ct-span-product text-sm-center product-allocation" v-if="!isMinQtyReached &amp;&amp; !isMaxQtyReached">
            {{quantitySelected}} no carrinho
            </span>
            <span class="quantity-error ct-span-error text-sm-center product-min-allocation" :data-pid="pid" v-if="isMinQtyReached &amp;&amp; !isMaxQtyReached">
            Quantidade mínima atingida
            </span>
            </template>
            </div>
            <template v-if="showNotes">
            <div class="add-note-link-container ">
            <div class="add-note">
            <a href="/produto/pao-integral-serra-da-estrela-fatiado-museu-do-pao-3688028.html?showNote=true" class="ct-add-note-redirect-pdp" aria-label="Adicionar comentário">
            <span class="svg-wrapper svg-icon-notes" style="width:19px; height:20px">
            <svg class="svg-inline icon-notes" viewBox="0 0 28 30" xmlns="http://www.w3.org/2000/svg" width="100%" height="100%"><path d="M21.738 0C22.985 0 24 1.04 24 2.319V12.47c0 .469-.37.848-.828.848-.457 0-.827-.38-.827-.848V2.32c0-.343-.273-.622-.607-.622H2.262c-.334 0-.607.279-.607.622V27.68c0 .343.273.622.607.622h7.81c.457 0 .827.38.827.849 0 .468-.37.848-.827.848h-7.81C1.015 30 0 28.96 0 27.681V2.32C0 1.04 1.015 0 2.262 0h19.476zm2.844 16.004l.227.007c.823.053 1.589.39 2.176.964.64.627.993 1.46.993 2.349 0 .888-.353 1.722-.993 2.348l-6.83 6.665c-.11.108-.247.186-.397.226l-5.032 1.363c-.078.021-.16.032-.241.032-.242 0-.478-.097-.647-.266-.23-.231-.314-.566-.218-.874l1.49-4.798c.044-.139.122-.266.227-.369l6.844-6.677c.64-.625 1.493-.97 2.401-.97zm-2.886 3.94l-4.922 4.802-.947 3.048 3.22-.872 4.897-4.78-2.248-2.197zm2.887-2.174c-.425 0-.824.162-1.124.455l-.484.472 2.248 2.197.484-.472c.62-.606.62-1.591 0-2.197l-.117-.104c-.283-.227-.636-.35-1.007-.35zm-10.839.022c.498 0 .904.396.904.883 0 .488-.406.884-.904.884H5.946c-.499 0-.904-.396-.904-.884 0-.487.405-.883.904-.883zm5.042-4.876c.498 0 .904.397.904.884s-.406.884-.904.884H5.946c-.499 0-.904-.397-.904-.884s.405-.884.904-.884zm0-4.875c.498 0 .904.396.904.884 0 .487-.406.883-.904.883H5.946c-.499 0-.904-.396-.904-.883 0-.488.405-.884.904-.884z" fill="#EB0203" fill-rule="evenodd"></path></svg>
            </span>
            <div class="available-note d-none"></div>
            </a>
            </div>
            </div>
            </template>
            <div class="measurement-unit-section" v-if="isPriceAvailable &amp;&amp; prodUnits ? prodUnits.hasAlternativeUnit : false">
            <div class="ct-form-radio" @click="setDimension">
            <input type="radio" title="" class="ct-form-check-input product-measurement-unit" :data-type="prodUnits.selectedUnit == prodUnits.secondaryUnit ? 'primary' : ''" :id="prodUnits.secondaryUnit + '-' + pid + '-measurement-unit-ptile' + additionalTag" :name="'measurement-unit-' + pid + '-ptile' + additionalTag" :value="prodUnits.secondaryUnit" v-model="prodUnits.selectedUnit">
            <label :class="prodUnits.secondaryUnit + '-label ct-form-check-label mb-0'" :for="prodUnits.secondaryUnit + '-' + pid + '-measurement-unit-ptile' + additionalTag">
            {{prodUnits.secondaryUnit}}
            </label>
            <span class="checkmark"></span>
            </div>
            <div class="ct-form-radio" @click="setDimension">
            <input type="radio" title="" class="ct-form-check-input product-measurement-unit" :data-type="prodUnits.selectedUnit == prodUnits.primaryUnit ? 'primary' : ''" :id="prodUnits.primaryUnit + '-' + pid + '-measurement-unit-ptile' + additionalTag" :name="'measurement-unit-' + pid + '-ptile' + additionalTag" :value="prodUnits.primaryUnit" v-model="prodUnits.selectedUnit">
            <label :class="prodUnits.primaryUnit + '-label ct-form-check-label mb-0'" :for="prodUnits.primaryUnit + '-' + pid + '-measurement-unit-ptile' + additionalTag">
            {{prodUnits.primaryUnit}}
            </label>
            <span class="checkmark"></span>
            </div>
            </div>
            <template v-if="!isPDP &amp;&amp; isPriceAvailable">
            <span class="quantity-error ct-span-error product-max-allocation" v-if="isMaxQtyReached">
            Quantidade máxima atingida
            </span>
            <span class="quantity-error ct-span-product product-allocation" v-if="!isMinQtyReached &amp;&amp; !isMaxQtyReached">
            {{quantitySelected}} no carrinho
            </span>
            <span class="quantity-error ct-span-error product-min-allocation" :data-pid="pid" v-if="isMinQtyReached &amp;&amp; !isMaxQtyReached">
            Quantidade mínima atingida
            </span>
            </template>
            </template>
            </div>
            <input class="quantity-value-mask d-none" name="quantity" type="number" min="0" value="">
            </div>
            <button type="button" class="add-to-cart button js-add-to-cart js-add-to-cart-tile 3688028 button--primary dynamic-layout-btn" data-toggle="modal" data-target="#chooseBonusProductModal" data-pid="3688028" data-quantity-value="null" aria-label="Carrinho">
            <span class="d-block d-sm-none">
            <span class="svg-wrapper svg-icon-cart" style="width:20px; height:20px">
            <svg class="svg-inline icon-cart" xmlns="http://www.w3.org/2000/svg" viewBox="0 0 500 500" width="100%" height="100%"><path fill="#EB0203" fill-rule="evenodd" d="M 485.67317,94.386311 C 476.37798,83.847129 463.09468,78.03348 448.30404,78.03348 H 90.690813 L 87.079511,51.327997 C 83.185582,22.539551 62.962285,0 41.011841,0 H 14.727836 C 6.563151,0 0,6.5286975 0,14.580758 c 0,8.05206 6.5945535,14.580758 14.727836,14.580758 h 26.284005 c 4.710398,0 14.696435,9.855222 16.894619,26.021523 L 100.01739,368.0631 c 1.88416,13.77244 9.01256,26.70549 20.1605,36.37417 8.25889,7.15046 18.02511,11.9071 28.26237,13.89679 -4.17655,7.58572 -6.53175,16.25957 -6.53175,25.493 0,29.53459 24.27424,53.59751 54.13815,53.59751 29.8325,0 54.13814,-24.03184 54.13814,-53.59751 0,-8.79818 -2.19818,-17.09897 -5.9979,-24.43598 h 77.12488 c -3.79973,7.33701 -5.96652,15.6378 -5.96652,24.43598 0,29.53459 24.27424,53.59751 54.13817,53.59751 29.83249,0 54.13814,-24.03184 54.13814,-53.59751 0,-8.79818 -2.1982,-17.09897 -5.9979,-24.43598 h 38.56243 c 8.13328,0 14.72783,-6.5287 14.72783,-14.61183 0,-8.02098 -6.59455,-14.54967 -14.72783,-14.54967 H 159.24277 c -14.38241,0 -28.13677,-11.90711 -30.02092,-26.02153 l -3.07746,-22.88154 h 290.6314 c 14.03698,0 27.94834,-5.28513 39.06488,-14.95381 11.11652,-9.6376 18.27632,-22.57065 20.16048,-36.37417 l 21.10259,-156.78201 c 1.94694,-14.51858 -2.10398,-28.29103 -11.43057,-38.861299 z M 220.76053,443.82706 c 0,13.49265 -11.08513,24.46709 -24.68247,24.46709 -13.62874,0 -24.71387,-10.97444 -24.71387,-24.46709 0,-13.49262 11.08513,-24.43598 24.71387,-24.43598 13.59734,0 24.68247,10.94336 24.68247,24.43598 z m 173.43675,0 c 0,13.49265 -11.08512,24.46709 -24.68245,24.46709 -13.62876,0 -24.71388,-10.97444 -24.71388,-24.46709 0,-13.49262 11.08512,-24.43598 24.71388,-24.43598 13.59733,0 24.68245,10.94336 24.68245,24.43598 z m 73.7648,-314.46558 -21.13397,156.782 c -1.88416,14.11442 -15.63851,26.05261 -30.02091,26.05261 H 122.25046 L 94.616142,107.19499 H 448.33544 c 6.18632,0 11.61896,2.2695 15.23028,6.37326 3.64269,4.13484 5.21283,9.73086 4.39636,15.79323 z"></path></svg>
            </span>
            </span>
            <span class="add-to-cart--text d-none d-sm-block">Carrinho</span>
            </button>
            </div>
            </div>
            </div>
            </div>
            
            <div class="col-12 d-sm-none">
            </div>
            </div>
            </div>
            </div>
            </div>
            <div class="col-12 col-sm-3 col-lg-2 productTile" data-idx="10">
            
            <script type="text/javascript">//<!--
            /* <![CDATA[ */
            (function(){
            try {
                if(window.CQuotient) {
                var cq_params = {};
                
                cq_params.cookieId = window.CQuotient.getCQCookieId();
                cq_params.userId = window.CQuotient.getCQUserId();
                cq_params.emailId = CQuotient.getCQHashedEmail();
                cq_params.loginId = CQuotient.getCQHashedLogin();
                cq_params.accumulate = true;
                cq_params.products = [{
                    id: '5208103',
                    sku: ''
                }];
                cq_params.categoryId = 'padaria-e-pastelaria-padaria-forma';
                cq_params.refinements = '[{\"name\":\"priceMin\",\"value\":\"0.01\"},{\"name\":\"priceMax\",\"value\":\"null\"},{\"name\":\"curr\",\"value\":\"EUR\"},{\"name\":\"Category\",\"value\":\"padaria-e-pastelaria-padaria-forma\"}]';
                cq_params.personalized = 'false';
                cq_params.sortingRule = 'categories top-sellers';
                cq_params.imageUUID = '__UNDEFINED__';
                cq_params.realm = "BDVS";
                cq_params.siteId = "continente";
                cq_params.instanceType = "prd";
                cq_params.queryLocale = "default";
                cq_params.locale = window.CQuotient.locale;
                
                if(window.CQuotient.sendActivity)
                    window.CQuotient.sendActivity(CQuotient.clientId, 'viewCategory', cq_params);
                else
                    window.CQuotient.activities.push({
                        activityType: 'viewCategory',
                        parameters: cq_params
                    });
              }
            } catch(err) {}
            })();
            /* ]]> */
            // -->
            </script>
            <script type="text/javascript">//<!--
            /* <![CDATA[ (viewCategoryProduct-active_data.js) */
            (function(){
            try {
                if (dw.ac) {
                    var search_params = {};
                    search_params.persd = 'false';
                    search_params.refs = '[{\"name\":\"priceMin\",\"value\":\"0.01\"},{\"name\":\"priceMax\",\"value\":\"null\"},{\"name\":\"curr\",\"value\":\"EUR\"},{\"name\":\"Category\",\"value\":\"padaria-e-pastelaria-padaria-forma\"}]';
                    search_params.sort = 'categories top-sellers';
                    search_params.imageUUID = '';
                    search_params.searchID = '79fd584c-cee5-42dd-a07f-04e8467e04c2';
                    search_params.locale = 'default';
                    search_params.queryLocale = 'default';
                    search_params.showProducts = 'true';
                    dw.ac.applyContext({category: "padaria-e-pastelaria-padaria-forma", searchData: search_params});
                    if (typeof dw.ac._scheduleDataSubmission === "function") {
                        dw.ac._scheduleDataSubmission();
                    }
                }
            } catch(err) {}
            })();
            /* ]]> */
            // -->
            </script>
            <script type="text/javascript">//<!--
            /* <![CDATA[ (viewProduct-active_data.js) */
            dw.ac._capture({id: "5208103", type: "searchhit"});
            /* ]]> */
            // -->
            </script>
            <div class="product" data-pid="5208103">
            <div class="product-tile pid-5208103 ct-product-tile data-layer-pushed" data-delay-time="3000" data-variants-mapping="[]" data-in-cart-msg="no carrinho" data-one-product-added="Adicionado ao carrinho" data-remove-from-cart-msg="Removido do carrinho" data-stay-open="6000.0" data-product-tile-impression="{&quot;name&quot;:&quot;5208103&quot;,&quot;id&quot;:&quot;5208103&quot;,&quot;price&quot;:1.99,&quot;brand&quot;:&quot;Oroweat&quot;,&quot;category&quot;:[{&quot;category_level_1&quot;:&quot;Padaria e Pastelaria&quot;},{&quot;category_level_2&quot;:&quot;Padaria&quot;},{&quot;category_level_3&quot;:&quot;Pão de Forma e Embalado&quot;}],&quot;variant&quot;:&quot;&quot;}">
            <div class="ct-inner-tile-wrap row no-gutters justify-content-center align-content-start">
            <div class="ct-product-tile-badge ct-product-tile-badge--promotional">
            <img class="img-fluid lazyloaded" loading="lazy" data-src="https://www.continente.pt/dw/image/v2/BDVS_PRD/on/demandware.static/-/Sites-continente-Library/default/dwf5980f2e/images/badges/pvpr/col/pvpr.png?sw=60&amp;sh=42" alt="PVP Recomendado: €2,49/un" title="PVP Recomendado: €2,49/un" src="https://www.continente.pt/dw/image/v2/BDVS_PRD/on/demandware.static/-/Sites-continente-Library/default/dwf5980f2e/images/badges/pvpr/col/pvpr.png?sw=60&amp;sh=42">
            <div class="ct-product-tile-badge-value-wrapper ct-product-tile-badge-value-wrapper--pvpr  ">
            <span class="ct-product-tile-badge-value--pvpr">
            20
            </span>
            <span class="ct-product-tile-badge-value--pvpr-quantifier ">
            %
            </span>
            </div>
            </div>
            
            <div class="ct-image-container col-4 col-sm" data-confirmation-image="{&quot;url&quot;:&quot;https://www.continente.pt/dw/image/v2/BDVS_PRD/on/demandware.static/-/Sites-col-master-catalog/default/dw44b95f05/images/col/520/5208103-frente.jpg?sw=87&amp;sh=80&quot;,&quot;fallbackimage&quot;:{&quot;url&quot;:&quot;https://www.continente.pt/dw/image/v2/BDVS_PRD/on/demandware.static/Sites-continente-Site/-/default/dw7c42b4da/images/noimagelarge_product.png?sw=87&amp;sh=80&quot;,&quot;title&quot;:&quot;Pão 12 Cereais e Sementes&quot;,&quot;alt&quot;:&quot;Pão 12 Cereais e Sementes&quot;},&quot;title&quot;:&quot;Pão 12 Cereais e Sementes&quot;,&quot;alt&quot;:&quot;Pão 12 Cereais e Sementes&quot;}">
            <a href="https://www.continente.pt/produto/pao-12-cereais-e-sementes-oroweat-5208103.html?cgid=padaria-e-pastelaria-padaria-forma">
            <picture class="intrinsic intrinsic--square">
            <img class="ct-tile-image lazyloaded" loading="lazy" onerror="this.onerror=null;this.src='/on/demandware.static/Sites-continente-Site/-/default/dw7c42b4da/images/noimagelarge_product.png';" data-src="https://www.continente.pt/dw/image/v2/BDVS_PRD/on/demandware.static/-/Sites-col-master-catalog/default/dw44b95f05/images/col/520/5208103-frente.jpg?sw=280&amp;sh=280" alt="Pão 12 Cereais e Sementes" title="Pão 12 Cereais e Sementes" src="https://www.continente.pt/dw/image/v2/BDVS_PRD/on/demandware.static/-/Sites-col-master-catalog/default/dw44b95f05/images/col/520/5208103-frente.jpg?sw=280&amp;sh=280">
            </picture>
            </a>
            <div class="color-swatches d-flex" style="margin-left: 5px;">
            <div class="swatches d-flex">
            </div>
            </div>
            </div>
            <div class="ct-tile-body col col-sm-auto ">
            <div class="ct-pdp-details">
            <div class="ct-pdp-link">
            <a class="ct-tile--description" href="https://www.continente.pt/produto/pao-12-cereais-e-sementes-oroweat-5208103.html?cgid=padaria-e-pastelaria-padaria-forma">Pão 12 Cereais e Sementes</a>
            <div class="ct-tile--favorite-top d-sm-none">
            <button class="wishlist-toggler guest-mode inactive button button--tertiary" data-pid="5208103" data-add-url="https://www.continente.pt/on/demandware.store/Sites-continente-Site/default/Wishlist-AddProduct?pid=5208103" data-toggle="tooltip" aria-label="Adicionar aos favoritos " data-original-title="Adicionar aos favoritos" data-placement="top">
            <svg class="active-content" width="100%" height="100%" viewBox="0 0 20 22" fill="none" xmlns="http://www.w3.org/2000/svg">
            <path fill-rule="evenodd" clip-rule="evenodd" d="M0 1.53052C0 0.685236 0.692171 0 1.54601 0H15.0736C15.9274 0 16.6196 0.685235 16.6196 1.53052V13.4064L15.8127 13.922L14.2658 14.2658L12.7189 13.4064L10.6054 14.3818C10.4994 14.2451 10.3327 14.157 10.1452 14.157H6.76329C6.4431 14.157 6.18354 14.414 6.18354 14.731C6.18354 15.0479 6.4431 15.3049 6.76329 15.3049H10.1452C10.2478 15.3049 10.3441 15.2785 10.4277 15.2322L10.3126 16.8439L13.2345 20.2793H1.54601C0.69217 20.2793 0 19.5941 0 18.7488V1.53052ZM6.18354 5.5483C6.18354 5.23132 6.4431 4.97436 6.76329 4.97436H12.3676C12.6878 4.97436 12.9473 5.23132 12.9473 5.5483C12.9473 5.86528 12.6878 6.12224 12.3676 6.12224H6.76329C6.4431 6.12224 6.18354 5.86528 6.18354 5.5483ZM6.76329 11.0961C6.4431 11.0961 6.18354 11.3531 6.18354 11.6701C6.18354 11.987 6.4431 12.244 6.76329 12.244H12.3676C12.6878 12.244 12.9473 11.987 12.9473 11.6701C12.9473 11.3531 12.6878 11.0961 12.3676 11.0961H6.76329ZM6.18354 8.60985C6.18354 8.29287 6.4431 8.03591 6.76329 8.03591H12.3676C12.6878 8.03591 12.9473 8.29287 12.9473 8.60985C12.9473 8.92684 12.6878 9.1838 12.3676 9.1838H6.76329C6.4431 9.1838 6.18354 8.92684 6.18354 8.60985ZM3.67118 5.5483C3.67118 5.23132 3.93075 4.97436 4.25093 4.97436H4.63743C4.95762 4.97436 5.21719 5.23132 5.21719 5.5483C5.21719 5.86528 4.95762 6.12224 4.63743 6.12224H4.25093C3.93075 6.12224 3.67118 5.86528 3.67118 5.5483ZM4.25093 11.0961C3.93075 11.0961 3.67118 11.3531 3.67118 11.6701C3.67118 11.987 3.93075 12.244 4.25093 12.244H4.63743C4.95762 12.244 5.21719 11.987 5.21719 11.6701C5.21719 11.3531 4.95762 11.0961 4.63743 11.0961H4.25093ZM3.67118 8.60985C3.67118 8.29287 3.93075 8.03591 4.25093 8.03591H4.63743C4.95762 8.03591 5.21719 8.29287 5.21719 8.60985C5.21719 8.92684 4.95762 9.1838 4.63743 9.1838H4.25093C3.93075 9.1838 3.67118 8.92684 3.67118 8.60985ZM4.25093 14.157C3.93075 14.157 3.67118 14.414 3.67118 14.731C3.67118 15.0479 3.93075 15.3049 4.25093 15.3049H4.63743C4.95762 15.3049 5.21719 15.0479 5.21719 14.731C5.21719 14.414 4.95762 14.157 4.63743 14.157H4.25093Z" fill="#EB0203"></path>
            <path fill-rule="evenodd" clip-rule="evenodd" d="M14.6252 13.6363C13.4918 12.6215 11.7817 12.5264 10.6569 13.4792C9.12421 14.7764 9.34841 16.8912 10.4409 18.0122L14.0159 21.6742C14.2197 21.8832 14.4928 22 14.7822 22C15.0737 22 15.3448 21.8852 15.5486 21.6762L19.1236 18.0142C20.214 16.8933 20.4423 14.7785 18.9075 13.4792C17.7827 12.5283 16.0724 12.6217 14.9391 13.6365C14.8855 13.6845 14.8331 13.7345 14.7822 13.7866C14.7313 13.7345 14.6789 13.6843 14.6252 13.6363ZM18.1546 14.3522C19.0973 15.1508 18.9962 16.4896 18.2891 17.2173C18.2888 17.2175 18.2886 17.2177 18.2884 17.218L14.7832 20.8084L11.2753 17.2151C11.2752 17.215 11.2751 17.2149 11.2749 17.2148C10.5677 16.4887 10.4678 15.1495 11.4104 14.3518L11.4108 14.3514C12.0745 13.7892 13.2018 13.82 13.9488 14.5846L14.7822 15.4378L15.6157 14.5846C16.3617 13.8211 17.4896 13.79 18.1545 14.3521" fill="#EB0203"></path>
            </svg>
            <svg class="inactive-content" width="100%" height="100%" viewBox="0 0 20 23" fill="none" xmlns="http://www.w3.org/2000/svg">
            <path fill-rule="evenodd" clip-rule="evenodd" d="M6.18408 5.77914C6.18408 5.46223 6.44363 5.20532 6.7638 5.20532H12.3678C12.6879 5.20532 12.9475 5.46223 12.9475 5.77914C12.9475 6.09606 12.6879 6.35297 12.3678 6.35297H6.7638C6.44363 6.35297 6.18408 6.09606 6.18408 5.77914Z" fill="#EB0203"></path>
            <path fill-rule="evenodd" clip-rule="evenodd" d="M6.18408 11.9034C6.18408 11.5865 6.44363 11.3296 6.7638 11.3296H12.3678C12.6879 11.3296 12.9475 11.5865 12.9475 11.9034C12.9475 12.2202 12.6879 12.4771 12.3678 12.4771H6.7638C6.44363 12.4771 6.18408 12.2202 6.18408 11.9034Z" fill="#EB0203"></path>
            <path fill-rule="evenodd" clip-rule="evenodd" d="M6.18408 8.84116C6.18408 8.52424 6.44363 8.26733 6.7638 8.26733H12.3678C12.6879 8.26733 12.9475 8.52424 12.9475 8.84116C12.9475 9.15807 12.6879 9.41498 12.3678 9.41498H6.7638C6.44363 9.41498 6.18408 9.15807 6.18408 8.84116Z" fill="#EB0203"></path>
            <path fill-rule="evenodd" clip-rule="evenodd" d="M6.18408 14.9655C6.18408 14.6486 6.44363 14.3917 6.7638 14.3917H10.1455C10.4657 14.3917 10.7252 14.6486 10.7252 14.9655C10.7252 15.2825 10.4657 15.5394 10.1455 15.5394H6.7638C6.44363 15.5394 6.18408 15.2825 6.18408 14.9655Z" fill="#EB0203"></path>
            <path fill-rule="evenodd" clip-rule="evenodd" d="M3.67139 5.77914C3.67139 5.46223 3.93094 5.20532 4.25111 5.20532H4.63759C4.95776 5.20532 5.21731 5.46223 5.21731 5.77914C5.21731 6.09606 4.95776 6.35297 4.63759 6.35297H4.25111C3.93094 6.35297 3.67139 6.09606 3.67139 5.77914Z" fill="#EB0203"></path>
            <path fill-rule="evenodd" clip-rule="evenodd" d="M3.67139 11.9034C3.67139 11.5865 3.93094 11.3296 4.25111 11.3296H4.63759C4.95776 11.3296 5.21731 11.5865 5.21731 11.9034C5.21731 12.2202 4.95776 12.4771 4.63759 12.4771H4.25111C3.93094 12.4771 3.67139 12.2202 3.67139 11.9034Z" fill="#EB0203"></path>
            <path fill-rule="evenodd" clip-rule="evenodd" d="M3.67139 8.84116C3.67139 8.52424 3.93094 8.26733 4.25111 8.26733H4.63759C4.95776 8.26733 5.21731 8.52424 5.21731 8.84116C5.21731 9.15807 4.95776 9.41498 4.63759 9.41498H4.25111C3.93094 9.41498 3.67139 9.15807 3.67139 8.84116Z" fill="#EB0203"></path>
            <path fill-rule="evenodd" clip-rule="evenodd" d="M3.67139 14.9655C3.67139 14.6486 3.93094 14.3917 4.25111 14.3917H4.63759C4.95776 14.3917 5.21731 14.6486 5.21731 14.9655C5.21731 15.2825 4.95776 15.5394 4.63759 15.5394H4.25111C3.93094 15.5394 3.67139 15.2825 3.67139 14.9655Z" fill="#EB0203"></path>
            <path fill-rule="evenodd" clip-rule="evenodd" d="M0 1.76033C0 0.914738 0.692131 0.229248 1.54592 0.229248H15.0727C15.9265 0.229248 16.6186 0.914738 16.6186 1.76033V11.2818C16.6186 11.5989 16.3591 11.8559 16.0389 11.8559C15.7187 11.8559 15.4592 11.5989 15.4592 11.2818V1.76033C15.4592 1.54893 15.2862 1.37756 15.0727 1.37756H1.54592C1.33247 1.37756 1.15944 1.54893 1.15944 1.76033V18.985C1.15944 19.1964 1.33247 19.3678 1.54592 19.3678H9.27551C9.59568 19.3678 9.85523 19.6249 9.85523 19.942C9.85523 20.2591 9.59568 20.5161 9.27551 20.5161H1.54592C0.692131 20.5161 0 19.8306 0 18.985V1.76033Z" fill="#EB0203"></path>
            <path fill-rule="evenodd" clip-rule="evenodd" d="M14.6254 13.8718C13.4921 12.8567 11.7821 12.7615 10.6574 13.7147C9.12472 15.0124 9.34891 17.128 10.4413 18.2493L14.0161 21.9126C14.2199 22.1217 14.493 22.2386 14.7824 22.2386C15.0739 22.2386 15.3449 22.1238 15.5487 21.9147L19.1235 18.2514C20.2139 17.13 20.4422 15.0144 18.9075 13.7147C17.7827 12.7634 16.0726 12.8569 14.9392 13.872C14.8856 13.92 14.8333 13.9701 14.7824 14.0222C14.7314 13.97 14.6791 13.9199 14.6254 13.8718ZM18.1546 14.588C19.0972 15.3869 18.9961 16.7262 18.2891 17.4541C18.2888 17.4543 18.2886 17.4546 18.2884 17.4548L14.7834 21.0466L11.2757 17.452C11.2756 17.4519 11.2755 17.4517 11.2753 17.4516C10.5681 16.7252 10.4682 15.3856 11.4108 14.5876L11.4112 14.5872C12.0748 14.0248 13.202 14.0556 13.949 14.8205L14.7824 15.674L15.6158 14.8205C16.3618 14.0567 17.4896 14.0256 18.1545 14.5879" fill="#EB0203"></path>
            </svg>
            </button>
            </div>
            </div>
            <p class="ct-tile--brand">Oroweat</p>
            <p class="ct-tile--quantity">emb. 680 gr</p>
            </div>
            <div class="ct-tile-bottom row no-gutters justify-content-between">
            <div class="ct-price-wrap col-8 col-sm-12">
            <div class="price js-product-price">
            <div class="prices-wrapper">
            <span class="sales ct-tile--price-primary ">
            <span class="value" content="1.99">
            <span class="ct-price-formatted">
            €1,99
            </span>
            <span class="ct-m-unit">
            /un
            </span>
            </span>
            </span>
            </div>
            <div class="ct-tile--price-secondary">
            <span class="ct-price-value">
            €2,93
            </span>
            <span class="ct-m-unit">
            /kg
            </span>
            </div>
            <p class="ct-discount-amount ct-discount-amount-pvpr">PVP Recomendado: €2,49/un</p>
            </div>
            </div>
            <div class="ct-tile-buy-section d-flex justify-content-center no-gutters col-auto col-sm-12">
            <div class="col-2 d-sm-flex d-none">
            <button class="wishlist-toggler guest-mode inactive button button--tertiary" data-pid="5208103" data-add-url="https://www.continente.pt/on/demandware.store/Sites-continente-Site/default/Wishlist-AddProduct?pid=5208103" data-toggle="tooltip" aria-label="Adicionar aos favoritos " data-original-title="Adicionar aos favoritos" data-placement="top">
            <svg class="active-content" width="100%" height="100%" viewBox="0 0 20 22" fill="none" xmlns="http://www.w3.org/2000/svg">
            <path fill-rule="evenodd" clip-rule="evenodd" d="M0 1.53052C0 0.685236 0.692171 0 1.54601 0H15.0736C15.9274 0 16.6196 0.685235 16.6196 1.53052V13.4064L15.8127 13.922L14.2658 14.2658L12.7189 13.4064L10.6054 14.3818C10.4994 14.2451 10.3327 14.157 10.1452 14.157H6.76329C6.4431 14.157 6.18354 14.414 6.18354 14.731C6.18354 15.0479 6.4431 15.3049 6.76329 15.3049H10.1452C10.2478 15.3049 10.3441 15.2785 10.4277 15.2322L10.3126 16.8439L13.2345 20.2793H1.54601C0.69217 20.2793 0 19.5941 0 18.7488V1.53052ZM6.18354 5.5483C6.18354 5.23132 6.4431 4.97436 6.76329 4.97436H12.3676C12.6878 4.97436 12.9473 5.23132 12.9473 5.5483C12.9473 5.86528 12.6878 6.12224 12.3676 6.12224H6.76329C6.4431 6.12224 6.18354 5.86528 6.18354 5.5483ZM6.76329 11.0961C6.4431 11.0961 6.18354 11.3531 6.18354 11.6701C6.18354 11.987 6.4431 12.244 6.76329 12.244H12.3676C12.6878 12.244 12.9473 11.987 12.9473 11.6701C12.9473 11.3531 12.6878 11.0961 12.3676 11.0961H6.76329ZM6.18354 8.60985C6.18354 8.29287 6.4431 8.03591 6.76329 8.03591H12.3676C12.6878 8.03591 12.9473 8.29287 12.9473 8.60985C12.9473 8.92684 12.6878 9.1838 12.3676 9.1838H6.76329C6.4431 9.1838 6.18354 8.92684 6.18354 8.60985ZM3.67118 5.5483C3.67118 5.23132 3.93075 4.97436 4.25093 4.97436H4.63743C4.95762 4.97436 5.21719 5.23132 5.21719 5.5483C5.21719 5.86528 4.95762 6.12224 4.63743 6.12224H4.25093C3.93075 6.12224 3.67118 5.86528 3.67118 5.5483ZM4.25093 11.0961C3.93075 11.0961 3.67118 11.3531 3.67118 11.6701C3.67118 11.987 3.93075 12.244 4.25093 12.244H4.63743C4.95762 12.244 5.21719 11.987 5.21719 11.6701C5.21719 11.3531 4.95762 11.0961 4.63743 11.0961H4.25093ZM3.67118 8.60985C3.67118 8.29287 3.93075 8.03591 4.25093 8.03591H4.63743C4.95762 8.03591 5.21719 8.29287 5.21719 8.60985C5.21719 8.92684 4.95762 9.1838 4.63743 9.1838H4.25093C3.93075 9.1838 3.67118 8.92684 3.67118 8.60985ZM4.25093 14.157C3.93075 14.157 3.67118 14.414 3.67118 14.731C3.67118 15.0479 3.93075 15.3049 4.25093 15.3049H4.63743C4.95762 15.3049 5.21719 15.0479 5.21719 14.731C5.21719 14.414 4.95762 14.157 4.63743 14.157H4.25093Z" fill="#EB0203"></path>
            <path fill-rule="evenodd" clip-rule="evenodd" d="M14.6252 13.6363C13.4918 12.6215 11.7817 12.5264 10.6569 13.4792C9.12421 14.7764 9.34841 16.8912 10.4409 18.0122L14.0159 21.6742C14.2197 21.8832 14.4928 22 14.7822 22C15.0737 22 15.3448 21.8852 15.5486 21.6762L19.1236 18.0142C20.214 16.8933 20.4423 14.7785 18.9075 13.4792C17.7827 12.5283 16.0724 12.6217 14.9391 13.6365C14.8855 13.6845 14.8331 13.7345 14.7822 13.7866C14.7313 13.7345 14.6789 13.6843 14.6252 13.6363ZM18.1546 14.3522C19.0973 15.1508 18.9962 16.4896 18.2891 17.2173C18.2888 17.2175 18.2886 17.2177 18.2884 17.218L14.7832 20.8084L11.2753 17.2151C11.2752 17.215 11.2751 17.2149 11.2749 17.2148C10.5677 16.4887 10.4678 15.1495 11.4104 14.3518L11.4108 14.3514C12.0745 13.7892 13.2018 13.82 13.9488 14.5846L14.7822 15.4378L15.6157 14.5846C16.3617 13.8211 17.4896 13.79 18.1545 14.3521" fill="#EB0203"></path>
            </svg>
            <svg class="inactive-content" width="100%" height="100%" viewBox="0 0 20 23" fill="none" xmlns="http://www.w3.org/2000/svg">
            <path fill-rule="evenodd" clip-rule="evenodd" d="M6.18408 5.77914C6.18408 5.46223 6.44363 5.20532 6.7638 5.20532H12.3678C12.6879 5.20532 12.9475 5.46223 12.9475 5.77914C12.9475 6.09606 12.6879 6.35297 12.3678 6.35297H6.7638C6.44363 6.35297 6.18408 6.09606 6.18408 5.77914Z" fill="#EB0203"></path>
            <path fill-rule="evenodd" clip-rule="evenodd" d="M6.18408 11.9034C6.18408 11.5865 6.44363 11.3296 6.7638 11.3296H12.3678C12.6879 11.3296 12.9475 11.5865 12.9475 11.9034C12.9475 12.2202 12.6879 12.4771 12.3678 12.4771H6.7638C6.44363 12.4771 6.18408 12.2202 6.18408 11.9034Z" fill="#EB0203"></path>
            <path fill-rule="evenodd" clip-rule="evenodd" d="M6.18408 8.84116C6.18408 8.52424 6.44363 8.26733 6.7638 8.26733H12.3678C12.6879 8.26733 12.9475 8.52424 12.9475 8.84116C12.9475 9.15807 12.6879 9.41498 12.3678 9.41498H6.7638C6.44363 9.41498 6.18408 9.15807 6.18408 8.84116Z" fill="#EB0203"></path>
            <path fill-rule="evenodd" clip-rule="evenodd" d="M6.18408 14.9655C6.18408 14.6486 6.44363 14.3917 6.7638 14.3917H10.1455C10.4657 14.3917 10.7252 14.6486 10.7252 14.9655C10.7252 15.2825 10.4657 15.5394 10.1455 15.5394H6.7638C6.44363 15.5394 6.18408 15.2825 6.18408 14.9655Z" fill="#EB0203"></path>
            <path fill-rule="evenodd" clip-rule="evenodd" d="M3.67139 5.77914C3.67139 5.46223 3.93094 5.20532 4.25111 5.20532H4.63759C4.95776 5.20532 5.21731 5.46223 5.21731 5.77914C5.21731 6.09606 4.95776 6.35297 4.63759 6.35297H4.25111C3.93094 6.35297 3.67139 6.09606 3.67139 5.77914Z" fill="#EB0203"></path>
            <path fill-rule="evenodd" clip-rule="evenodd" d="M3.67139 11.9034C3.67139 11.5865 3.93094 11.3296 4.25111 11.3296H4.63759C4.95776 11.3296 5.21731 11.5865 5.21731 11.9034C5.21731 12.2202 4.95776 12.4771 4.63759 12.4771H4.25111C3.93094 12.4771 3.67139 12.2202 3.67139 11.9034Z" fill="#EB0203"></path>
            <path fill-rule="evenodd" clip-rule="evenodd" d="M3.67139 8.84116C3.67139 8.52424 3.93094 8.26733 4.25111 8.26733H4.63759C4.95776 8.26733 5.21731 8.52424 5.21731 8.84116C5.21731 9.15807 4.95776 9.41498 4.63759 9.41498H4.25111C3.93094 9.41498 3.67139 9.15807 3.67139 8.84116Z" fill="#EB0203"></path>
            <path fill-rule="evenodd" clip-rule="evenodd" d="M3.67139 14.9655C3.67139 14.6486 3.93094 14.3917 4.25111 14.3917H4.63759C4.95776 14.3917 5.21731 14.6486 5.21731 14.9655C5.21731 15.2825 4.95776 15.5394 4.63759 15.5394H4.25111C3.93094 15.5394 3.67139 15.2825 3.67139 14.9655Z" fill="#EB0203"></path>
            <path fill-rule="evenodd" clip-rule="evenodd" d="M0 1.76033C0 0.914738 0.692131 0.229248 1.54592 0.229248H15.0727C15.9265 0.229248 16.6186 0.914738 16.6186 1.76033V11.2818C16.6186 11.5989 16.3591 11.8559 16.0389 11.8559C15.7187 11.8559 15.4592 11.5989 15.4592 11.2818V1.76033C15.4592 1.54893 15.2862 1.37756 15.0727 1.37756H1.54592C1.33247 1.37756 1.15944 1.54893 1.15944 1.76033V18.985C1.15944 19.1964 1.33247 19.3678 1.54592 19.3678H9.27551C9.59568 19.3678 9.85523 19.6249 9.85523 19.942C9.85523 20.2591 9.59568 20.5161 9.27551 20.5161H1.54592C0.692131 20.5161 0 19.8306 0 18.985V1.76033Z" fill="#EB0203"></path>
            <path fill-rule="evenodd" clip-rule="evenodd" d="M14.6254 13.8718C13.4921 12.8567 11.7821 12.7615 10.6574 13.7147C9.12472 15.0124 9.34891 17.128 10.4413 18.2493L14.0161 21.9126C14.2199 22.1217 14.493 22.2386 14.7824 22.2386C15.0739 22.2386 15.3449 22.1238 15.5487 21.9147L19.1235 18.2514C20.2139 17.13 20.4422 15.0144 18.9075 13.7147C17.7827 12.7634 16.0726 12.8569 14.9392 13.872C14.8856 13.92 14.8333 13.9701 14.7824 14.0222C14.7314 13.97 14.6791 13.9199 14.6254 13.8718ZM18.1546 14.588C19.0972 15.3869 18.9961 16.7262 18.2891 17.4541C18.2888 17.4543 18.2886 17.4546 18.2884 17.4548L14.7834 21.0466L11.2757 17.452C11.2756 17.4519 11.2755 17.4517 11.2753 17.4516C10.5681 16.7252 10.4682 15.3856 11.4108 14.5876L11.4112 14.5872C12.0748 14.0248 13.202 14.0556 13.949 14.8205L14.7824 15.674L15.6158 14.8205C16.3618 14.0567 17.4896 14.0256 18.1545 14.5879" fill="#EB0203"></path>
            </svg>
            </button>
            </div>
            <div class="col-sm-10 col-12">
            <div class="ct-tile-quantity d-none" data-pid="5208103">
            <input type="hidden" class="add-to-cart-url" value="https://www.continente.pt/on/demandware.store/Sites-continente-Site/default/Cart-AddProduct">
            <div class="d-none tile-delete-confirmation-btn" data-pid="5208103" data-delay-time="3000" data-in-cart-msg="no carrinho" data-one-product-added="Adicionado ao carrinho" data-remove-from-cart-msg="Removido do carrinho" data-stay-open="6000.0" data-confirmation-image="{&quot;url&quot;:&quot;https://www.continente.pt/dw/image/v2/BDVS_PRD/on/demandware.static/-/Sites-col-master-catalog/default/dw44b95f05/images/col/520/5208103-frente.jpg?sw=87&amp;sh=80&quot;,&quot;fallbackimage&quot;:{&quot;url&quot;:&quot;https://www.continente.pt/dw/image/v2/BDVS_PRD/on/demandware.static/Sites-continente-Site/-/default/dw7c42b4da/images/noimagelarge_product.png?sw=87&amp;sh=80&quot;,&quot;title&quot;:&quot;Pão 12 Cereais e Sementes&quot;,&quot;alt&quot;:&quot;Pão 12 Cereais e Sementes&quot;},&quot;title&quot;:&quot;Pão 12 Cereais e Sementes&quot;,&quot;alt&quot;:&quot;Pão 12 Cereais e Sementes&quot;}"></div>
            <div class="ct-tile-quantity-update quantity-update product-qty-vue" data-remove-action="https://www.continente.pt/on/demandware.store/Sites-continente-Site/default/Cart-RemoveProductLineItem" data-action="https://www.continente.pt/on/demandware.store/Sites-continente-Site/default/Cart-UpdateQuantity" data-dimension-update="https://www.continente.pt/on/demandware.store/Sites-continente-Site/default/Cart-DimensionUpdate" data-pid="5208103" data-uuid="c69344c9a6c43e07d40003bc05" data-add-delay="500.0" data-measure-options="{&quot;hasConversionRate&quot;:false,&quot;hasAlternativeSaleUnit&quot;:false,&quot;unitConversionRate&quot;:0,&quot;minOrderQuantity&quot;:1,&quot;stepQuantity&quot;:1,&quot;primaryunit&quot;:&quot;un&quot;,&quot;secondaryunit&quot;:&quot;kg&quot;,&quot;selectedunit&quot;:&quot;primary&quot;,&quot;maxNumberOfUnitsPerSale&quot;:50}" data-price-available="null" :data-has-error="isMaxQtyReached || isMinQtyReached || qtySelectedMoreThanOne">
            <template v-show="prodUnits">
            <div class="quantity-input-wrapper has-units">
            <label class="visually-hidden" :for="'quantity-' + pid + additionalTag">
            Quantidade no carrinho
            </label>
            <input :ref="'quantityInput-' + pid + additionalTag" class="add-to-cart-quantity form-control ct-form-input text-center" inputmode="numeric" :class="{'is-invalid': isInvalid}" :data-pid="pid + additionalTag" :name="'quantity-' + pid + additionalTag" type="text" aria-label="Insira a quantidade" title="" v-model="displayValue" @change="updateQuantity" @focus="updateQtyFormat" @blur="restoreQtyFormat" :disabled="!isPriceAvailable">
            <span class="quantity-icon quantity-icon--minus">
            <button class="decrease-quantity-btn" @click="updateQuantity" :disabled="!isPriceAvailable" role="button" aria-label="Reduzir quantidade">
            <i class="css-math-minus"></i>
            </button>
            </span>
            <span class="quantity-icon quantity-icon--plus">
            <button class="increase-quantity-btn" @click="updateQuantity" :disabled="isMaxQtyReached || !isPriceAvailable" role="button" aria-label="Aumentar quantidade">
            <i class="css-math-plus"></i>
            </button>
            <span class="quantity-btn-disabled-placeholder"></span>
            </span>
            <template v-if="isPDP">
            <span class="quantity-error ct-span-error text-sm-center product-max-allocation" v-if="isMaxQtyReached">
            Quantidade máxima atingida
            </span>
            <span class="quantity-error ct-span-product text-sm-center product-allocation" v-if="!isMinQtyReached &amp;&amp; !isMaxQtyReached">
            {{quantitySelected}} no carrinho
            </span>
            <span class="quantity-error ct-span-error text-sm-center product-min-allocation" :data-pid="pid" v-if="isMinQtyReached &amp;&amp; !isMaxQtyReached">
            Quantidade mínima atingida
            </span>
            </template>
            </div>
            <template v-if="showNotes">
            <div class="add-note-link-container ">
            <div class="add-note">
            <a href="/produto/pao-12-cereais-e-sementes-oroweat-5208103.html?showNote=true" class="ct-add-note-redirect-pdp" aria-label="Adicionar comentário">
            <span class="svg-wrapper svg-icon-notes" style="width:19px; height:20px">
            <svg class="svg-inline icon-notes" viewBox="0 0 28 30" xmlns="http://www.w3.org/2000/svg" width="100%" height="100%"><path d="M21.738 0C22.985 0 24 1.04 24 2.319V12.47c0 .469-.37.848-.828.848-.457 0-.827-.38-.827-.848V2.32c0-.343-.273-.622-.607-.622H2.262c-.334 0-.607.279-.607.622V27.68c0 .343.273.622.607.622h7.81c.457 0 .827.38.827.849 0 .468-.37.848-.827.848h-7.81C1.015 30 0 28.96 0 27.681V2.32C0 1.04 1.015 0 2.262 0h19.476zm2.844 16.004l.227.007c.823.053 1.589.39 2.176.964.64.627.993 1.46.993 2.349 0 .888-.353 1.722-.993 2.348l-6.83 6.665c-.11.108-.247.186-.397.226l-5.032 1.363c-.078.021-.16.032-.241.032-.242 0-.478-.097-.647-.266-.23-.231-.314-.566-.218-.874l1.49-4.798c.044-.139.122-.266.227-.369l6.844-6.677c.64-.625 1.493-.97 2.401-.97zm-2.886 3.94l-4.922 4.802-.947 3.048 3.22-.872 4.897-4.78-2.248-2.197zm2.887-2.174c-.425 0-.824.162-1.124.455l-.484.472 2.248 2.197.484-.472c.62-.606.62-1.591 0-2.197l-.117-.104c-.283-.227-.636-.35-1.007-.35zm-10.839.022c.498 0 .904.396.904.883 0 .488-.406.884-.904.884H5.946c-.499 0-.904-.396-.904-.884 0-.487.405-.883.904-.883zm5.042-4.876c.498 0 .904.397.904.884s-.406.884-.904.884H5.946c-.499 0-.904-.397-.904-.884s.405-.884.904-.884zm0-4.875c.498 0 .904.396.904.884 0 .487-.406.883-.904.883H5.946c-.499 0-.904-.396-.904-.883 0-.488.405-.884.904-.884z" fill="#EB0203" fill-rule="evenodd"></path></svg>
            </span>
            <div class="available-note d-none"></div>
            </a>
            </div>
            </div>
            </template>
            <div class="measurement-unit-section" v-if="isPriceAvailable &amp;&amp; prodUnits ? prodUnits.hasAlternativeUnit : false">
            <div class="ct-form-radio" @click="setDimension">
            <input type="radio" title="" class="ct-form-check-input product-measurement-unit" :data-type="prodUnits.selectedUnit == prodUnits.secondaryUnit ? 'primary' : ''" :id="prodUnits.secondaryUnit + '-' + pid + '-measurement-unit-ptile' + additionalTag" :name="'measurement-unit-' + pid + '-ptile' + additionalTag" :value="prodUnits.secondaryUnit" v-model="prodUnits.selectedUnit">
            <label :class="prodUnits.secondaryUnit + '-label ct-form-check-label mb-0'" :for="prodUnits.secondaryUnit + '-' + pid + '-measurement-unit-ptile' + additionalTag">
            {{prodUnits.secondaryUnit}}
            </label>
            <span class="checkmark"></span>
            </div>
            <div class="ct-form-radio" @click="setDimension">
            <input type="radio" title="" class="ct-form-check-input product-measurement-unit" :data-type="prodUnits.selectedUnit == prodUnits.primaryUnit ? 'primary' : ''" :id="prodUnits.primaryUnit + '-' + pid + '-measurement-unit-ptile' + additionalTag" :name="'measurement-unit-' + pid + '-ptile' + additionalTag" :value="prodUnits.primaryUnit" v-model="prodUnits.selectedUnit">
            <label :class="prodUnits.primaryUnit + '-label ct-form-check-label mb-0'" :for="prodUnits.primaryUnit + '-' + pid + '-measurement-unit-ptile' + additionalTag">
            {{prodUnits.primaryUnit}}
            </label>
            <span class="checkmark"></span>
            </div>
            </div>
            <template v-if="!isPDP &amp;&amp; isPriceAvailable">
            <span class="quantity-error ct-span-error product-max-allocation" v-if="isMaxQtyReached">
            Quantidade máxima atingida
            </span>
            <span class="quantity-error ct-span-product product-allocation" v-if="!isMinQtyReached &amp;&amp; !isMaxQtyReached">
            {{quantitySelected}} no carrinho
            </span>
            <span class="quantity-error ct-span-error product-min-allocation" :data-pid="pid" v-if="isMinQtyReached &amp;&amp; !isMaxQtyReached">
            Quantidade mínima atingida
            </span>
            </template>
            </template>
            </div>
            <input class="quantity-value-mask d-none" name="quantity" type="number" min="0" value="">
            </div>
            <button type="button" class="add-to-cart button js-add-to-cart js-add-to-cart-tile 5208103 button--primary dynamic-layout-btn" data-toggle="modal" data-target="#chooseBonusProductModal" data-pid="5208103" data-quantity-value="null" aria-label="Carrinho">
            <span class="d-block d-sm-none">
            <span class="svg-wrapper svg-icon-cart" style="width:20px; height:20px">
            <svg class="svg-inline icon-cart" xmlns="http://www.w3.org/2000/svg" viewBox="0 0 500 500" width="100%" height="100%"><path fill="#EB0203" fill-rule="evenodd" d="M 485.67317,94.386311 C 476.37798,83.847129 463.09468,78.03348 448.30404,78.03348 H 90.690813 L 87.079511,51.327997 C 83.185582,22.539551 62.962285,0 41.011841,0 H 14.727836 C 6.563151,0 0,6.5286975 0,14.580758 c 0,8.05206 6.5945535,14.580758 14.727836,14.580758 h 26.284005 c 4.710398,0 14.696435,9.855222 16.894619,26.021523 L 100.01739,368.0631 c 1.88416,13.77244 9.01256,26.70549 20.1605,36.37417 8.25889,7.15046 18.02511,11.9071 28.26237,13.89679 -4.17655,7.58572 -6.53175,16.25957 -6.53175,25.493 0,29.53459 24.27424,53.59751 54.13815,53.59751 29.8325,0 54.13814,-24.03184 54.13814,-53.59751 0,-8.79818 -2.19818,-17.09897 -5.9979,-24.43598 h 77.12488 c -3.79973,7.33701 -5.96652,15.6378 -5.96652,24.43598 0,29.53459 24.27424,53.59751 54.13817,53.59751 29.83249,0 54.13814,-24.03184 54.13814,-53.59751 0,-8.79818 -2.1982,-17.09897 -5.9979,-24.43598 h 38.56243 c 8.13328,0 14.72783,-6.5287 14.72783,-14.61183 0,-8.02098 -6.59455,-14.54967 -14.72783,-14.54967 H 159.24277 c -14.38241,0 -28.13677,-11.90711 -30.02092,-26.02153 l -3.07746,-22.88154 h 290.6314 c 14.03698,0 27.94834,-5.28513 39.06488,-14.95381 11.11652,-9.6376 18.27632,-22.57065 20.16048,-36.37417 l 21.10259,-156.78201 c 1.94694,-14.51858 -2.10398,-28.29103 -11.43057,-38.861299 z M 220.76053,443.82706 c 0,13.49265 -11.08513,24.46709 -24.68247,24.46709 -13.62874,0 -24.71387,-10.97444 -24.71387,-24.46709 0,-13.49262 11.08513,-24.43598 24.71387,-24.43598 13.59734,0 24.68247,10.94336 24.68247,24.43598 z m 173.43675,0 c 0,13.49265 -11.08512,24.46709 -24.68245,24.46709 -13.62876,0 -24.71388,-10.97444 -24.71388,-24.46709 0,-13.49262 11.08512,-24.43598 24.71388,-24.43598 13.59733,0 24.68245,10.94336 24.68245,24.43598 z m 73.7648,-314.46558 -21.13397,156.782 c -1.88416,14.11442 -15.63851,26.05261 -30.02091,26.05261 H 122.25046 L 94.616142,107.19499 H 448.33544 c 6.18632,0 11.61896,2.2695 15.23028,6.37326 3.64269,4.13484 5.21283,9.73086 4.39636,15.79323 z"></path></svg>
            </span>
            </span>
            <span class="add-to-cart--text d-none d-sm-block">Carrinho</span>
            </button>
            </div>
            </div>
            </div>
            </div>
            
            <div class="col-12 d-sm-none">
            </div>
            </div>
            </div>
            </div>
            </div>
            <div class="col-12 col-sm-3 col-lg-2 productTile" data-idx="11">
            
            <script type="text/javascript">//<!--
            /* <![CDATA[ */
            (function(){
            try {
                if(window.CQuotient) {
                var cq_params = {};
                
                cq_params.cookieId = window.CQuotient.getCQCookieId();
                cq_params.userId = window.CQuotient.getCQUserId();
                cq_params.emailId = CQuotient.getCQHashedEmail();
                cq_params.loginId = CQuotient.getCQHashedLogin();
                cq_params.accumulate = true;
                cq_params.products = [{
                    id: '2627284',
                    sku: ''
                }];
                cq_params.categoryId = 'padaria-e-pastelaria-padaria-forma';
                cq_params.refinements = '[{\"name\":\"priceMin\",\"value\":\"0.01\"},{\"name\":\"priceMax\",\"value\":\"null\"},{\"name\":\"curr\",\"value\":\"EUR\"},{\"name\":\"Category\",\"value\":\"padaria-e-pastelaria-padaria-forma\"}]';
                cq_params.personalized = 'false';
                cq_params.sortingRule = 'categories top-sellers';
                cq_params.imageUUID = '__UNDEFINED__';
                cq_params.realm = "BDVS";
                cq_params.siteId = "continente";
                cq_params.instanceType = "prd";
                cq_params.queryLocale = "default";
                cq_params.locale = window.CQuotient.locale;
                
                if(window.CQuotient.sendActivity)
                    window.CQuotient.sendActivity(CQuotient.clientId, 'viewCategory', cq_params);
                else
                    window.CQuotient.activities.push({
                        activityType: 'viewCategory',
                        parameters: cq_params
                    });
              }
            } catch(err) {}
            })();
            /* ]]> */
            // -->
            </script>
            <script type="text/javascript">//<!--
            /* <![CDATA[ (viewCategoryProduct-active_data.js) */
            (function(){
            try {
                if (dw.ac) {
                    var search_params = {};
                    search_params.persd = 'false';
                    search_params.refs = '[{\"name\":\"priceMin\",\"value\":\"0.01\"},{\"name\":\"priceMax\",\"value\":\"null\"},{\"name\":\"curr\",\"value\":\"EUR\"},{\"name\":\"Category\",\"value\":\"padaria-e-pastelaria-padaria-forma\"}]';
                    search_params.sort = 'categories top-sellers';
                    search_params.imageUUID = '';
                    search_params.searchID = '79fd584c-cee5-42dd-a07f-04e8467e04c2';
                    search_params.locale = 'default';
                    search_params.queryLocale = 'default';
                    search_params.showProducts = 'true';
                    dw.ac.applyContext({category: "padaria-e-pastelaria-padaria-forma", searchData: search_params});
                    if (typeof dw.ac._scheduleDataSubmission === "function") {
                        dw.ac._scheduleDataSubmission();
                    }
                }
            } catch(err) {}
            })();
            /* ]]> */
            // -->
            </script>
            <script type="text/javascript">//<!--
            /* <![CDATA[ (viewProduct-active_data.js) */
            dw.ac._capture({id: "2627284", type: "searchhit"});
            /* ]]> */
            // -->
            </script>
            <div class="product" data-pid="2627284">
            <div class="product-tile pid-2627284 ct-product-tile data-layer-pushed" data-delay-time="3000" data-variants-mapping="[]" data-in-cart-msg="no carrinho" data-one-product-added="Adicionado ao carrinho" data-remove-from-cart-msg="Removido do carrinho" data-stay-open="6000.0" data-product-tile-impression="{&quot;name&quot;:&quot;2627284&quot;,&quot;id&quot;:&quot;2627284&quot;,&quot;price&quot;:2.09,&quot;brand&quot;:&quot;Panrico&quot;,&quot;category&quot;:[{&quot;category_level_1&quot;:&quot;Padaria e Pastelaria&quot;},{&quot;category_level_2&quot;:&quot;Padaria&quot;},{&quot;category_level_3&quot;:&quot;Pão de Forma e Embalado&quot;}],&quot;variant&quot;:&quot;&quot;}">
            <div class="ct-inner-tile-wrap row no-gutters justify-content-center align-content-start">
            
            <div class="ct-image-container col-4 col-sm" data-confirmation-image="{&quot;url&quot;:&quot;https://www.continente.pt/dw/image/v2/BDVS_PRD/on/demandware.static/-/Sites-col-master-catalog/default/dw5a7389f5/images/col/262/2627284-frente.jpg?sw=87&amp;sh=80&quot;,&quot;fallbackimage&quot;:{&quot;url&quot;:&quot;https://www.continente.pt/dw/image/v2/BDVS_PRD/on/demandware.static/Sites-continente-Site/-/default/dw7c42b4da/images/noimagelarge_product.png?sw=87&amp;sh=80&quot;,&quot;title&quot;:&quot;Pão de Forma sem Côdea&quot;,&quot;alt&quot;:&quot;Pão de Forma sem Côdea&quot;},&quot;title&quot;:&quot;Pão de Forma sem Côdea&quot;,&quot;alt&quot;:&quot;Pão de Forma sem Côdea&quot;}">
            <a href="https://www.continente.pt/produto/pao-de-forma-sem-codea-panrico-2627284.html?cgid=padaria-e-pastelaria-padaria-forma">
            <picture class="intrinsic intrinsic--square">
            <img class="ct-tile-image lazyloaded" loading="lazy" onerror="this.onerror=null;this.src='/on/demandware.static/Sites-continente-Site/-/default/dw7c42b4da/images/noimagelarge_product.png';" data-src="https://www.continente.pt/dw/image/v2/BDVS_PRD/on/demandware.static/-/Sites-col-master-catalog/default/dw5a7389f5/images/col/262/2627284-frente.jpg?sw=280&amp;sh=280" alt="Pão de Forma sem Côdea" title="Pão de Forma sem Côdea" src="https://www.continente.pt/dw/image/v2/BDVS_PRD/on/demandware.static/-/Sites-col-master-catalog/default/dw5a7389f5/images/col/262/2627284-frente.jpg?sw=280&amp;sh=280">
            </picture>
            </a>
            <div class="color-swatches d-flex" style="margin-left: 5px;">
            <div class="swatches d-flex">
            </div>
            </div>
            </div>
            <div class="ct-tile-body col col-sm-auto ">
            <div class="ct-pdp-details">
            <div class="ct-pdp-link">
            <a class="ct-tile--description" href="https://www.continente.pt/produto/pao-de-forma-sem-codea-panrico-2627284.html?cgid=padaria-e-pastelaria-padaria-forma">Pão de Forma sem Côdea</a>
            <div class="ct-tile--favorite-top d-sm-none">
            <button class="wishlist-toggler guest-mode inactive button button--tertiary" data-pid="2627284" data-add-url="https://www.continente.pt/on/demandware.store/Sites-continente-Site/default/Wishlist-AddProduct?pid=2627284" data-toggle="tooltip" aria-label="Adicionar aos favoritos " data-original-title="Adicionar aos favoritos" data-placement="top">
            <svg class="active-content" width="100%" height="100%" viewBox="0 0 20 22" fill="none" xmlns="http://www.w3.org/2000/svg">
            <path fill-rule="evenodd" clip-rule="evenodd" d="M0 1.53052C0 0.685236 0.692171 0 1.54601 0H15.0736C15.9274 0 16.6196 0.685235 16.6196 1.53052V13.4064L15.8127 13.922L14.2658 14.2658L12.7189 13.4064L10.6054 14.3818C10.4994 14.2451 10.3327 14.157 10.1452 14.157H6.76329C6.4431 14.157 6.18354 14.414 6.18354 14.731C6.18354 15.0479 6.4431 15.3049 6.76329 15.3049H10.1452C10.2478 15.3049 10.3441 15.2785 10.4277 15.2322L10.3126 16.8439L13.2345 20.2793H1.54601C0.69217 20.2793 0 19.5941 0 18.7488V1.53052ZM6.18354 5.5483C6.18354 5.23132 6.4431 4.97436 6.76329 4.97436H12.3676C12.6878 4.97436 12.9473 5.23132 12.9473 5.5483C12.9473 5.86528 12.6878 6.12224 12.3676 6.12224H6.76329C6.4431 6.12224 6.18354 5.86528 6.18354 5.5483ZM6.76329 11.0961C6.4431 11.0961 6.18354 11.3531 6.18354 11.6701C6.18354 11.987 6.4431 12.244 6.76329 12.244H12.3676C12.6878 12.244 12.9473 11.987 12.9473 11.6701C12.9473 11.3531 12.6878 11.0961 12.3676 11.0961H6.76329ZM6.18354 8.60985C6.18354 8.29287 6.4431 8.03591 6.76329 8.03591H12.3676C12.6878 8.03591 12.9473 8.29287 12.9473 8.60985C12.9473 8.92684 12.6878 9.1838 12.3676 9.1838H6.76329C6.4431 9.1838 6.18354 8.92684 6.18354 8.60985ZM3.67118 5.5483C3.67118 5.23132 3.93075 4.97436 4.25093 4.97436H4.63743C4.95762 4.97436 5.21719 5.23132 5.21719 5.5483C5.21719 5.86528 4.95762 6.12224 4.63743 6.12224H4.25093C3.93075 6.12224 3.67118 5.86528 3.67118 5.5483ZM4.25093 11.0961C3.93075 11.0961 3.67118 11.3531 3.67118 11.6701C3.67118 11.987 3.93075 12.244 4.25093 12.244H4.63743C4.95762 12.244 5.21719 11.987 5.21719 11.6701C5.21719 11.3531 4.95762 11.0961 4.63743 11.0961H4.25093ZM3.67118 8.60985C3.67118 8.29287 3.93075 8.03591 4.25093 8.03591H4.63743C4.95762 8.03591 5.21719 8.29287 5.21719 8.60985C5.21719 8.92684 4.95762 9.1838 4.63743 9.1838H4.25093C3.93075 9.1838 3.67118 8.92684 3.67118 8.60985ZM4.25093 14.157C3.93075 14.157 3.67118 14.414 3.67118 14.731C3.67118 15.0479 3.93075 15.3049 4.25093 15.3049H4.63743C4.95762 15.3049 5.21719 15.0479 5.21719 14.731C5.21719 14.414 4.95762 14.157 4.63743 14.157H4.25093Z" fill="#EB0203"></path>
            <path fill-rule="evenodd" clip-rule="evenodd" d="M14.6252 13.6363C13.4918 12.6215 11.7817 12.5264 10.6569 13.4792C9.12421 14.7764 9.34841 16.8912 10.4409 18.0122L14.0159 21.6742C14.2197 21.8832 14.4928 22 14.7822 22C15.0737 22 15.3448 21.8852 15.5486 21.6762L19.1236 18.0142C20.214 16.8933 20.4423 14.7785 18.9075 13.4792C17.7827 12.5283 16.0724 12.6217 14.9391 13.6365C14.8855 13.6845 14.8331 13.7345 14.7822 13.7866C14.7313 13.7345 14.6789 13.6843 14.6252 13.6363ZM18.1546 14.3522C19.0973 15.1508 18.9962 16.4896 18.2891 17.2173C18.2888 17.2175 18.2886 17.2177 18.2884 17.218L14.7832 20.8084L11.2753 17.2151C11.2752 17.215 11.2751 17.2149 11.2749 17.2148C10.5677 16.4887 10.4678 15.1495 11.4104 14.3518L11.4108 14.3514C12.0745 13.7892 13.2018 13.82 13.9488 14.5846L14.7822 15.4378L15.6157 14.5846C16.3617 13.8211 17.4896 13.79 18.1545 14.3521" fill="#EB0203"></path>
            </svg>
            <svg class="inactive-content" width="100%" height="100%" viewBox="0 0 20 23" fill="none" xmlns="http://www.w3.org/2000/svg">
            <path fill-rule="evenodd" clip-rule="evenodd" d="M6.18408 5.77914C6.18408 5.46223 6.44363 5.20532 6.7638 5.20532H12.3678C12.6879 5.20532 12.9475 5.46223 12.9475 5.77914C12.9475 6.09606 12.6879 6.35297 12.3678 6.35297H6.7638C6.44363 6.35297 6.18408 6.09606 6.18408 5.77914Z" fill="#EB0203"></path>
            <path fill-rule="evenodd" clip-rule="evenodd" d="M6.18408 11.9034C6.18408 11.5865 6.44363 11.3296 6.7638 11.3296H12.3678C12.6879 11.3296 12.9475 11.5865 12.9475 11.9034C12.9475 12.2202 12.6879 12.4771 12.3678 12.4771H6.7638C6.44363 12.4771 6.18408 12.2202 6.18408 11.9034Z" fill="#EB0203"></path>
            <path fill-rule="evenodd" clip-rule="evenodd" d="M6.18408 8.84116C6.18408 8.52424 6.44363 8.26733 6.7638 8.26733H12.3678C12.6879 8.26733 12.9475 8.52424 12.9475 8.84116C12.9475 9.15807 12.6879 9.41498 12.3678 9.41498H6.7638C6.44363 9.41498 6.18408 9.15807 6.18408 8.84116Z" fill="#EB0203"></path>
            <path fill-rule="evenodd" clip-rule="evenodd" d="M6.18408 14.9655C6.18408 14.6486 6.44363 14.3917 6.7638 14.3917H10.1455C10.4657 14.3917 10.7252 14.6486 10.7252 14.9655C10.7252 15.2825 10.4657 15.5394 10.1455 15.5394H6.7638C6.44363 15.5394 6.18408 15.2825 6.18408 14.9655Z" fill="#EB0203"></path>
            <path fill-rule="evenodd" clip-rule="evenodd" d="M3.67139 5.77914C3.67139 5.46223 3.93094 5.20532 4.25111 5.20532H4.63759C4.95776 5.20532 5.21731 5.46223 5.21731 5.77914C5.21731 6.09606 4.95776 6.35297 4.63759 6.35297H4.25111C3.93094 6.35297 3.67139 6.09606 3.67139 5.77914Z" fill="#EB0203"></path>
            <path fill-rule="evenodd" clip-rule="evenodd" d="M3.67139 11.9034C3.67139 11.5865 3.93094 11.3296 4.25111 11.3296H4.63759C4.95776 11.3296 5.21731 11.5865 5.21731 11.9034C5.21731 12.2202 4.95776 12.4771 4.63759 12.4771H4.25111C3.93094 12.4771 3.67139 12.2202 3.67139 11.9034Z" fill="#EB0203"></path>
            <path fill-rule="evenodd" clip-rule="evenodd" d="M3.67139 8.84116C3.67139 8.52424 3.93094 8.26733 4.25111 8.26733H4.63759C4.95776 8.26733 5.21731 8.52424 5.21731 8.84116C5.21731 9.15807 4.95776 9.41498 4.63759 9.41498H4.25111C3.93094 9.41498 3.67139 9.15807 3.67139 8.84116Z" fill="#EB0203"></path>
            <path fill-rule="evenodd" clip-rule="evenodd" d="M3.67139 14.9655C3.67139 14.6486 3.93094 14.3917 4.25111 14.3917H4.63759C4.95776 14.3917 5.21731 14.6486 5.21731 14.9655C5.21731 15.2825 4.95776 15.5394 4.63759 15.5394H4.25111C3.93094 15.5394 3.67139 15.2825 3.67139 14.9655Z" fill="#EB0203"></path>
            <path fill-rule="evenodd" clip-rule="evenodd" d="M0 1.76033C0 0.914738 0.692131 0.229248 1.54592 0.229248H15.0727C15.9265 0.229248 16.6186 0.914738 16.6186 1.76033V11.2818C16.6186 11.5989 16.3591 11.8559 16.0389 11.8559C15.7187 11.8559 15.4592 11.5989 15.4592 11.2818V1.76033C15.4592 1.54893 15.2862 1.37756 15.0727 1.37756H1.54592C1.33247 1.37756 1.15944 1.54893 1.15944 1.76033V18.985C1.15944 19.1964 1.33247 19.3678 1.54592 19.3678H9.27551C9.59568 19.3678 9.85523 19.6249 9.85523 19.942C9.85523 20.2591 9.59568 20.5161 9.27551 20.5161H1.54592C0.692131 20.5161 0 19.8306 0 18.985V1.76033Z" fill="#EB0203"></path>
            <path fill-rule="evenodd" clip-rule="evenodd" d="M14.6254 13.8718C13.4921 12.8567 11.7821 12.7615 10.6574 13.7147C9.12472 15.0124 9.34891 17.128 10.4413 18.2493L14.0161 21.9126C14.2199 22.1217 14.493 22.2386 14.7824 22.2386C15.0739 22.2386 15.3449 22.1238 15.5487 21.9147L19.1235 18.2514C20.2139 17.13 20.4422 15.0144 18.9075 13.7147C17.7827 12.7634 16.0726 12.8569 14.9392 13.872C14.8856 13.92 14.8333 13.9701 14.7824 14.0222C14.7314 13.97 14.6791 13.9199 14.6254 13.8718ZM18.1546 14.588C19.0972 15.3869 18.9961 16.7262 18.2891 17.4541C18.2888 17.4543 18.2886 17.4546 18.2884 17.4548L14.7834 21.0466L11.2757 17.452C11.2756 17.4519 11.2755 17.4517 11.2753 17.4516C10.5681 16.7252 10.4682 15.3856 11.4108 14.5876L11.4112 14.5872C12.0748 14.0248 13.202 14.0556 13.949 14.8205L14.7824 15.674L15.6158 14.8205C16.3618 14.0567 17.4896 14.0256 18.1545 14.5879" fill="#EB0203"></path>
            </svg>
            </button>
            </div>
            </div>
            <p class="ct-tile--brand">Panrico</p>
            <p class="ct-tile--quantity">emb. 450 gr</p>
            </div>
            <div class="ct-tile-bottom row no-gutters justify-content-between">
            <div class="ct-price-wrap col-8 col-sm-12">
            <div class="price js-product-price">
            <div class="prices-wrapper">
            <span class="sales ct-tile--price-primary ">
            <span class="value" content="2.09">
            <span class="ct-price-formatted">
            €2,09
            </span>
            <span class="ct-m-unit">
            /un
            </span>
            </span>
            </span>
            </div>
            <div class="ct-tile--price-secondary">
            <span class="ct-price-value">
            €4,64
            </span>
            <span class="ct-m-unit">
            /kg
            </span>
            </div>
            </div>
            </div>
            <div class="ct-tile-buy-section d-flex justify-content-center no-gutters col-auto col-sm-12">
            <div class="col-2 d-sm-flex d-none">
            <button class="wishlist-toggler guest-mode inactive button button--tertiary" data-pid="2627284" data-add-url="https://www.continente.pt/on/demandware.store/Sites-continente-Site/default/Wishlist-AddProduct?pid=2627284" data-toggle="tooltip" aria-label="Adicionar aos favoritos " data-original-title="Adicionar aos favoritos" data-placement="top">
            <svg class="active-content" width="100%" height="100%" viewBox="0 0 20 22" fill="none" xmlns="http://www.w3.org/2000/svg">
            <path fill-rule="evenodd" clip-rule="evenodd" d="M0 1.53052C0 0.685236 0.692171 0 1.54601 0H15.0736C15.9274 0 16.6196 0.685235 16.6196 1.53052V13.4064L15.8127 13.922L14.2658 14.2658L12.7189 13.4064L10.6054 14.3818C10.4994 14.2451 10.3327 14.157 10.1452 14.157H6.76329C6.4431 14.157 6.18354 14.414 6.18354 14.731C6.18354 15.0479 6.4431 15.3049 6.76329 15.3049H10.1452C10.2478 15.3049 10.3441 15.2785 10.4277 15.2322L10.3126 16.8439L13.2345 20.2793H1.54601C0.69217 20.2793 0 19.5941 0 18.7488V1.53052ZM6.18354 5.5483C6.18354 5.23132 6.4431 4.97436 6.76329 4.97436H12.3676C12.6878 4.97436 12.9473 5.23132 12.9473 5.5483C12.9473 5.86528 12.6878 6.12224 12.3676 6.12224H6.76329C6.4431 6.12224 6.18354 5.86528 6.18354 5.5483ZM6.76329 11.0961C6.4431 11.0961 6.18354 11.3531 6.18354 11.6701C6.18354 11.987 6.4431 12.244 6.76329 12.244H12.3676C12.6878 12.244 12.9473 11.987 12.9473 11.6701C12.9473 11.3531 12.6878 11.0961 12.3676 11.0961H6.76329ZM6.18354 8.60985C6.18354 8.29287 6.4431 8.03591 6.76329 8.03591H12.3676C12.6878 8.03591 12.9473 8.29287 12.9473 8.60985C12.9473 8.92684 12.6878 9.1838 12.3676 9.1838H6.76329C6.4431 9.1838 6.18354 8.92684 6.18354 8.60985ZM3.67118 5.5483C3.67118 5.23132 3.93075 4.97436 4.25093 4.97436H4.63743C4.95762 4.97436 5.21719 5.23132 5.21719 5.5483C5.21719 5.86528 4.95762 6.12224 4.63743 6.12224H4.25093C3.93075 6.12224 3.67118 5.86528 3.67118 5.5483ZM4.25093 11.0961C3.93075 11.0961 3.67118 11.3531 3.67118 11.6701C3.67118 11.987 3.93075 12.244 4.25093 12.244H4.63743C4.95762 12.244 5.21719 11.987 5.21719 11.6701C5.21719 11.3531 4.95762 11.0961 4.63743 11.0961H4.25093ZM3.67118 8.60985C3.67118 8.29287 3.93075 8.03591 4.25093 8.03591H4.63743C4.95762 8.03591 5.21719 8.29287 5.21719 8.60985C5.21719 8.92684 4.95762 9.1838 4.63743 9.1838H4.25093C3.93075 9.1838 3.67118 8.92684 3.67118 8.60985ZM4.25093 14.157C3.93075 14.157 3.67118 14.414 3.67118 14.731C3.67118 15.0479 3.93075 15.3049 4.25093 15.3049H4.63743C4.95762 15.3049 5.21719 15.0479 5.21719 14.731C5.21719 14.414 4.95762 14.157 4.63743 14.157H4.25093Z" fill="#EB0203"></path>
            <path fill-rule="evenodd" clip-rule="evenodd" d="M14.6252 13.6363C13.4918 12.6215 11.7817 12.5264 10.6569 13.4792C9.12421 14.7764 9.34841 16.8912 10.4409 18.0122L14.0159 21.6742C14.2197 21.8832 14.4928 22 14.7822 22C15.0737 22 15.3448 21.8852 15.5486 21.6762L19.1236 18.0142C20.214 16.8933 20.4423 14.7785 18.9075 13.4792C17.7827 12.5283 16.0724 12.6217 14.9391 13.6365C14.8855 13.6845 14.8331 13.7345 14.7822 13.7866C14.7313 13.7345 14.6789 13.6843 14.6252 13.6363ZM18.1546 14.3522C19.0973 15.1508 18.9962 16.4896 18.2891 17.2173C18.2888 17.2175 18.2886 17.2177 18.2884 17.218L14.7832 20.8084L11.2753 17.2151C11.2752 17.215 11.2751 17.2149 11.2749 17.2148C10.5677 16.4887 10.4678 15.1495 11.4104 14.3518L11.4108 14.3514C12.0745 13.7892 13.2018 13.82 13.9488 14.5846L14.7822 15.4378L15.6157 14.5846C16.3617 13.8211 17.4896 13.79 18.1545 14.3521" fill="#EB0203"></path>
            </svg>
            <svg class="inactive-content" width="100%" height="100%" viewBox="0 0 20 23" fill="none" xmlns="http://www.w3.org/2000/svg">
            <path fill-rule="evenodd" clip-rule="evenodd" d="M6.18408 5.77914C6.18408 5.46223 6.44363 5.20532 6.7638 5.20532H12.3678C12.6879 5.20532 12.9475 5.46223 12.9475 5.77914C12.9475 6.09606 12.6879 6.35297 12.3678 6.35297H6.7638C6.44363 6.35297 6.18408 6.09606 6.18408 5.77914Z" fill="#EB0203"></path>
            <path fill-rule="evenodd" clip-rule="evenodd" d="M6.18408 11.9034C6.18408 11.5865 6.44363 11.3296 6.7638 11.3296H12.3678C12.6879 11.3296 12.9475 11.5865 12.9475 11.9034C12.9475 12.2202 12.6879 12.4771 12.3678 12.4771H6.7638C6.44363 12.4771 6.18408 12.2202 6.18408 11.9034Z" fill="#EB0203"></path>
            <path fill-rule="evenodd" clip-rule="evenodd" d="M6.18408 8.84116C6.18408 8.52424 6.44363 8.26733 6.7638 8.26733H12.3678C12.6879 8.26733 12.9475 8.52424 12.9475 8.84116C12.9475 9.15807 12.6879 9.41498 12.3678 9.41498H6.7638C6.44363 9.41498 6.18408 9.15807 6.18408 8.84116Z" fill="#EB0203"></path>
            <path fill-rule="evenodd" clip-rule="evenodd" d="M6.18408 14.9655C6.18408 14.6486 6.44363 14.3917 6.7638 14.3917H10.1455C10.4657 14.3917 10.7252 14.6486 10.7252 14.9655C10.7252 15.2825 10.4657 15.5394 10.1455 15.5394H6.7638C6.44363 15.5394 6.18408 15.2825 6.18408 14.9655Z" fill="#EB0203"></path>
            <path fill-rule="evenodd" clip-rule="evenodd" d="M3.67139 5.77914C3.67139 5.46223 3.93094 5.20532 4.25111 5.20532H4.63759C4.95776 5.20532 5.21731 5.46223 5.21731 5.77914C5.21731 6.09606 4.95776 6.35297 4.63759 6.35297H4.25111C3.93094 6.35297 3.67139 6.09606 3.67139 5.77914Z" fill="#EB0203"></path>
            <path fill-rule="evenodd" clip-rule="evenodd" d="M3.67139 11.9034C3.67139 11.5865 3.93094 11.3296 4.25111 11.3296H4.63759C4.95776 11.3296 5.21731 11.5865 5.21731 11.9034C5.21731 12.2202 4.95776 12.4771 4.63759 12.4771H4.25111C3.93094 12.4771 3.67139 12.2202 3.67139 11.9034Z" fill="#EB0203"></path>
            <path fill-rule="evenodd" clip-rule="evenodd" d="M3.67139 8.84116C3.67139 8.52424 3.93094 8.26733 4.25111 8.26733H4.63759C4.95776 8.26733 5.21731 8.52424 5.21731 8.84116C5.21731 9.15807 4.95776 9.41498 4.63759 9.41498H4.25111C3.93094 9.41498 3.67139 9.15807 3.67139 8.84116Z" fill="#EB0203"></path>
            <path fill-rule="evenodd" clip-rule="evenodd" d="M3.67139 14.9655C3.67139 14.6486 3.93094 14.3917 4.25111 14.3917H4.63759C4.95776 14.3917 5.21731 14.6486 5.21731 14.9655C5.21731 15.2825 4.95776 15.5394 4.63759 15.5394H4.25111C3.93094 15.5394 3.67139 15.2825 3.67139 14.9655Z" fill="#EB0203"></path>
            <path fill-rule="evenodd" clip-rule="evenodd" d="M0 1.76033C0 0.914738 0.692131 0.229248 1.54592 0.229248H15.0727C15.9265 0.229248 16.6186 0.914738 16.6186 1.76033V11.2818C16.6186 11.5989 16.3591 11.8559 16.0389 11.8559C15.7187 11.8559 15.4592 11.5989 15.4592 11.2818V1.76033C15.4592 1.54893 15.2862 1.37756 15.0727 1.37756H1.54592C1.33247 1.37756 1.15944 1.54893 1.15944 1.76033V18.985C1.15944 19.1964 1.33247 19.3678 1.54592 19.3678H9.27551C9.59568 19.3678 9.85523 19.6249 9.85523 19.942C9.85523 20.2591 9.59568 20.5161 9.27551 20.5161H1.54592C0.692131 20.5161 0 19.8306 0 18.985V1.76033Z" fill="#EB0203"></path>
            <path fill-rule="evenodd" clip-rule="evenodd" d="M14.6254 13.8718C13.4921 12.8567 11.7821 12.7615 10.6574 13.7147C9.12472 15.0124 9.34891 17.128 10.4413 18.2493L14.0161 21.9126C14.2199 22.1217 14.493 22.2386 14.7824 22.2386C15.0739 22.2386 15.3449 22.1238 15.5487 21.9147L19.1235 18.2514C20.2139 17.13 20.4422 15.0144 18.9075 13.7147C17.7827 12.7634 16.0726 12.8569 14.9392 13.872C14.8856 13.92 14.8333 13.9701 14.7824 14.0222C14.7314 13.97 14.6791 13.9199 14.6254 13.8718ZM18.1546 14.588C19.0972 15.3869 18.9961 16.7262 18.2891 17.4541C18.2888 17.4543 18.2886 17.4546 18.2884 17.4548L14.7834 21.0466L11.2757 17.452C11.2756 17.4519 11.2755 17.4517 11.2753 17.4516C10.5681 16.7252 10.4682 15.3856 11.4108 14.5876L11.4112 14.5872C12.0748 14.0248 13.202 14.0556 13.949 14.8205L14.7824 15.674L15.6158 14.8205C16.3618 14.0567 17.4896 14.0256 18.1545 14.5879" fill="#EB0203"></path>
            </svg>
            </button>
            </div>
            <div class="col-sm-10 col-12">
            <div class="ct-tile-quantity d-none" data-pid="2627284">
            <input type="hidden" class="add-to-cart-url" value="https://www.continente.pt/on/demandware.store/Sites-continente-Site/default/Cart-AddProduct">
            <div class="d-none tile-delete-confirmation-btn" data-pid="2627284" data-delay-time="3000" data-in-cart-msg="no carrinho" data-one-product-added="Adicionado ao carrinho" data-remove-from-cart-msg="Removido do carrinho" data-stay-open="6000.0" data-confirmation-image="{&quot;url&quot;:&quot;https://www.continente.pt/dw/image/v2/BDVS_PRD/on/demandware.static/-/Sites-col-master-catalog/default/dw5a7389f5/images/col/262/2627284-frente.jpg?sw=87&amp;sh=80&quot;,&quot;fallbackimage&quot;:{&quot;url&quot;:&quot;https://www.continente.pt/dw/image/v2/BDVS_PRD/on/demandware.static/Sites-continente-Site/-/default/dw7c42b4da/images/noimagelarge_product.png?sw=87&amp;sh=80&quot;,&quot;title&quot;:&quot;Pão de Forma sem Côdea&quot;,&quot;alt&quot;:&quot;Pão de Forma sem Côdea&quot;},&quot;title&quot;:&quot;Pão de Forma sem Côdea&quot;,&quot;alt&quot;:&quot;Pão de Forma sem Côdea&quot;}"></div>
            <div class="ct-tile-quantity-update quantity-update product-qty-vue" data-remove-action="https://www.continente.pt/on/demandware.store/Sites-continente-Site/default/Cart-RemoveProductLineItem" data-action="https://www.continente.pt/on/demandware.store/Sites-continente-Site/default/Cart-UpdateQuantity" data-dimension-update="https://www.continente.pt/on/demandware.store/Sites-continente-Site/default/Cart-DimensionUpdate" data-pid="2627284" data-uuid="2041be7f1b13adc98bbdddbd13" data-add-delay="500.0" data-measure-options="{&quot;hasConversionRate&quot;:false,&quot;hasAlternativeSaleUnit&quot;:false,&quot;unitConversionRate&quot;:0,&quot;minOrderQuantity&quot;:1,&quot;stepQuantity&quot;:1,&quot;primaryunit&quot;:&quot;un&quot;,&quot;secondaryunit&quot;:&quot;kg&quot;,&quot;selectedunit&quot;:&quot;primary&quot;,&quot;maxNumberOfUnitsPerSale&quot;:50}" data-price-available="null" :data-has-error="isMaxQtyReached || isMinQtyReached || qtySelectedMoreThanOne">
            <template v-show="prodUnits">
            <div class="quantity-input-wrapper has-units">
            <label class="visually-hidden" :for="'quantity-' + pid + additionalTag">
            Quantidade no carrinho
            </label>
            <input :ref="'quantityInput-' + pid + additionalTag" class="add-to-cart-quantity form-control ct-form-input text-center" inputmode="numeric" :class="{'is-invalid': isInvalid}" :data-pid="pid + additionalTag" :name="'quantity-' + pid + additionalTag" type="text" aria-label="Insira a quantidade" title="" v-model="displayValue" @change="updateQuantity" @focus="updateQtyFormat" @blur="restoreQtyFormat" :disabled="!isPriceAvailable">
            <span class="quantity-icon quantity-icon--minus">
            <button class="decrease-quantity-btn" @click="updateQuantity" :disabled="!isPriceAvailable" role="button" aria-label="Reduzir quantidade">
            <i class="css-math-minus"></i>
            </button>
            </span>
            <span class="quantity-icon quantity-icon--plus">
            <button class="increase-quantity-btn" @click="updateQuantity" :disabled="isMaxQtyReached || !isPriceAvailable" role="button" aria-label="Aumentar quantidade">
            <i class="css-math-plus"></i>
            </button>
            <span class="quantity-btn-disabled-placeholder"></span>
            </span>
            <template v-if="isPDP">
            <span class="quantity-error ct-span-error text-sm-center product-max-allocation" v-if="isMaxQtyReached">
            Quantidade máxima atingida
            </span>
            <span class="quantity-error ct-span-product text-sm-center product-allocation" v-if="!isMinQtyReached &amp;&amp; !isMaxQtyReached">
            {{quantitySelected}} no carrinho
            </span>
            <span class="quantity-error ct-span-error text-sm-center product-min-allocation" :data-pid="pid" v-if="isMinQtyReached &amp;&amp; !isMaxQtyReached">
            Quantidade mínima atingida
            </span>
            </template>
            </div>
            <template v-if="showNotes">
            <div class="add-note-link-container ">
            <div class="add-note">
            <a href="/produto/pao-de-forma-sem-codea-panrico-2627284.html?showNote=true" class="ct-add-note-redirect-pdp" aria-label="Adicionar comentário">
            <span class="svg-wrapper svg-icon-notes" style="width:19px; height:20px">
            <svg class="svg-inline icon-notes" viewBox="0 0 28 30" xmlns="http://www.w3.org/2000/svg" width="100%" height="100%"><path d="M21.738 0C22.985 0 24 1.04 24 2.319V12.47c0 .469-.37.848-.828.848-.457 0-.827-.38-.827-.848V2.32c0-.343-.273-.622-.607-.622H2.262c-.334 0-.607.279-.607.622V27.68c0 .343.273.622.607.622h7.81c.457 0 .827.38.827.849 0 .468-.37.848-.827.848h-7.81C1.015 30 0 28.96 0 27.681V2.32C0 1.04 1.015 0 2.262 0h19.476zm2.844 16.004l.227.007c.823.053 1.589.39 2.176.964.64.627.993 1.46.993 2.349 0 .888-.353 1.722-.993 2.348l-6.83 6.665c-.11.108-.247.186-.397.226l-5.032 1.363c-.078.021-.16.032-.241.032-.242 0-.478-.097-.647-.266-.23-.231-.314-.566-.218-.874l1.49-4.798c.044-.139.122-.266.227-.369l6.844-6.677c.64-.625 1.493-.97 2.401-.97zm-2.886 3.94l-4.922 4.802-.947 3.048 3.22-.872 4.897-4.78-2.248-2.197zm2.887-2.174c-.425 0-.824.162-1.124.455l-.484.472 2.248 2.197.484-.472c.62-.606.62-1.591 0-2.197l-.117-.104c-.283-.227-.636-.35-1.007-.35zm-10.839.022c.498 0 .904.396.904.883 0 .488-.406.884-.904.884H5.946c-.499 0-.904-.396-.904-.884 0-.487.405-.883.904-.883zm5.042-4.876c.498 0 .904.397.904.884s-.406.884-.904.884H5.946c-.499 0-.904-.397-.904-.884s.405-.884.904-.884zm0-4.875c.498 0 .904.396.904.884 0 .487-.406.883-.904.883H5.946c-.499 0-.904-.396-.904-.883 0-.488.405-.884.904-.884z" fill="#EB0203" fill-rule="evenodd"></path></svg>
            </span>
            <div class="available-note d-none"></div>
            </a>
            </div>
            </div>
            </template>
            <div class="measurement-unit-section" v-if="isPriceAvailable &amp;&amp; prodUnits ? prodUnits.hasAlternativeUnit : false">
            <div class="ct-form-radio" @click="setDimension">
            <input type="radio" title="" class="ct-form-check-input product-measurement-unit" :data-type="prodUnits.selectedUnit == prodUnits.secondaryUnit ? 'primary' : ''" :id="prodUnits.secondaryUnit + '-' + pid + '-measurement-unit-ptile' + additionalTag" :name="'measurement-unit-' + pid + '-ptile' + additionalTag" :value="prodUnits.secondaryUnit" v-model="prodUnits.selectedUnit">
            <label :class="prodUnits.secondaryUnit + '-label ct-form-check-label mb-0'" :for="prodUnits.secondaryUnit + '-' + pid + '-measurement-unit-ptile' + additionalTag">
            {{prodUnits.secondaryUnit}}
            </label>
            <span class="checkmark"></span>
            </div>
            <div class="ct-form-radio" @click="setDimension">
            <input type="radio" title="" class="ct-form-check-input product-measurement-unit" :data-type="prodUnits.selectedUnit == prodUnits.primaryUnit ? 'primary' : ''" :id="prodUnits.primaryUnit + '-' + pid + '-measurement-unit-ptile' + additionalTag" :name="'measurement-unit-' + pid + '-ptile' + additionalTag" :value="prodUnits.primaryUnit" v-model="prodUnits.selectedUnit">
            <label :class="prodUnits.primaryUnit + '-label ct-form-check-label mb-0'" :for="prodUnits.primaryUnit + '-' + pid + '-measurement-unit-ptile' + additionalTag">
            {{prodUnits.primaryUnit}}
            </label>
            <span class="checkmark"></span>
            </div>
            </div>
            <template v-if="!isPDP &amp;&amp; isPriceAvailable">
            <span class="quantity-error ct-span-error product-max-allocation" v-if="isMaxQtyReached">
            Quantidade máxima atingida
            </span>
            <span class="quantity-error ct-span-product product-allocation" v-if="!isMinQtyReached &amp;&amp; !isMaxQtyReached">
            {{quantitySelected}} no carrinho
            </span>
            <span class="quantity-error ct-span-error product-min-allocation" :data-pid="pid" v-if="isMinQtyReached &amp;&amp; !isMaxQtyReached">
            Quantidade mínima atingida
            </span>
            </template>
            </template>
            </div>
            <input class="quantity-value-mask d-none" name="quantity" type="number" min="0" value="">
            </div>
            <button type="button" class="add-to-cart button js-add-to-cart js-add-to-cart-tile 2627284 button--primary dynamic-layout-btn" data-toggle="modal" data-target="#chooseBonusProductModal" data-pid="2627284" data-quantity-value="null" aria-label="Carrinho">
             <span class="d-block d-sm-none">
            <span class="svg-wrapper svg-icon-cart" style="width:20px; height:20px">
            <svg class="svg-inline icon-cart" xmlns="http://www.w3.org/2000/svg" viewBox="0 0 500 500" width="100%" height="100%"><path fill="#EB0203" fill-rule="evenodd" d="M 485.67317,94.386311 C 476.37798,83.847129 463.09468,78.03348 448.30404,78.03348 H 90.690813 L 87.079511,51.327997 C 83.185582,22.539551 62.962285,0 41.011841,0 H 14.727836 C 6.563151,0 0,6.5286975 0,14.580758 c 0,8.05206 6.5945535,14.580758 14.727836,14.580758 h 26.284005 c 4.710398,0 14.696435,9.855222 16.894619,26.021523 L 100.01739,368.0631 c 1.88416,13.77244 9.01256,26.70549 20.1605,36.37417 8.25889,7.15046 18.02511,11.9071 28.26237,13.89679 -4.17655,7.58572 -6.53175,16.25957 -6.53175,25.493 0,29.53459 24.27424,53.59751 54.13815,53.59751 29.8325,0 54.13814,-24.03184 54.13814,-53.59751 0,-8.79818 -2.19818,-17.09897 -5.9979,-24.43598 h 77.12488 c -3.79973,7.33701 -5.96652,15.6378 -5.96652,24.43598 0,29.53459 24.27424,53.59751 54.13817,53.59751 29.83249,0 54.13814,-24.03184 54.13814,-53.59751 0,-8.79818 -2.1982,-17.09897 -5.9979,-24.43598 h 38.56243 c 8.13328,0 14.72783,-6.5287 14.72783,-14.61183 0,-8.02098 -6.59455,-14.54967 -14.72783,-14.54967 H 159.24277 c -14.38241,0 -28.13677,-11.90711 -30.02092,-26.02153 l -3.07746,-22.88154 h 290.6314 c 14.03698,0 27.94834,-5.28513 39.06488,-14.95381 11.11652,-9.6376 18.27632,-22.57065 20.16048,-36.37417 l 21.10259,-156.78201 c 1.94694,-14.51858 -2.10398,-28.29103 -11.43057,-38.861299 z M 220.76053,443.82706 c 0,13.49265 -11.08513,24.46709 -24.68247,24.46709 -13.62874,0 -24.71387,-10.97444 -24.71387,-24.46709 0,-13.49262 11.08513,-24.43598 24.71387,-24.43598 13.59734,0 24.68247,10.94336 24.68247,24.43598 z m 173.43675,0 c 0,13.49265 -11.08512,24.46709 -24.68245,24.46709 -13.62876,0 -24.71388,-10.97444 -24.71388,-24.46709 0,-13.49262 11.08512,-24.43598 24.71388,-24.43598 13.59733,0 24.68245,10.94336 24.68245,24.43598 z m 73.7648,-314.46558 -21.13397,156.782 c -1.88416,14.11442 -15.63851,26.05261 -30.02091,26.05261 H 122.25046 L 94.616142,107.19499 H 448.33544 c 6.18632,0 11.61896,2.2695 15.23028,6.37326 3.64269,4.13484 5.21283,9.73086 4.39636,15.79323 z"></path></svg>
            </span>
            </span>
            <span class="add-to-cart--text d-none d-sm-block">Carrinho</span>
            </button>
            </div>
            </div>
            </div>
            </div>
            
            <div class="col-12 d-sm-none">
            </div>
            </div>
            </div>
            </div>
            </div>
            <div class="col-12 col-sm-3 col-lg-2 productTile" data-idx="12">
            
            <script type="text/javascript">//<!--
            /* <![CDATA[ */
            (function(){
            try {
                if(window.CQuotient) {
                var cq_params = {};
                
                cq_params.cookieId = window.CQuotient.getCQCookieId();
                cq_params.userId = window.CQuotient.getCQUserId();
                cq_params.emailId = CQuotient.getCQHashedEmail();
                cq_params.loginId = CQuotient.getCQHashedLogin();
                cq_params.accumulate = true;
                cq_params.products = [{
                    id: '3610559',
                    sku: ''
                }];
                cq_params.categoryId = 'padaria-e-pastelaria-padaria-forma';
                cq_params.refinements = '[{\"name\":\"priceMin\",\"value\":\"0.01\"},{\"name\":\"priceMax\",\"value\":\"null\"},{\"name\":\"curr\",\"value\":\"EUR\"},{\"name\":\"Category\",\"value\":\"padaria-e-pastelaria-padaria-forma\"}]';
                cq_params.personalized = 'false';
                cq_params.sortingRule = 'categories top-sellers';
                cq_params.imageUUID = '__UNDEFINED__';
                cq_params.realm = "BDVS";
                cq_params.siteId = "continente";
                cq_params.instanceType = "prd";
                cq_params.queryLocale = "default";
                cq_params.locale = window.CQuotient.locale;
                
                if(window.CQuotient.sendActivity)
                    window.CQuotient.sendActivity(CQuotient.clientId, 'viewCategory', cq_params);
                else
                    window.CQuotient.activities.push({
                        activityType: 'viewCategory',
                        parameters: cq_params
                    });
              }
            } catch(err) {}
            })();
            /* ]]> */
            // -->
            </script>
            <script type="text/javascript">//<!--
            /* <![CDATA[ (viewCategoryProduct-active_data.js) */
            (function(){
            try {
                if (dw.ac) {
                    var search_params = {};
                    search_params.persd = 'false';
                    search_params.refs = '[{\"name\":\"priceMin\",\"value\":\"0.01\"},{\"name\":\"priceMax\",\"value\":\"null\"},{\"name\":\"curr\",\"value\":\"EUR\"},{\"name\":\"Category\",\"value\":\"padaria-e-pastelaria-padaria-forma\"}]';
                    search_params.sort = 'categories top-sellers';
                    search_params.imageUUID = '';
                    search_params.searchID = '79fd584c-cee5-42dd-a07f-04e8467e04c2';
                    search_params.locale = 'default';
                    search_params.queryLocale = 'default';
                    search_params.showProducts = 'true';
                    dw.ac.applyContext({category: "padaria-e-pastelaria-padaria-forma", searchData: search_params});
                    if (typeof dw.ac._scheduleDataSubmission === "function") {
                        dw.ac._scheduleDataSubmission();
                    }
                }
            } catch(err) {}
            })();
            /* ]]> */
            // -->
            </script>
            <script type="text/javascript">//<!--
            /* <![CDATA[ (viewProduct-active_data.js) */
            dw.ac._capture({id: "3610559", type: "searchhit"});
            /* ]]> */
            // -->
            </script>
            <div class="product" data-pid="3610559">
            <div class="product-tile pid-3610559 ct-product-tile data-layer-pushed" data-delay-time="3000" data-variants-mapping="[]" data-in-cart-msg="no carrinho" data-one-product-added="Adicionado ao carrinho" data-remove-from-cart-msg="Removido do carrinho" data-stay-open="6000.0" data-product-tile-impression="{&quot;name&quot;:&quot;3610559&quot;,&quot;id&quot;:&quot;3610559&quot;,&quot;price&quot;:1.49,&quot;brand&quot;:&quot;Museu do Pão&quot;,&quot;category&quot;:[{&quot;category_level_1&quot;:&quot;Padaria e Pastelaria&quot;},{&quot;category_level_2&quot;:&quot;Padaria&quot;},{&quot;category_level_3&quot;:&quot;Pão de Forma e Embalado&quot;}],&quot;variant&quot;:&quot;&quot;}">
            <div class="ct-inner-tile-wrap row no-gutters justify-content-center align-content-start">
            
            <div class="ct-image-container col-4 col-sm" data-confirmation-image="{&quot;url&quot;:&quot;https://www.continente.pt/dw/image/v2/BDVS_PRD/on/demandware.static/-/Sites-col-master-catalog/default/dwa62cf539/images/col/361/3610559-frente.jpg?sw=87&amp;sh=80&quot;,&quot;fallbackimage&quot;:{&quot;url&quot;:&quot;https://www.continente.pt/dw/image/v2/BDVS_PRD/on/demandware.static/Sites-continente-Site/-/default/dw7c42b4da/images/noimagelarge_product.png?sw=87&amp;sh=80&quot;,&quot;title&quot;:&quot;Pão de Trigo da Serra da Estrela Fatiado&quot;,&quot;alt&quot;:&quot;Pão de Trigo da Serra da Estrela Fatiado&quot;},&quot;title&quot;:&quot;Pão de Trigo da Serra da Estrela Fatiado&quot;,&quot;alt&quot;:&quot;Pão de Trigo da Serra da Estrela Fatiado&quot;}">
            <a href="https://www.continente.pt/produto/pao-de-trigo-da-serra-da-estrela-fatiado-museu-do-pao-3610559.html?cgid=padaria-e-pastelaria-padaria-forma">
            <picture class="intrinsic intrinsic--square">
            <img class="ct-tile-image lazyloaded" loading="lazy" onerror="this.onerror=null;this.src='/on/demandware.static/Sites-continente-Site/-/default/dw7c42b4da/images/noimagelarge_product.png';" data-src="https://www.continente.pt/dw/image/v2/BDVS_PRD/on/demandware.static/-/Sites-col-master-catalog/default/dwa62cf539/images/col/361/3610559-frente.jpg?sw=280&amp;sh=280" alt="Pão de Trigo da Serra da Estrela Fatiado" title="Pão de Trigo da Serra da Estrela Fatiado" src="https://www.continente.pt/dw/image/v2/BDVS_PRD/on/demandware.static/-/Sites-col-master-catalog/default/dwa62cf539/images/col/361/3610559-frente.jpg?sw=280&amp;sh=280">
            </picture>
            </a>
            <div class="color-swatches d-flex" style="margin-left: 5px;">
            <div class="swatches d-flex">
            </div>
            </div>
            </div>
            <div class="ct-tile-body col col-sm-auto ">
            <div class="ct-pdp-details">
            <div class="ct-pdp-link">
            <a class="ct-tile--description" href="https://www.continente.pt/produto/pao-de-trigo-da-serra-da-estrela-fatiado-museu-do-pao-3610559.html?cgid=padaria-e-pastelaria-padaria-forma">Pão de Trigo da Serra da Estrela Fatiado</a>
            <div class="ct-tile--favorite-top d-sm-none">
            <button class="wishlist-toggler guest-mode inactive button button--tertiary" data-pid="3610559" data-add-url="https://www.continente.pt/on/demandware.store/Sites-continente-Site/default/Wishlist-AddProduct?pid=3610559" data-toggle="tooltip" aria-label="Adicionar aos favoritos " data-original-title="Adicionar aos favoritos" data-placement="top">
            <svg class="active-content" width="100%" height="100%" viewBox="0 0 20 22" fill="none" xmlns="http://www.w3.org/2000/svg">
            <path fill-rule="evenodd" clip-rule="evenodd" d="M0 1.53052C0 0.685236 0.692171 0 1.54601 0H15.0736C15.9274 0 16.6196 0.685235 16.6196 1.53052V13.4064L15.8127 13.922L14.2658 14.2658L12.7189 13.4064L10.6054 14.3818C10.4994 14.2451 10.3327 14.157 10.1452 14.157H6.76329C6.4431 14.157 6.18354 14.414 6.18354 14.731C6.18354 15.0479 6.4431 15.3049 6.76329 15.3049H10.1452C10.2478 15.3049 10.3441 15.2785 10.4277 15.2322L10.3126 16.8439L13.2345 20.2793H1.54601C0.69217 20.2793 0 19.5941 0 18.7488V1.53052ZM6.18354 5.5483C6.18354 5.23132 6.4431 4.97436 6.76329 4.97436H12.3676C12.6878 4.97436 12.9473 5.23132 12.9473 5.5483C12.9473 5.86528 12.6878 6.12224 12.3676 6.12224H6.76329C6.4431 6.12224 6.18354 5.86528 6.18354 5.5483ZM6.76329 11.0961C6.4431 11.0961 6.18354 11.3531 6.18354 11.6701C6.18354 11.987 6.4431 12.244 6.76329 12.244H12.3676C12.6878 12.244 12.9473 11.987 12.9473 11.6701C12.9473 11.3531 12.6878 11.0961 12.3676 11.0961H6.76329ZM6.18354 8.60985C6.18354 8.29287 6.4431 8.03591 6.76329 8.03591H12.3676C12.6878 8.03591 12.9473 8.29287 12.9473 8.60985C12.9473 8.92684 12.6878 9.1838 12.3676 9.1838H6.76329C6.4431 9.1838 6.18354 8.92684 6.18354 8.60985ZM3.67118 5.5483C3.67118 5.23132 3.93075 4.97436 4.25093 4.97436H4.63743C4.95762 4.97436 5.21719 5.23132 5.21719 5.5483C5.21719 5.86528 4.95762 6.12224 4.63743 6.12224H4.25093C3.93075 6.12224 3.67118 5.86528 3.67118 5.5483ZM4.25093 11.0961C3.93075 11.0961 3.67118 11.3531 3.67118 11.6701C3.67118 11.987 3.93075 12.244 4.25093 12.244H4.63743C4.95762 12.244 5.21719 11.987 5.21719 11.6701C5.21719 11.3531 4.95762 11.0961 4.63743 11.0961H4.25093ZM3.67118 8.60985C3.67118 8.29287 3.93075 8.03591 4.25093 8.03591H4.63743C4.95762 8.03591 5.21719 8.29287 5.21719 8.60985C5.21719 8.92684 4.95762 9.1838 4.63743 9.1838H4.25093C3.93075 9.1838 3.67118 8.92684 3.67118 8.60985ZM4.25093 14.157C3.93075 14.157 3.67118 14.414 3.67118 14.731C3.67118 15.0479 3.93075 15.3049 4.25093 15.3049H4.63743C4.95762 15.3049 5.21719 15.0479 5.21719 14.731C5.21719 14.414 4.95762 14.157 4.63743 14.157H4.25093Z" fill="#EB0203"></path>
            <path fill-rule="evenodd" clip-rule="evenodd" d="M14.6252 13.6363C13.4918 12.6215 11.7817 12.5264 10.6569 13.4792C9.12421 14.7764 9.34841 16.8912 10.4409 18.0122L14.0159 21.6742C14.2197 21.8832 14.4928 22 14.7822 22C15.0737 22 15.3448 21.8852 15.5486 21.6762L19.1236 18.0142C20.214 16.8933 20.4423 14.7785 18.9075 13.4792C17.7827 12.5283 16.0724 12.6217 14.9391 13.6365C14.8855 13.6845 14.8331 13.7345 14.7822 13.7866C14.7313 13.7345 14.6789 13.6843 14.6252 13.6363ZM18.1546 14.3522C19.0973 15.1508 18.9962 16.4896 18.2891 17.2173C18.2888 17.2175 18.2886 17.2177 18.2884 17.218L14.7832 20.8084L11.2753 17.2151C11.2752 17.215 11.2751 17.2149 11.2749 17.2148C10.5677 16.4887 10.4678 15.1495 11.4104 14.3518L11.4108 14.3514C12.0745 13.7892 13.2018 13.82 13.9488 14.5846L14.7822 15.4378L15.6157 14.5846C16.3617 13.8211 17.4896 13.79 18.1545 14.3521" fill="#EB0203"></path>
            </svg>
            <svg class="inactive-content" width="100%" height="100%" viewBox="0 0 20 23" fill="none" xmlns="http://www.w3.org/2000/svg">
            <path fill-rule="evenodd" clip-rule="evenodd" d="M6.18408 5.77914C6.18408 5.46223 6.44363 5.20532 6.7638 5.20532H12.3678C12.6879 5.20532 12.9475 5.46223 12.9475 5.77914C12.9475 6.09606 12.6879 6.35297 12.3678 6.35297H6.7638C6.44363 6.35297 6.18408 6.09606 6.18408 5.77914Z" fill="#EB0203"></path>
            <path fill-rule="evenodd" clip-rule="evenodd" d="M6.18408 11.9034C6.18408 11.5865 6.44363 11.3296 6.7638 11.3296H12.3678C12.6879 11.3296 12.9475 11.5865 12.9475 11.9034C12.9475 12.2202 12.6879 12.4771 12.3678 12.4771H6.7638C6.44363 12.4771 6.18408 12.2202 6.18408 11.9034Z" fill="#EB0203"></path>
            <path fill-rule="evenodd" clip-rule="evenodd" d="M6.18408 8.84116C6.18408 8.52424 6.44363 8.26733 6.7638 8.26733H12.3678C12.6879 8.26733 12.9475 8.52424 12.9475 8.84116C12.9475 9.15807 12.6879 9.41498 12.3678 9.41498H6.7638C6.44363 9.41498 6.18408 9.15807 6.18408 8.84116Z" fill="#EB0203"></path>
            <path fill-rule="evenodd" clip-rule="evenodd" d="M6.18408 14.9655C6.18408 14.6486 6.44363 14.3917 6.7638 14.3917H10.1455C10.4657 14.3917 10.7252 14.6486 10.7252 14.9655C10.7252 15.2825 10.4657 15.5394 10.1455 15.5394H6.7638C6.44363 15.5394 6.18408 15.2825 6.18408 14.9655Z" fill="#EB0203"></path>
            <path fill-rule="evenodd" clip-rule="evenodd" d="M3.67139 5.77914C3.67139 5.46223 3.93094 5.20532 4.25111 5.20532H4.63759C4.95776 5.20532 5.21731 5.46223 5.21731 5.77914C5.21731 6.09606 4.95776 6.35297 4.63759 6.35297H4.25111C3.93094 6.35297 3.67139 6.09606 3.67139 5.77914Z" fill="#EB0203"></path>
            <path fill-rule="evenodd" clip-rule="evenodd" d="M3.67139 11.9034C3.67139 11.5865 3.93094 11.3296 4.25111 11.3296H4.63759C4.95776 11.3296 5.21731 11.5865 5.21731 11.9034C5.21731 12.2202 4.95776 12.4771 4.63759 12.4771H4.25111C3.93094 12.4771 3.67139 12.2202 3.67139 11.9034Z" fill="#EB0203"></path>
            <path fill-rule="evenodd" clip-rule="evenodd" d="M3.67139 8.84116C3.67139 8.52424 3.93094 8.26733 4.25111 8.26733H4.63759C4.95776 8.26733 5.21731 8.52424 5.21731 8.84116C5.21731 9.15807 4.95776 9.41498 4.63759 9.41498H4.25111C3.93094 9.41498 3.67139 9.15807 3.67139 8.84116Z" fill="#EB0203"></path>
            <path fill-rule="evenodd" clip-rule="evenodd" d="M3.67139 14.9655C3.67139 14.6486 3.93094 14.3917 4.25111 14.3917H4.63759C4.95776 14.3917 5.21731 14.6486 5.21731 14.9655C5.21731 15.2825 4.95776 15.5394 4.63759 15.5394H4.25111C3.93094 15.5394 3.67139 15.2825 3.67139 14.9655Z" fill="#EB0203"></path>
            <path fill-rule="evenodd" clip-rule="evenodd" d="M0 1.76033C0 0.914738 0.692131 0.229248 1.54592 0.229248H15.0727C15.9265 0.229248 16.6186 0.914738 16.6186 1.76033V11.2818C16.6186 11.5989 16.3591 11.8559 16.0389 11.8559C15.7187 11.8559 15.4592 11.5989 15.4592 11.2818V1.76033C15.4592 1.54893 15.2862 1.37756 15.0727 1.37756H1.54592C1.33247 1.37756 1.15944 1.54893 1.15944 1.76033V18.985C1.15944 19.1964 1.33247 19.3678 1.54592 19.3678H9.27551C9.59568 19.3678 9.85523 19.6249 9.85523 19.942C9.85523 20.2591 9.59568 20.5161 9.27551 20.5161H1.54592C0.692131 20.5161 0 19.8306 0 18.985V1.76033Z" fill="#EB0203"></path>
            <path fill-rule="evenodd" clip-rule="evenodd" d="M14.6254 13.8718C13.4921 12.8567 11.7821 12.7615 10.6574 13.7147C9.12472 15.0124 9.34891 17.128 10.4413 18.2493L14.0161 21.9126C14.2199 22.1217 14.493 22.2386 14.7824 22.2386C15.0739 22.2386 15.3449 22.1238 15.5487 21.9147L19.1235 18.2514C20.2139 17.13 20.4422 15.0144 18.9075 13.7147C17.7827 12.7634 16.0726 12.8569 14.9392 13.872C14.8856 13.92 14.8333 13.9701 14.7824 14.0222C14.7314 13.97 14.6791 13.9199 14.6254 13.8718ZM18.1546 14.588C19.0972 15.3869 18.9961 16.7262 18.2891 17.4541C18.2888 17.4543 18.2886 17.4546 18.2884 17.4548L14.7834 21.0466L11.2757 17.452C11.2756 17.4519 11.2755 17.4517 11.2753 17.4516C10.5681 16.7252 10.4682 15.3856 11.4108 14.5876L11.4112 14.5872C12.0748 14.0248 13.202 14.0556 13.949 14.8205L14.7824 15.674L15.6158 14.8205C16.3618 14.0567 17.4896 14.0256 18.1545 14.5879" fill="#EB0203"></path>
            </svg>
            </button>
            </div>
            </div>
            <p class="ct-tile--brand">Museu do Pão</p>
            <p class="ct-tile--quantity">emb. 450 gr</p>
            </div>
            <div class="ct-tile-bottom row no-gutters justify-content-between">
            <div class="ct-price-wrap col-8 col-sm-12">
            <div class="price js-product-price">
            <div class="prices-wrapper">
            <span class="sales ct-tile--price-primary ">
            <span class="value" content="1.49">
            <span class="ct-price-formatted">
            €1,49
            </span>
            <span class="ct-m-unit">
            /un
            </span>
            </span>
            </span>
            </div>
            <div class="ct-tile--price-secondary">
            <span class="ct-price-value">
            €3,31
            </span>
            <span class="ct-m-unit">
            /kg
            </span>
            </div>
            </div>
            </div>
            <div class="ct-tile-buy-section d-flex justify-content-center no-gutters col-auto col-sm-12">
            <div class="col-2 d-sm-flex d-none">
            <button class="wishlist-toggler guest-mode inactive button button--tertiary" data-pid="3610559" data-add-url="https://www.continente.pt/on/demandware.store/Sites-continente-Site/default/Wishlist-AddProduct?pid=3610559" data-toggle="tooltip" aria-label="Adicionar aos favoritos " data-original-title="Adicionar aos favoritos" data-placement="top">
            <svg class="active-content" width="100%" height="100%" viewBox="0 0 20 22" fill="none" xmlns="http://www.w3.org/2000/svg">
            <path fill-rule="evenodd" clip-rule="evenodd" d="M0 1.53052C0 0.685236 0.692171 0 1.54601 0H15.0736C15.9274 0 16.6196 0.685235 16.6196 1.53052V13.4064L15.8127 13.922L14.2658 14.2658L12.7189 13.4064L10.6054 14.3818C10.4994 14.2451 10.3327 14.157 10.1452 14.157H6.76329C6.4431 14.157 6.18354 14.414 6.18354 14.731C6.18354 15.0479 6.4431 15.3049 6.76329 15.3049H10.1452C10.2478 15.3049 10.3441 15.2785 10.4277 15.2322L10.3126 16.8439L13.2345 20.2793H1.54601C0.69217 20.2793 0 19.5941 0 18.7488V1.53052ZM6.18354 5.5483C6.18354 5.23132 6.4431 4.97436 6.76329 4.97436H12.3676C12.6878 4.97436 12.9473 5.23132 12.9473 5.5483C12.9473 5.86528 12.6878 6.12224 12.3676 6.12224H6.76329C6.4431 6.12224 6.18354 5.86528 6.18354 5.5483ZM6.76329 11.0961C6.4431 11.0961 6.18354 11.3531 6.18354 11.6701C6.18354 11.987 6.4431 12.244 6.76329 12.244H12.3676C12.6878 12.244 12.9473 11.987 12.9473 11.6701C12.9473 11.3531 12.6878 11.0961 12.3676 11.0961H6.76329ZM6.18354 8.60985C6.18354 8.29287 6.4431 8.03591 6.76329 8.03591H12.3676C12.6878 8.03591 12.9473 8.29287 12.9473 8.60985C12.9473 8.92684 12.6878 9.1838 12.3676 9.1838H6.76329C6.4431 9.1838 6.18354 8.92684 6.18354 8.60985ZM3.67118 5.5483C3.67118 5.23132 3.93075 4.97436 4.25093 4.97436H4.63743C4.95762 4.97436 5.21719 5.23132 5.21719 5.5483C5.21719 5.86528 4.95762 6.12224 4.63743 6.12224H4.25093C3.93075 6.12224 3.67118 5.86528 3.67118 5.5483ZM4.25093 11.0961C3.93075 11.0961 3.67118 11.3531 3.67118 11.6701C3.67118 11.987 3.93075 12.244 4.25093 12.244H4.63743C4.95762 12.244 5.21719 11.987 5.21719 11.6701C5.21719 11.3531 4.95762 11.0961 4.63743 11.0961H4.25093ZM3.67118 8.60985C3.67118 8.29287 3.93075 8.03591 4.25093 8.03591H4.63743C4.95762 8.03591 5.21719 8.29287 5.21719 8.60985C5.21719 8.92684 4.95762 9.1838 4.63743 9.1838H4.25093C3.93075 9.1838 3.67118 8.92684 3.67118 8.60985ZM4.25093 14.157C3.93075 14.157 3.67118 14.414 3.67118 14.731C3.67118 15.0479 3.93075 15.3049 4.25093 15.3049H4.63743C4.95762 15.3049 5.21719 15.0479 5.21719 14.731C5.21719 14.414 4.95762 14.157 4.63743 14.157H4.25093Z" fill="#EB0203"></path>
            <path fill-rule="evenodd" clip-rule="evenodd" d="M14.6252 13.6363C13.4918 12.6215 11.7817 12.5264 10.6569 13.4792C9.12421 14.7764 9.34841 16.8912 10.4409 18.0122L14.0159 21.6742C14.2197 21.8832 14.4928 22 14.7822 22C15.0737 22 15.3448 21.8852 15.5486 21.6762L19.1236 18.0142C20.214 16.8933 20.4423 14.7785 18.9075 13.4792C17.7827 12.5283 16.0724 12.6217 14.9391 13.6365C14.8855 13.6845 14.8331 13.7345 14.7822 13.7866C14.7313 13.7345 14.6789 13.6843 14.6252 13.6363ZM18.1546 14.3522C19.0973 15.1508 18.9962 16.4896 18.2891 17.2173C18.2888 17.2175 18.2886 17.2177 18.2884 17.218L14.7832 20.8084L11.2753 17.2151C11.2752 17.215 11.2751 17.2149 11.2749 17.2148C10.5677 16.4887 10.4678 15.1495 11.4104 14.3518L11.4108 14.3514C12.0745 13.7892 13.2018 13.82 13.9488 14.5846L14.7822 15.4378L15.6157 14.5846C16.3617 13.8211 17.4896 13.79 18.1545 14.3521" fill="#EB0203"></path>
            </svg>
            <svg class="inactive-content" width="100%" height="100%" viewBox="0 0 20 23" fill="none" xmlns="http://www.w3.org/2000/svg">
            <path fill-rule="evenodd" clip-rule="evenodd" d="M6.18408 5.77914C6.18408 5.46223 6.44363 5.20532 6.7638 5.20532H12.3678C12.6879 5.20532 12.9475 5.46223 12.9475 5.77914C12.9475 6.09606 12.6879 6.35297 12.3678 6.35297H6.7638C6.44363 6.35297 6.18408 6.09606 6.18408 5.77914Z" fill="#EB0203"></path>
            <path fill-rule="evenodd" clip-rule="evenodd" d="M6.18408 11.9034C6.18408 11.5865 6.44363 11.3296 6.7638 11.3296H12.3678C12.6879 11.3296 12.9475 11.5865 12.9475 11.9034C12.9475 12.2202 12.6879 12.4771 12.3678 12.4771H6.7638C6.44363 12.4771 6.18408 12.2202 6.18408 11.9034Z" fill="#EB0203"></path>
            <path fill-rule="evenodd" clip-rule="evenodd" d="M6.18408 8.84116C6.18408 8.52424 6.44363 8.26733 6.7638 8.26733H12.3678C12.6879 8.26733 12.9475 8.52424 12.9475 8.84116C12.9475 9.15807 12.6879 9.41498 12.3678 9.41498H6.7638C6.44363 9.41498 6.18408 9.15807 6.18408 8.84116Z" fill="#EB0203"></path>
            <path fill-rule="evenodd" clip-rule="evenodd" d="M6.18408 14.9655C6.18408 14.6486 6.44363 14.3917 6.7638 14.3917H10.1455C10.4657 14.3917 10.7252 14.6486 10.7252 14.9655C10.7252 15.2825 10.4657 15.5394 10.1455 15.5394H6.7638C6.44363 15.5394 6.18408 15.2825 6.18408 14.9655Z" fill="#EB0203"></path>
            <path fill-rule="evenodd" clip-rule="evenodd" d="M3.67139 5.77914C3.67139 5.46223 3.93094 5.20532 4.25111 5.20532H4.63759C4.95776 5.20532 5.21731 5.46223 5.21731 5.77914C5.21731 6.09606 4.95776 6.35297 4.63759 6.35297H4.25111C3.93094 6.35297 3.67139 6.09606 3.67139 5.77914Z" fill="#EB0203"></path>
            <path fill-rule="evenodd" clip-rule="evenodd" d="M3.67139 11.9034C3.67139 11.5865 3.93094 11.3296 4.25111 11.3296H4.63759C4.95776 11.3296 5.21731 11.5865 5.21731 11.9034C5.21731 12.2202 4.95776 12.4771 4.63759 12.4771H4.25111C3.93094 12.4771 3.67139 12.2202 3.67139 11.9034Z" fill="#EB0203"></path>
            <path fill-rule="evenodd" clip-rule="evenodd" d="M3.67139 8.84116C3.67139 8.52424 3.93094 8.26733 4.25111 8.26733H4.63759C4.95776 8.26733 5.21731 8.52424 5.21731 8.84116C5.21731 9.15807 4.95776 9.41498 4.63759 9.41498H4.25111C3.93094 9.41498 3.67139 9.15807 3.67139 8.84116Z" fill="#EB0203"></path>
            <path fill-rule="evenodd" clip-rule="evenodd" d="M3.67139 14.9655C3.67139 14.6486 3.93094 14.3917 4.25111 14.3917H4.63759C4.95776 14.3917 5.21731 14.6486 5.21731 14.9655C5.21731 15.2825 4.95776 15.5394 4.63759 15.5394H4.25111C3.93094 15.5394 3.67139 15.2825 3.67139 14.9655Z" fill="#EB0203"></path>
            <path fill-rule="evenodd" clip-rule="evenodd" d="M0 1.76033C0 0.914738 0.692131 0.229248 1.54592 0.229248H15.0727C15.9265 0.229248 16.6186 0.914738 16.6186 1.76033V11.2818C16.6186 11.5989 16.3591 11.8559 16.0389 11.8559C15.7187 11.8559 15.4592 11.5989 15.4592 11.2818V1.76033C15.4592 1.54893 15.2862 1.37756 15.0727 1.37756H1.54592C1.33247 1.37756 1.15944 1.54893 1.15944 1.76033V18.985C1.15944 19.1964 1.33247 19.3678 1.54592 19.3678H9.27551C9.59568 19.3678 9.85523 19.6249 9.85523 19.942C9.85523 20.2591 9.59568 20.5161 9.27551 20.5161H1.54592C0.692131 20.5161 0 19.8306 0 18.985V1.76033Z" fill="#EB0203"></path>
            <path fill-rule="evenodd" clip-rule="evenodd" d="M14.6254 13.8718C13.4921 12.8567 11.7821 12.7615 10.6574 13.7147C9.12472 15.0124 9.34891 17.128 10.4413 18.2493L14.0161 21.9126C14.2199 22.1217 14.493 22.2386 14.7824 22.2386C15.0739 22.2386 15.3449 22.1238 15.5487 21.9147L19.1235 18.2514C20.2139 17.13 20.4422 15.0144 18.9075 13.7147C17.7827 12.7634 16.0726 12.8569 14.9392 13.872C14.8856 13.92 14.8333 13.9701 14.7824 14.0222C14.7314 13.97 14.6791 13.9199 14.6254 13.8718ZM18.1546 14.588C19.0972 15.3869 18.9961 16.7262 18.2891 17.4541C18.2888 17.4543 18.2886 17.4546 18.2884 17.4548L14.7834 21.0466L11.2757 17.452C11.2756 17.4519 11.2755 17.4517 11.2753 17.4516C10.5681 16.7252 10.4682 15.3856 11.4108 14.5876L11.4112 14.5872C12.0748 14.0248 13.202 14.0556 13.949 14.8205L14.7824 15.674L15.6158 14.8205C16.3618 14.0567 17.4896 14.0256 18.1545 14.5879" fill="#EB0203"></path>
            </svg>
            </button>
            </div>
            <div class="col-sm-10 col-12">
            <div class="ct-tile-quantity d-none" data-pid="3610559">
            <input type="hidden" class="add-to-cart-url" value="https://www.continente.pt/on/demandware.store/Sites-continente-Site/default/Cart-AddProduct">
            <div class="d-none tile-delete-confirmation-btn" data-pid="3610559" data-delay-time="3000" data-in-cart-msg="no carrinho" data-one-product-added="Adicionado ao carrinho" data-remove-from-cart-msg="Removido do carrinho" data-stay-open="6000.0" data-confirmation-image="{&quot;url&quot;:&quot;https://www.continente.pt/dw/image/v2/BDVS_PRD/on/demandware.static/-/Sites-col-master-catalog/default/dwa62cf539/images/col/361/3610559-frente.jpg?sw=87&amp;sh=80&quot;,&quot;fallbackimage&quot;:{&quot;url&quot;:&quot;https://www.continente.pt/dw/image/v2/BDVS_PRD/on/demandware.static/Sites-continente-Site/-/default/dw7c42b4da/images/noimagelarge_product.png?sw=87&amp;sh=80&quot;,&quot;title&quot;:&quot;Pão de Trigo da Serra da Estrela Fatiado&quot;,&quot;alt&quot;:&quot;Pão de Trigo da Serra da Estrela Fatiado&quot;},&quot;title&quot;:&quot;Pão de Trigo da Serra da Estrela Fatiado&quot;,&quot;alt&quot;:&quot;Pão de Trigo da Serra da Estrela Fatiado&quot;}"></div>
            <div class="ct-tile-quantity-update quantity-update product-qty-vue" data-remove-action="https://www.continente.pt/on/demandware.store/Sites-continente-Site/default/Cart-RemoveProductLineItem" data-action="https://www.continente.pt/on/demandware.store/Sites-continente-Site/default/Cart-UpdateQuantity" data-dimension-update="https://www.continente.pt/on/demandware.store/Sites-continente-Site/default/Cart-DimensionUpdate" data-pid="3610559" data-uuid="c44f5ec2a00498d328b523b870" data-add-delay="500.0" data-measure-options="{&quot;hasConversionRate&quot;:false,&quot;hasAlternativeSaleUnit&quot;:false,&quot;unitConversionRate&quot;:0,&quot;minOrderQuantity&quot;:1,&quot;stepQuantity&quot;:1,&quot;primaryunit&quot;:&quot;un&quot;,&quot;secondaryunit&quot;:&quot;kg&quot;,&quot;selectedunit&quot;:&quot;primary&quot;,&quot;maxNumberOfUnitsPerSale&quot;:50}" data-price-available="null" :data-has-error="isMaxQtyReached || isMinQtyReached || qtySelectedMoreThanOne">
            <template v-show="prodUnits">
            <div class="quantity-input-wrapper has-units">
            <label class="visually-hidden" :for="'quantity-' + pid + additionalTag">
            Quantidade no carrinho
            </label>
            <input :ref="'quantityInput-' + pid + additionalTag" class="add-to-cart-quantity form-control ct-form-input text-center" inputmode="numeric" :class="{'is-invalid': isInvalid}" :data-pid="pid + additionalTag" :name="'quantity-' + pid + additionalTag" type="text" aria-label="Insira a quantidade" title="" v-model="displayValue" @change="updateQuantity" @focus="updateQtyFormat" @blur="restoreQtyFormat" :disabled="!isPriceAvailable">
            <span class="quantity-icon quantity-icon--minus">
            <button class="decrease-quantity-btn" @click="updateQuantity" :disabled="!isPriceAvailable" role="button" aria-label="Reduzir quantidade">
            <i class="css-math-minus"></i>
            </button>
            </span>
            <span class="quantity-icon quantity-icon--plus">
            <button class="increase-quantity-btn" @click="updateQuantity" :disabled="isMaxQtyReached || !isPriceAvailable" role="button" aria-label="Aumentar quantidade">
            <i class="css-math-plus"></i>
            </button>
            <span class="quantity-btn-disabled-placeholder"></span>
            </span>
            <template v-if="isPDP">
            <span class="quantity-error ct-span-error text-sm-center product-max-allocation" v-if="isMaxQtyReached">
            Quantidade máxima atingida
            </span>
            <span class="quantity-error ct-span-product text-sm-center product-allocation" v-if="!isMinQtyReached &amp;&amp; !isMaxQtyReached">
            {{quantitySelected}} no carrinho
            </span>
            <span class="quantity-error ct-span-error text-sm-center product-min-allocation" :data-pid="pid" v-if="isMinQtyReached &amp;&amp; !isMaxQtyReached">
            Quantidade mínima atingida
            </span>
            </template>
            </div>
            <template v-if="showNotes">
            <div class="add-note-link-container ">
            <div class="add-note">
            <a href="/produto/pao-de-trigo-da-serra-da-estrela-fatiado-museu-do-pao-3610559.html?showNote=true" class="ct-add-note-redirect-pdp" aria-label="Adicionar comentário">
            <span class="svg-wrapper svg-icon-notes" style="width:19px; height:20px">
            <svg class="svg-inline icon-notes" viewBox="0 0 28 30" xmlns="http://www.w3.org/2000/svg" width="100%" height="100%"><path d="M21.738 0C22.985 0 24 1.04 24 2.319V12.47c0 .469-.37.848-.828.848-.457 0-.827-.38-.827-.848V2.32c0-.343-.273-.622-.607-.622H2.262c-.334 0-.607.279-.607.622V27.68c0 .343.273.622.607.622h7.81c.457 0 .827.38.827.849 0 .468-.37.848-.827.848h-7.81C1.015 30 0 28.96 0 27.681V2.32C0 1.04 1.015 0 2.262 0h19.476zm2.844 16.004l.227.007c.823.053 1.589.39 2.176.964.64.627.993 1.46.993 2.349 0 .888-.353 1.722-.993 2.348l-6.83 6.665c-.11.108-.247.186-.397.226l-5.032 1.363c-.078.021-.16.032-.241.032-.242 0-.478-.097-.647-.266-.23-.231-.314-.566-.218-.874l1.49-4.798c.044-.139.122-.266.227-.369l6.844-6.677c.64-.625 1.493-.97 2.401-.97zm-2.886 3.94l-4.922 4.802-.947 3.048 3.22-.872 4.897-4.78-2.248-2.197zm2.887-2.174c-.425 0-.824.162-1.124.455l-.484.472 2.248 2.197.484-.472c.62-.606.62-1.591 0-2.197l-.117-.104c-.283-.227-.636-.35-1.007-.35zm-10.839.022c.498 0 .904.396.904.883 0 .488-.406.884-.904.884H5.946c-.499 0-.904-.396-.904-.884 0-.487.405-.883.904-.883zm5.042-4.876c.498 0 .904.397.904.884s-.406.884-.904.884H5.946c-.499 0-.904-.397-.904-.884s.405-.884.904-.884zm0-4.875c.498 0 .904.396.904.884 0 .487-.406.883-.904.883H5.946c-.499 0-.904-.396-.904-.883 0-.488.405-.884.904-.884z" fill="#EB0203" fill-rule="evenodd"></path></svg>
            </span>
            <div class="available-note d-none"></div>
            </a>
            </div>
            </div>
            </template>
            <div class="measurement-unit-section" v-if="isPriceAvailable &amp;&amp; prodUnits ? prodUnits.hasAlternativeUnit : false">
            <div class="ct-form-radio" @click="setDimension">
            <input type="radio" title="" class="ct-form-check-input product-measurement-unit" :data-type="prodUnits.selectedUnit == prodUnits.secondaryUnit ? 'primary' : ''" :id="prodUnits.secondaryUnit + '-' + pid + '-measurement-unit-ptile' + additionalTag" :name="'measurement-unit-' + pid + '-ptile' + additionalTag" :value="prodUnits.secondaryUnit" v-model="prodUnits.selectedUnit">
            <label :class="prodUnits.secondaryUnit + '-label ct-form-check-label mb-0'" :for="prodUnits.secondaryUnit + '-' + pid + '-measurement-unit-ptile' + additionalTag">
            {{prodUnits.secondaryUnit}}
            </label>
            <span class="checkmark"></span>
            </div>
            <div class="ct-form-radio" @click="setDimension">
            <input type="radio" title="" class="ct-form-check-input product-measurement-unit" :data-type="prodUnits.selectedUnit == prodUnits.primaryUnit ? 'primary' : ''" :id="prodUnits.primaryUnit + '-' + pid + '-measurement-unit-ptile' + additionalTag" :name="'measurement-unit-' + pid + '-ptile' + additionalTag" :value="prodUnits.primaryUnit" v-model="prodUnits.selectedUnit">
            <label :class="prodUnits.primaryUnit + '-label ct-form-check-label mb-0'" :for="prodUnits.primaryUnit + '-' + pid + '-measurement-unit-ptile' + additionalTag">
            {{prodUnits.primaryUnit}}
            </label>
            <span class="checkmark"></span>
            </div>
            </div>
            <template v-if="!isPDP &amp;&amp; isPriceAvailable">
            <span class="quantity-error ct-span-error product-max-allocation" v-if="isMaxQtyReached">
            Quantidade máxima atingida
            </span>
            <span class="quantity-error ct-span-product product-allocation" v-if="!isMinQtyReached &amp;&amp; !isMaxQtyReached">
            {{quantitySelected}} no carrinho
            </span>
            <span class="quantity-error ct-span-error product-min-allocation" :data-pid="pid" v-if="isMinQtyReached &amp;&amp; !isMaxQtyReached">
            Quantidade mínima atingida
            </span>
            </template>
            </template>
            </div>
            <input class="quantity-value-mask d-none" name="quantity" type="number" min="0" value="">
            </div>
            <button type="button" class="add-to-cart button js-add-to-cart js-add-to-cart-tile 3610559 button--primary dynamic-layout-btn" data-toggle="modal" data-target="#chooseBonusProductModal" data-pid="3610559" data-quantity-value="null" aria-label="Carrinho">
            <span class="d-block d-sm-none">
            <span class="svg-wrapper svg-icon-cart" style="width:20px; height:20px">
            <svg class="svg-inline icon-cart" xmlns="http://www.w3.org/2000/svg" viewBox="0 0 500 500" width="100%" height="100%"><path fill="#EB0203" fill-rule="evenodd" d="M 485.67317,94.386311 C 476.37798,83.847129 463.09468,78.03348 448.30404,78.03348 H 90.690813 L 87.079511,51.327997 C 83.185582,22.539551 62.962285,0 41.011841,0 H 14.727836 C 6.563151,0 0,6.5286975 0,14.580758 c 0,8.05206 6.5945535,14.580758 14.727836,14.580758 h 26.284005 c 4.710398,0 14.696435,9.855222 16.894619,26.021523 L 100.01739,368.0631 c 1.88416,13.77244 9.01256,26.70549 20.1605,36.37417 8.25889,7.15046 18.02511,11.9071 28.26237,13.89679 -4.17655,7.58572 -6.53175,16.25957 -6.53175,25.493 0,29.53459 24.27424,53.59751 54.13815,53.59751 29.8325,0 54.13814,-24.03184 54.13814,-53.59751 0,-8.79818 -2.19818,-17.09897 -5.9979,-24.43598 h 77.12488 c -3.79973,7.33701 -5.96652,15.6378 -5.96652,24.43598 0,29.53459 24.27424,53.59751 54.13817,53.59751 29.83249,0 54.13814,-24.03184 54.13814,-53.59751 0,-8.79818 -2.1982,-17.09897 -5.9979,-24.43598 h 38.56243 c 8.13328,0 14.72783,-6.5287 14.72783,-14.61183 0,-8.02098 -6.59455,-14.54967 -14.72783,-14.54967 H 159.24277 c -14.38241,0 -28.13677,-11.90711 -30.02092,-26.02153 l -3.07746,-22.88154 h 290.6314 c 14.03698,0 27.94834,-5.28513 39.06488,-14.95381 11.11652,-9.6376 18.27632,-22.57065 20.16048,-36.37417 l 21.10259,-156.78201 c 1.94694,-14.51858 -2.10398,-28.29103 -11.43057,-38.861299 z M 220.76053,443.82706 c 0,13.49265 -11.08513,24.46709 -24.68247,24.46709 -13.62874,0 -24.71387,-10.97444 -24.71387,-24.46709 0,-13.49262 11.08513,-24.43598 24.71387,-24.43598 13.59734,0 24.68247,10.94336 24.68247,24.43598 z m 173.43675,0 c 0,13.49265 -11.08512,24.46709 -24.68245,24.46709 -13.62876,0 -24.71388,-10.97444 -24.71388,-24.46709 0,-13.49262 11.08512,-24.43598 24.71388,-24.43598 13.59733,0 24.68245,10.94336 24.68245,24.43598 z m 73.7648,-314.46558 -21.13397,156.782 c -1.88416,14.11442 -15.63851,26.05261 -30.02091,26.05261 H 122.25046 L 94.616142,107.19499 H 448.33544 c 6.18632,0 11.61896,2.2695 15.23028,6.37326 3.64269,4.13484 5.21283,9.73086 4.39636,15.79323 z"></path></svg>
            </span>
            </span>
            <span class="add-to-cart--text d-none d-sm-block">Carrinho</span>
            </button>
            </div>
            </div>
            </div>
            </div>
            
            <div class="col-12 d-sm-none">
            </div>
            </div>
            </div>
            </div>
            </div>
            <div class="col-12 col-sm-3 col-lg-2 productTile" data-idx="13">
            
            <script type="text/javascript">//<!--
            /* <![CDATA[ */
            (function(){
            try {
                if(window.CQuotient) {
                var cq_params = {};
                
                cq_params.cookieId = window.CQuotient.getCQCookieId();
                cq_params.userId = window.CQuotient.getCQUserId();
                cq_params.emailId = CQuotient.getCQHashedEmail();
                cq_params.loginId = CQuotient.getCQHashedLogin();
                cq_params.accumulate = true;
                cq_params.products = [{
                    id: '6578922',
                    sku: ''
                }];
                cq_params.categoryId = 'padaria-e-pastelaria-padaria-forma';
                cq_params.refinements = '[{\"name\":\"priceMin\",\"value\":\"0.01\"},{\"name\":\"priceMax\",\"value\":\"null\"},{\"name\":\"curr\",\"value\":\"EUR\"},{\"name\":\"Category\",\"value\":\"padaria-e-pastelaria-padaria-forma\"}]';
                cq_params.personalized = 'false';
                cq_params.sortingRule = 'categories top-sellers';
                cq_params.imageUUID = '__UNDEFINED__';
                cq_params.realm = "BDVS";
                cq_params.siteId = "continente";
                cq_params.instanceType = "prd";
                cq_params.queryLocale = "default";
                cq_params.locale = window.CQuotient.locale;
                
                if(window.CQuotient.sendActivity)
                    window.CQuotient.sendActivity(CQuotient.clientId, 'viewCategory', cq_params);
                else
                    window.CQuotient.activities.push({
                        activityType: 'viewCategory',
                        parameters: cq_params
                    });
              }
            } catch(err) {}
            })();
            /* ]]> */
            // -->
            </script>
            <script type="text/javascript">//<!--
            /* <![CDATA[ (viewCategoryProduct-active_data.js) */
            (function(){
            try {
                if (dw.ac) {
                    var search_params = {};
                    search_params.persd = 'false';
                    search_params.refs = '[{\"name\":\"priceMin\",\"value\":\"0.01\"},{\"name\":\"priceMax\",\"value\":\"null\"},{\"name\":\"curr\",\"value\":\"EUR\"},{\"name\":\"Category\",\"value\":\"padaria-e-pastelaria-padaria-forma\"}]';
                    search_params.sort = 'categories top-sellers';
                    search_params.imageUUID = '';
                    search_params.searchID = '79fd584c-cee5-42dd-a07f-04e8467e04c2';
                    search_params.locale = 'default';
                    search_params.queryLocale = 'default';
                    search_params.showProducts = 'true';
                    dw.ac.applyContext({category: "padaria-e-pastelaria-padaria-forma", searchData: search_params});
                    if (typeof dw.ac._scheduleDataSubmission === "function") {
                        dw.ac._scheduleDataSubmission();
                    }
                }
            } catch(err) {}
            })();
            /* ]]> */
            // -->
            </script>
            <script type="text/javascript">//<!--
            /* <![CDATA[ (viewProduct-active_data.js) */
            dw.ac._capture({id: "6578922", type: "searchhit"});
            /* ]]> */
            // -->
            </script>
            <div class="product" data-pid="6578922">
            <div class="product-tile pid-6578922 ct-product-tile data-layer-pushed" data-delay-time="3000" data-variants-mapping="[]" data-in-cart-msg="no carrinho" data-one-product-added="Adicionado ao carrinho" data-remove-from-cart-msg="Removido do carrinho" data-stay-open="6000.0" data-product-tile-impression="{&quot;name&quot;:&quot;6578922&quot;,&quot;id&quot;:&quot;6578922&quot;,&quot;price&quot;:1.64,&quot;brand&quot;:&quot;Panrico&quot;,&quot;category&quot;:[{&quot;category_level_1&quot;:&quot;Padaria e Pastelaria&quot;},{&quot;category_level_2&quot;:&quot;Padaria&quot;},{&quot;category_level_3&quot;:&quot;Pão de Forma e Embalado&quot;}],&quot;variant&quot;:&quot;&quot;}">
            <div class="ct-inner-tile-wrap row no-gutters justify-content-center align-content-start">
            <div class="ct-product-tile-badge ct-product-tile-badge--promotional">
            <img class="img-fluid lazyloaded" loading="lazy" data-src="https://www.continente.pt/dw/image/v2/BDVS_PRD/on/demandware.static/-/Sites-continente-Library/default/dwf5980f2e/images/badges/pvpr/col/pvpr.png?sw=60&amp;sh=42" alt="PVP Recomendado: €2,19/un" title="PVP Recomendado: €2,19/un" src="https://www.continente.pt/dw/image/v2/BDVS_PRD/on/demandware.static/-/Sites-continente-Library/default/dwf5980f2e/images/badges/pvpr/col/pvpr.png?sw=60&amp;sh=42">
            <div class="ct-product-tile-badge-value-wrapper ct-product-tile-badge-value-wrapper--pvpr  ">
            <span class="ct-product-tile-badge-value--pvpr">
            25
            </span>
            <span class="ct-product-tile-badge-value--pvpr-quantifier ">
            %
            </span>
            </div>
            </div>
            
            <div class="ct-image-container col-4 col-sm" data-confirmation-image="{&quot;url&quot;:&quot;https://www.continente.pt/dw/image/v2/BDVS_PRD/on/demandware.static/-/Sites-col-master-catalog/default/dw5a9a9b22/images/col/657/6578922-frente.jpg?sw=87&amp;sh=80&quot;,&quot;fallbackimage&quot;:{&quot;url&quot;:&quot;https://www.continente.pt/dw/image/v2/BDVS_PRD/on/demandware.static/Sites-continente-Site/-/default/dw7c42b4da/images/noimagelarge_product.png?sw=87&amp;sh=80&quot;,&quot;title&quot;:&quot;Pão de Forma com Côdea  Especial Torradas&quot;,&quot;alt&quot;:&quot;Pão de Forma com Côdea  Especial Torradas&quot;},&quot;title&quot;:&quot;Pão de Forma com Côdea  Especial Torradas&quot;,&quot;alt&quot;:&quot;Pão de Forma com Côdea  Especial Torradas&quot;}">
            <a href="https://www.continente.pt/produto/pao-de-forma-com-codea--especial-torradas-panrico-6578922.html?cgid=padaria-e-pastelaria-padaria-forma">
            <picture class="intrinsic intrinsic--square">
            <img class="ct-tile-image lazyloaded" loading="lazy" onerror="this.onerror=null;this.src='/on/demandware.static/Sites-continente-Site/-/default/dw7c42b4da/images/noimagelarge_product.png';" data-src="https://www.continente.pt/dw/image/v2/BDVS_PRD/on/demandware.static/-/Sites-col-master-catalog/default/dw5a9a9b22/images/col/657/6578922-frente.jpg?sw=280&amp;sh=280" alt="Pão de Forma com Côdea  Especial Torradas" title="Pão de Forma com Côdea  Especial Torradas" src="https://www.continente.pt/dw/image/v2/BDVS_PRD/on/demandware.static/-/Sites-col-master-catalog/default/dw5a9a9b22/images/col/657/6578922-frente.jpg?sw=280&amp;sh=280">
            </picture>
            </a>
            <div class="color-swatches d-flex" style="margin-left: 5px;">
            <div class="swatches d-flex">
            </div>
            </div>
            </div>
            <div class="ct-tile-body col col-sm-auto ">
            <div class="ct-pdp-details">
            <div class="ct-pdp-link">
            <a class="ct-tile--description" href="https://www.continente.pt/produto/pao-de-forma-com-codea--especial-torradas-panrico-6578922.html?cgid=padaria-e-pastelaria-padaria-forma">Pão de Forma com Côdea Especial Torradas</a>
            <div class="ct-tile--favorite-top d-sm-none">
            <button class="wishlist-toggler guest-mode inactive button button--tertiary" data-pid="6578922" data-add-url="https://www.continente.pt/on/demandware.store/Sites-continente-Site/default/Wishlist-AddProduct?pid=6578922" data-toggle="tooltip" aria-label="Adicionar aos favoritos " data-original-title="Adicionar aos favoritos" data-placement="top">
            <svg class="active-content" width="100%" height="100%" viewBox="0 0 20 22" fill="none" xmlns="http://www.w3.org/2000/svg">
            <path fill-rule="evenodd" clip-rule="evenodd" d="M0 1.53052C0 0.685236 0.692171 0 1.54601 0H15.0736C15.9274 0 16.6196 0.685235 16.6196 1.53052V13.4064L15.8127 13.922L14.2658 14.2658L12.7189 13.4064L10.6054 14.3818C10.4994 14.2451 10.3327 14.157 10.1452 14.157H6.76329C6.4431 14.157 6.18354 14.414 6.18354 14.731C6.18354 15.0479 6.4431 15.3049 6.76329 15.3049H10.1452C10.2478 15.3049 10.3441 15.2785 10.4277 15.2322L10.3126 16.8439L13.2345 20.2793H1.54601C0.69217 20.2793 0 19.5941 0 18.7488V1.53052ZM6.18354 5.5483C6.18354 5.23132 6.4431 4.97436 6.76329 4.97436H12.3676C12.6878 4.97436 12.9473 5.23132 12.9473 5.5483C12.9473 5.86528 12.6878 6.12224 12.3676 6.12224H6.76329C6.4431 6.12224 6.18354 5.86528 6.18354 5.5483ZM6.76329 11.0961C6.4431 11.0961 6.18354 11.3531 6.18354 11.6701C6.18354 11.987 6.4431 12.244 6.76329 12.244H12.3676C12.6878 12.244 12.9473 11.987 12.9473 11.6701C12.9473 11.3531 12.6878 11.0961 12.3676 11.0961H6.76329ZM6.18354 8.60985C6.18354 8.29287 6.4431 8.03591 6.76329 8.03591H12.3676C12.6878 8.03591 12.9473 8.29287 12.9473 8.60985C12.9473 8.92684 12.6878 9.1838 12.3676 9.1838H6.76329C6.4431 9.1838 6.18354 8.92684 6.18354 8.60985ZM3.67118 5.5483C3.67118 5.23132 3.93075 4.97436 4.25093 4.97436H4.63743C4.95762 4.97436 5.21719 5.23132 5.21719 5.5483C5.21719 5.86528 4.95762 6.12224 4.63743 6.12224H4.25093C3.93075 6.12224 3.67118 5.86528 3.67118 5.5483ZM4.25093 11.0961C3.93075 11.0961 3.67118 11.3531 3.67118 11.6701C3.67118 11.987 3.93075 12.244 4.25093 12.244H4.63743C4.95762 12.244 5.21719 11.987 5.21719 11.6701C5.21719 11.3531 4.95762 11.0961 4.63743 11.0961H4.25093ZM3.67118 8.60985C3.67118 8.29287 3.93075 8.03591 4.25093 8.03591H4.63743C4.95762 8.03591 5.21719 8.29287 5.21719 8.60985C5.21719 8.92684 4.95762 9.1838 4.63743 9.1838H4.25093C3.93075 9.1838 3.67118 8.92684 3.67118 8.60985ZM4.25093 14.157C3.93075 14.157 3.67118 14.414 3.67118 14.731C3.67118 15.0479 3.93075 15.3049 4.25093 15.3049H4.63743C4.95762 15.3049 5.21719 15.0479 5.21719 14.731C5.21719 14.414 4.95762 14.157 4.63743 14.157H4.25093Z" fill="#EB0203"></path>
            <path fill-rule="evenodd" clip-rule="evenodd" d="M14.6252 13.6363C13.4918 12.6215 11.7817 12.5264 10.6569 13.4792C9.12421 14.7764 9.34841 16.8912 10.4409 18.0122L14.0159 21.6742C14.2197 21.8832 14.4928 22 14.7822 22C15.0737 22 15.3448 21.8852 15.5486 21.6762L19.1236 18.0142C20.214 16.8933 20.4423 14.7785 18.9075 13.4792C17.7827 12.5283 16.0724 12.6217 14.9391 13.6365C14.8855 13.6845 14.8331 13.7345 14.7822 13.7866C14.7313 13.7345 14.6789 13.6843 14.6252 13.6363ZM18.1546 14.3522C19.0973 15.1508 18.9962 16.4896 18.2891 17.2173C18.2888 17.2175 18.2886 17.2177 18.2884 17.218L14.7832 20.8084L11.2753 17.2151C11.2752 17.215 11.2751 17.2149 11.2749 17.2148C10.5677 16.4887 10.4678 15.1495 11.4104 14.3518L11.4108 14.3514C12.0745 13.7892 13.2018 13.82 13.9488 14.5846L14.7822 15.4378L15.6157 14.5846C16.3617 13.8211 17.4896 13.79 18.1545 14.3521" fill="#EB0203"></path>
            </svg>
            <svg class="inactive-content" width="100%" height="100%" viewBox="0 0 20 23" fill="none" xmlns="http://www.w3.org/2000/svg">
            <path fill-rule="evenodd" clip-rule="evenodd" d="M6.18408 5.77914C6.18408 5.46223 6.44363 5.20532 6.7638 5.20532H12.3678C12.6879 5.20532 12.9475 5.46223 12.9475 5.77914C12.9475 6.09606 12.6879 6.35297 12.3678 6.35297H6.7638C6.44363 6.35297 6.18408 6.09606 6.18408 5.77914Z" fill="#EB0203"></path>
            <path fill-rule="evenodd" clip-rule="evenodd" d="M6.18408 11.9034C6.18408 11.5865 6.44363 11.3296 6.7638 11.3296H12.3678C12.6879 11.3296 12.9475 11.5865 12.9475 11.9034C12.9475 12.2202 12.6879 12.4771 12.3678 12.4771H6.7638C6.44363 12.4771 6.18408 12.2202 6.18408 11.9034Z" fill="#EB0203"></path>
            <path fill-rule="evenodd" clip-rule="evenodd" d="M6.18408 8.84116C6.18408 8.52424 6.44363 8.26733 6.7638 8.26733H12.3678C12.6879 8.26733 12.9475 8.52424 12.9475 8.84116C12.9475 9.15807 12.6879 9.41498 12.3678 9.41498H6.7638C6.44363 9.41498 6.18408 9.15807 6.18408 8.84116Z" fill="#EB0203"></path>
            <path fill-rule="evenodd" clip-rule="evenodd" d="M6.18408 14.9655C6.18408 14.6486 6.44363 14.3917 6.7638 14.3917H10.1455C10.4657 14.3917 10.7252 14.6486 10.7252 14.9655C10.7252 15.2825 10.4657 15.5394 10.1455 15.5394H6.7638C6.44363 15.5394 6.18408 15.2825 6.18408 14.9655Z" fill="#EB0203"></path>
            <path fill-rule="evenodd" clip-rule="evenodd" d="M3.67139 5.77914C3.67139 5.46223 3.93094 5.20532 4.25111 5.20532H4.63759C4.95776 5.20532 5.21731 5.46223 5.21731 5.77914C5.21731 6.09606 4.95776 6.35297 4.63759 6.35297H4.25111C3.93094 6.35297 3.67139 6.09606 3.67139 5.77914Z" fill="#EB0203"></path>
            <path fill-rule="evenodd" clip-rule="evenodd" d="M3.67139 11.9034C3.67139 11.5865 3.93094 11.3296 4.25111 11.3296H4.63759C4.95776 11.3296 5.21731 11.5865 5.21731 11.9034C5.21731 12.2202 4.95776 12.4771 4.63759 12.4771H4.25111C3.93094 12.4771 3.67139 12.2202 3.67139 11.9034Z" fill="#EB0203"></path>
            <path fill-rule="evenodd" clip-rule="evenodd" d="M3.67139 8.84116C3.67139 8.52424 3.93094 8.26733 4.25111 8.26733H4.63759C4.95776 8.26733 5.21731 8.52424 5.21731 8.84116C5.21731 9.15807 4.95776 9.41498 4.63759 9.41498H4.25111C3.93094 9.41498 3.67139 9.15807 3.67139 8.84116Z" fill="#EB0203"></path>
            <path fill-rule="evenodd" clip-rule="evenodd" d="M3.67139 14.9655C3.67139 14.6486 3.93094 14.3917 4.25111 14.3917H4.63759C4.95776 14.3917 5.21731 14.6486 5.21731 14.9655C5.21731 15.2825 4.95776 15.5394 4.63759 15.5394H4.25111C3.93094 15.5394 3.67139 15.2825 3.67139 14.9655Z" fill="#EB0203"></path>
            <path fill-rule="evenodd" clip-rule="evenodd" d="M0 1.76033C0 0.914738 0.692131 0.229248 1.54592 0.229248H15.0727C15.9265 0.229248 16.6186 0.914738 16.6186 1.76033V11.2818C16.6186 11.5989 16.3591 11.8559 16.0389 11.8559C15.7187 11.8559 15.4592 11.5989 15.4592 11.2818V1.76033C15.4592 1.54893 15.2862 1.37756 15.0727 1.37756H1.54592C1.33247 1.37756 1.15944 1.54893 1.15944 1.76033V18.985C1.15944 19.1964 1.33247 19.3678 1.54592 19.3678H9.27551C9.59568 19.3678 9.85523 19.6249 9.85523 19.942C9.85523 20.2591 9.59568 20.5161 9.27551 20.5161H1.54592C0.692131 20.5161 0 19.8306 0 18.985V1.76033Z" fill="#EB0203"></path>
            <path fill-rule="evenodd" clip-rule="evenodd" d="M14.6254 13.8718C13.4921 12.8567 11.7821 12.7615 10.6574 13.7147C9.12472 15.0124 9.34891 17.128 10.4413 18.2493L14.0161 21.9126C14.2199 22.1217 14.493 22.2386 14.7824 22.2386C15.0739 22.2386 15.3449 22.1238 15.5487 21.9147L19.1235 18.2514C20.2139 17.13 20.4422 15.0144 18.9075 13.7147C17.7827 12.7634 16.0726 12.8569 14.9392 13.872C14.8856 13.92 14.8333 13.9701 14.7824 14.0222C14.7314 13.97 14.6791 13.9199 14.6254 13.8718ZM18.1546 14.588C19.0972 15.3869 18.9961 16.7262 18.2891 17.4541C18.2888 17.4543 18.2886 17.4546 18.2884 17.4548L14.7834 21.0466L11.2757 17.452C11.2756 17.4519 11.2755 17.4517 11.2753 17.4516C10.5681 16.7252 10.4682 15.3856 11.4108 14.5876L11.4112 14.5872C12.0748 14.0248 13.202 14.0556 13.949 14.8205L14.7824 15.674L15.6158 14.8205C16.3618 14.0567 17.4896 14.0256 18.1545 14.5879" fill="#EB0203"></path>
            </svg>
            </button>
            </div>
            </div>
            <p class="ct-tile--brand">Panrico</p>
            <p class="ct-tile--quantity">emb. 750 gr</p>
            </div>
            <div class="ct-tile-bottom row no-gutters justify-content-between">
            <div class="ct-price-wrap col-8 col-sm-12">
            <div class="price js-product-price">
            <div class="prices-wrapper">
            <span class="sales ct-tile--price-primary ">
            <span class="value" content="1.64">
            <span class="ct-price-formatted">
            €1,64
            </span>
            <span class="ct-m-unit">
            /un
            </span>
            </span>
            </span>
            </div>
            <div class="ct-tile--price-secondary">
            <span class="ct-price-value">
            €2,19
            </span>
            <span class="ct-m-unit">
            /kg
            </span>
            </div>
            <p class="ct-discount-amount ct-discount-amount-pvpr">PVP Recomendado: €2,19/un</p>
            </div>
            </div>
            <div class="ct-tile-buy-section d-flex justify-content-center no-gutters col-auto col-sm-12">
            <div class="col-2 d-sm-flex d-none">
            <button class="wishlist-toggler guest-mode inactive button button--tertiary" data-pid="6578922" data-add-url="https://www.continente.pt/on/demandware.store/Sites-continente-Site/default/Wishlist-AddProduct?pid=6578922" data-toggle="tooltip" aria-label="Adicionar aos favoritos " data-original-title="Adicionar aos favoritos" data-placement="top">
            <svg class="active-content" width="100%" height="100%" viewBox="0 0 20 22" fill="none" xmlns="http://www.w3.org/2000/svg">
            <path fill-rule="evenodd" clip-rule="evenodd" d="M0 1.53052C0 0.685236 0.692171 0 1.54601 0H15.0736C15.9274 0 16.6196 0.685235 16.6196 1.53052V13.4064L15.8127 13.922L14.2658 14.2658L12.7189 13.4064L10.6054 14.3818C10.4994 14.2451 10.3327 14.157 10.1452 14.157H6.76329C6.4431 14.157 6.18354 14.414 6.18354 14.731C6.18354 15.0479 6.4431 15.3049 6.76329 15.3049H10.1452C10.2478 15.3049 10.3441 15.2785 10.4277 15.2322L10.3126 16.8439L13.2345 20.2793H1.54601C0.69217 20.2793 0 19.5941 0 18.7488V1.53052ZM6.18354 5.5483C6.18354 5.23132 6.4431 4.97436 6.76329 4.97436H12.3676C12.6878 4.97436 12.9473 5.23132 12.9473 5.5483C12.9473 5.86528 12.6878 6.12224 12.3676 6.12224H6.76329C6.4431 6.12224 6.18354 5.86528 6.18354 5.5483ZM6.76329 11.0961C6.4431 11.0961 6.18354 11.3531 6.18354 11.6701C6.18354 11.987 6.4431 12.244 6.76329 12.244H12.3676C12.6878 12.244 12.9473 11.987 12.9473 11.6701C12.9473 11.3531 12.6878 11.0961 12.3676 11.0961H6.76329ZM6.18354 8.60985C6.18354 8.29287 6.4431 8.03591 6.76329 8.03591H12.3676C12.6878 8.03591 12.9473 8.29287 12.9473 8.60985C12.9473 8.92684 12.6878 9.1838 12.3676 9.1838H6.76329C6.4431 9.1838 6.18354 8.92684 6.18354 8.60985ZM3.67118 5.5483C3.67118 5.23132 3.93075 4.97436 4.25093 4.97436H4.63743C4.95762 4.97436 5.21719 5.23132 5.21719 5.5483C5.21719 5.86528 4.95762 6.12224 4.63743 6.12224H4.25093C3.93075 6.12224 3.67118 5.86528 3.67118 5.5483ZM4.25093 11.0961C3.93075 11.0961 3.67118 11.3531 3.67118 11.6701C3.67118 11.987 3.93075 12.244 4.25093 12.244H4.63743C4.95762 12.244 5.21719 11.987 5.21719 11.6701C5.21719 11.3531 4.95762 11.0961 4.63743 11.0961H4.25093ZM3.67118 8.60985C3.67118 8.29287 3.93075 8.03591 4.25093 8.03591H4.63743C4.95762 8.03591 5.21719 8.29287 5.21719 8.60985C5.21719 8.92684 4.95762 9.1838 4.63743 9.1838H4.25093C3.93075 9.1838 3.67118 8.92684 3.67118 8.60985ZM4.25093 14.157C3.93075 14.157 3.67118 14.414 3.67118 14.731C3.67118 15.0479 3.93075 15.3049 4.25093 15.3049H4.63743C4.95762 15.3049 5.21719 15.0479 5.21719 14.731C5.21719 14.414 4.95762 14.157 4.63743 14.157H4.25093Z" fill="#EB0203"></path>
            <path fill-rule="evenodd" clip-rule="evenodd" d="M14.6252 13.6363C13.4918 12.6215 11.7817 12.5264 10.6569 13.4792C9.12421 14.7764 9.34841 16.8912 10.4409 18.0122L14.0159 21.6742C14.2197 21.8832 14.4928 22 14.7822 22C15.0737 22 15.3448 21.8852 15.5486 21.6762L19.1236 18.0142C20.214 16.8933 20.4423 14.7785 18.9075 13.4792C17.7827 12.5283 16.0724 12.6217 14.9391 13.6365C14.8855 13.6845 14.8331 13.7345 14.7822 13.7866C14.7313 13.7345 14.6789 13.6843 14.6252 13.6363ZM18.1546 14.3522C19.0973 15.1508 18.9962 16.4896 18.2891 17.2173C18.2888 17.2175 18.2886 17.2177 18.2884 17.218L14.7832 20.8084L11.2753 17.2151C11.2752 17.215 11.2751 17.2149 11.2749 17.2148C10.5677 16.4887 10.4678 15.1495 11.4104 14.3518L11.4108 14.3514C12.0745 13.7892 13.2018 13.82 13.9488 14.5846L14.7822 15.4378L15.6157 14.5846C16.3617 13.8211 17.4896 13.79 18.1545 14.3521" fill="#EB0203"></path>
            </svg>
            <svg class="inactive-content" width="100%" height="100%" viewBox="0 0 20 23" fill="none" xmlns="http://www.w3.org/2000/svg">
            <path fill-rule="evenodd" clip-rule="evenodd" d="M6.18408 5.77914C6.18408 5.46223 6.44363 5.20532 6.7638 5.20532H12.3678C12.6879 5.20532 12.9475 5.46223 12.9475 5.77914C12.9475 6.09606 12.6879 6.35297 12.3678 6.35297H6.7638C6.44363 6.35297 6.18408 6.09606 6.18408 5.77914Z" fill="#EB0203"></path>
            <path fill-rule="evenodd" clip-rule="evenodd" d="M6.18408 11.9034C6.18408 11.5865 6.44363 11.3296 6.7638 11.3296H12.3678C12.6879 11.3296 12.9475 11.5865 12.9475 11.9034C12.9475 12.2202 12.6879 12.4771 12.3678 12.4771H6.7638C6.44363 12.4771 6.18408 12.2202 6.18408 11.9034Z" fill="#EB0203"></path>
            <path fill-rule="evenodd" clip-rule="evenodd" d="M6.18408 8.84116C6.18408 8.52424 6.44363 8.26733 6.7638 8.26733H12.3678C12.6879 8.26733 12.9475 8.52424 12.9475 8.84116C12.9475 9.15807 12.6879 9.41498 12.3678 9.41498H6.7638C6.44363 9.41498 6.18408 9.15807 6.18408 8.84116Z" fill="#EB0203"></path>
            <path fill-rule="evenodd" clip-rule="evenodd" d="M6.18408 14.9655C6.18408 14.6486 6.44363 14.3917 6.7638 14.3917H10.1455C10.4657 14.3917 10.7252 14.6486 10.7252 14.9655C10.7252 15.2825 10.4657 15.5394 10.1455 15.5394H6.7638C6.44363 15.5394 6.18408 15.2825 6.18408 14.9655Z" fill="#EB0203"></path>
            <path fill-rule="evenodd" clip-rule="evenodd" d="M3.67139 5.77914C3.67139 5.46223 3.93094 5.20532 4.25111 5.20532H4.63759C4.95776 5.20532 5.21731 5.46223 5.21731 5.77914C5.21731 6.09606 4.95776 6.35297 4.63759 6.35297H4.25111C3.93094 6.35297 3.67139 6.09606 3.67139 5.77914Z" fill="#EB0203"></path>
            <path fill-rule="evenodd" clip-rule="evenodd" d="M3.67139 11.9034C3.67139 11.5865 3.93094 11.3296 4.25111 11.3296H4.63759C4.95776 11.3296 5.21731 11.5865 5.21731 11.9034C5.21731 12.2202 4.95776 12.4771 4.63759 12.4771H4.25111C3.93094 12.4771 3.67139 12.2202 3.67139 11.9034Z" fill="#EB0203"></path>
            <path fill-rule="evenodd" clip-rule="evenodd" d="M3.67139 8.84116C3.67139 8.52424 3.93094 8.26733 4.25111 8.26733H4.63759C4.95776 8.26733 5.21731 8.52424 5.21731 8.84116C5.21731 9.15807 4.95776 9.41498 4.63759 9.41498H4.25111C3.93094 9.41498 3.67139 9.15807 3.67139 8.84116Z" fill="#EB0203"></path>
            <path fill-rule="evenodd" clip-rule="evenodd" d="M3.67139 14.9655C3.67139 14.6486 3.93094 14.3917 4.25111 14.3917H4.63759C4.95776 14.3917 5.21731 14.6486 5.21731 14.9655C5.21731 15.2825 4.95776 15.5394 4.63759 15.5394H4.25111C3.93094 15.5394 3.67139 15.2825 3.67139 14.9655Z" fill="#EB0203"></path>
            <path fill-rule="evenodd" clip-rule="evenodd" d="M0 1.76033C0 0.914738 0.692131 0.229248 1.54592 0.229248H15.0727C15.9265 0.229248 16.6186 0.914738 16.6186 1.76033V11.2818C16.6186 11.5989 16.3591 11.8559 16.0389 11.8559C15.7187 11.8559 15.4592 11.5989 15.4592 11.2818V1.76033C15.4592 1.54893 15.2862 1.37756 15.0727 1.37756H1.54592C1.33247 1.37756 1.15944 1.54893 1.15944 1.76033V18.985C1.15944 19.1964 1.33247 19.3678 1.54592 19.3678H9.27551C9.59568 19.3678 9.85523 19.6249 9.85523 19.942C9.85523 20.2591 9.59568 20.5161 9.27551 20.5161H1.54592C0.692131 20.5161 0 19.8306 0 18.985V1.76033Z" fill="#EB0203"></path>
            <path fill-rule="evenodd" clip-rule="evenodd" d="M14.6254 13.8718C13.4921 12.8567 11.7821 12.7615 10.6574 13.7147C9.12472 15.0124 9.34891 17.128 10.4413 18.2493L14.0161 21.9126C14.2199 22.1217 14.493 22.2386 14.7824 22.2386C15.0739 22.2386 15.3449 22.1238 15.5487 21.9147L19.1235 18.2514C20.2139 17.13 20.4422 15.0144 18.9075 13.7147C17.7827 12.7634 16.0726 12.8569 14.9392 13.872C14.8856 13.92 14.8333 13.9701 14.7824 14.0222C14.7314 13.97 14.6791 13.9199 14.6254 13.8718ZM18.1546 14.588C19.0972 15.3869 18.9961 16.7262 18.2891 17.4541C18.2888 17.4543 18.2886 17.4546 18.2884 17.4548L14.7834 21.0466L11.2757 17.452C11.2756 17.4519 11.2755 17.4517 11.2753 17.4516C10.5681 16.7252 10.4682 15.3856 11.4108 14.5876L11.4112 14.5872C12.0748 14.0248 13.202 14.0556 13.949 14.8205L14.7824 15.674L15.6158 14.8205C16.3618 14.0567 17.4896 14.0256 18.1545 14.5879" fill="#EB0203"></path>
            </svg>
            </button>
            </div>
            <div class="col-sm-10 col-12">
            <div class="ct-tile-quantity d-none" data-pid="6578922">
            <input type="hidden" class="add-to-cart-url" value="https://www.continente.pt/on/demandware.store/Sites-continente-Site/default/Cart-AddProduct">
            <div class="d-none tile-delete-confirmation-btn" data-pid="6578922" data-delay-time="3000" data-in-cart-msg="no carrinho" data-one-product-added="Adicionado ao carrinho" data-remove-from-cart-msg="Removido do carrinho" data-stay-open="6000.0" data-confirmation-image="{&quot;url&quot;:&quot;https://www.continente.pt/dw/image/v2/BDVS_PRD/on/demandware.static/-/Sites-col-master-catalog/default/dw5a9a9b22/images/col/657/6578922-frente.jpg?sw=87&amp;sh=80&quot;,&quot;fallbackimage&quot;:{&quot;url&quot;:&quot;https://www.continente.pt/dw/image/v2/BDVS_PRD/on/demandware.static/Sites-continente-Site/-/default/dw7c42b4da/images/noimagelarge_product.png?sw=87&amp;sh=80&quot;,&quot;title&quot;:&quot;Pão de Forma com Côdea  Especial Torradas&quot;,&quot;alt&quot;:&quot;Pão de Forma com Côdea  Especial Torradas&quot;},&quot;title&quot;:&quot;Pão de Forma com Côdea  Especial Torradas&quot;,&quot;alt&quot;:&quot;Pão de Forma com Côdea  Especial Torradas&quot;}"></div>
            <div class="ct-tile-quantity-update quantity-update product-qty-vue" data-remove-action="https://www.continente.pt/on/demandware.store/Sites-continente-Site/default/Cart-RemoveProductLineItem" data-action="https://www.continente.pt/on/demandware.store/Sites-continente-Site/default/Cart-UpdateQuantity" data-dimension-update="https://www.continente.pt/on/demandware.store/Sites-continente-Site/default/Cart-DimensionUpdate" data-pid="6578922" data-uuid="913f30b14646875ecd8c5bdc41" data-add-delay="500.0" data-measure-options="{&quot;hasConversionRate&quot;:false,&quot;hasAlternativeSaleUnit&quot;:false,&quot;unitConversionRate&quot;:0,&quot;minOrderQuantity&quot;:1,&quot;stepQuantity&quot;:1,&quot;primaryunit&quot;:&quot;un&quot;,&quot;secondaryunit&quot;:&quot;kg&quot;,&quot;selectedunit&quot;:&quot;primary&quot;,&quot;maxNumberOfUnitsPerSale&quot;:50}" data-price-available="null" :data-has-error="isMaxQtyReached || isMinQtyReached || qtySelectedMoreThanOne">
            <template v-show="prodUnits">
            <div class="quantity-input-wrapper has-units">
            <label class="visually-hidden" :for="'quantity-' + pid + additionalTag">
            Quantidade no carrinho
            </label>
            <input :ref="'quantityInput-' + pid + additionalTag" class="add-to-cart-quantity form-control ct-form-input text-center" inputmode="numeric" :class="{'is-invalid': isInvalid}" :data-pid="pid + additionalTag" :name="'quantity-' + pid + additionalTag" type="text" aria-label="Insira a quantidade" title="" v-model="displayValue" @change="updateQuantity" @focus="updateQtyFormat" @blur="restoreQtyFormat" :disabled="!isPriceAvailable">
            <span class="quantity-icon quantity-icon--minus">
            <button class="decrease-quantity-btn" @click="updateQuantity" :disabled="!isPriceAvailable" role="button" aria-label="Reduzir quantidade">
            <i class="css-math-minus"></i>
            </button>
            </span>
            <span class="quantity-icon quantity-icon--plus">
            <button class="increase-quantity-btn" @click="updateQuantity" :disabled="isMaxQtyReached || !isPriceAvailable" role="button" aria-label="Aumentar quantidade">
            <i class="css-math-plus"></i>
            </button>
            <span class="quantity-btn-disabled-placeholder"></span>
            </span>
            <template v-if="isPDP">
            <span class="quantity-error ct-span-error text-sm-center product-max-allocation" v-if="isMaxQtyReached">
            Quantidade máxima atingida
            </span>
            <span class="quantity-error ct-span-product text-sm-center product-allocation" v-if="!isMinQtyReached &amp;&amp; !isMaxQtyReached">
            {{quantitySelected}} no carrinho
            </span>
            <span class="quantity-error ct-span-error text-sm-center product-min-allocation" :data-pid="pid" v-if="isMinQtyReached &amp;&amp; !isMaxQtyReached">
            Quantidade mínima atingida
            </span>
            </template>
            </div>
            <template v-if="showNotes">
            <div class="add-note-link-container ">
            <div class="add-note">
            <a href="/produto/pao-de-forma-com-codea--especial-torradas-panrico-6578922.html?showNote=true" class="ct-add-note-redirect-pdp" aria-label="Adicionar comentário">
            <span class="svg-wrapper svg-icon-notes" style="width:19px; height:20px">
            <svg class="svg-inline icon-notes" viewBox="0 0 28 30" xmlns="http://www.w3.org/2000/svg" width="100%" height="100%"><path d="M21.738 0C22.985 0 24 1.04 24 2.319V12.47c0 .469-.37.848-.828.848-.457 0-.827-.38-.827-.848V2.32c0-.343-.273-.622-.607-.622H2.262c-.334 0-.607.279-.607.622V27.68c0 .343.273.622.607.622h7.81c.457 0 .827.38.827.849 0 .468-.37.848-.827.848h-7.81C1.015 30 0 28.96 0 27.681V2.32C0 1.04 1.015 0 2.262 0h19.476zm2.844 16.004l.227.007c.823.053 1.589.39 2.176.964.64.627.993 1.46.993 2.349 0 .888-.353 1.722-.993 2.348l-6.83 6.665c-.11.108-.247.186-.397.226l-5.032 1.363c-.078.021-.16.032-.241.032-.242 0-.478-.097-.647-.266-.23-.231-.314-.566-.218-.874l1.49-4.798c.044-.139.122-.266.227-.369l6.844-6.677c.64-.625 1.493-.97 2.401-.97zm-2.886 3.94l-4.922 4.802-.947 3.048 3.22-.872 4.897-4.78-2.248-2.197zm2.887-2.174c-.425 0-.824.162-1.124.455l-.484.472 2.248 2.197.484-.472c.62-.606.62-1.591 0-2.197l-.117-.104c-.283-.227-.636-.35-1.007-.35zm-10.839.022c.498 0 .904.396.904.883 0 .488-.406.884-.904.884H5.946c-.499 0-.904-.396-.904-.884 0-.487.405-.883.904-.883zm5.042-4.876c.498 0 .904.397.904.884s-.406.884-.904.884H5.946c-.499 0-.904-.397-.904-.884s.405-.884.904-.884zm0-4.875c.498 0 .904.396.904.884 0 .487-.406.883-.904.883H5.946c-.499 0-.904-.396-.904-.883 0-.488.405-.884.904-.884z" fill="#EB0203" fill-rule="evenodd"></path></svg>
            </span>
            <div class="available-note d-none"></div>
            </a>
            </div>
            </div>
            </template>
            <div class="measurement-unit-section" v-if="isPriceAvailable &amp;&amp; prodUnits ? prodUnits.hasAlternativeUnit : false">
            <div class="ct-form-radio" @click="setDimension">
            <input type="radio" title="" class="ct-form-check-input product-measurement-unit" :data-type="prodUnits.selectedUnit == prodUnits.secondaryUnit ? 'primary' : ''" :id="prodUnits.secondaryUnit + '-' + pid + '-measurement-unit-ptile' + additionalTag" :name="'measurement-unit-' + pid + '-ptile' + additionalTag" :value="prodUnits.secondaryUnit" v-model="prodUnits.selectedUnit">
            <label :class="prodUnits.secondaryUnit + '-label ct-form-check-label mb-0'" :for="prodUnits.secondaryUnit + '-' + pid + '-measurement-unit-ptile' + additionalTag">
            {{prodUnits.secondaryUnit}}
            </label>
            <span class="checkmark"></span>
            </div>
            <div class="ct-form-radio" @click="setDimension">
            <input type="radio" title="" class="ct-form-check-input product-measurement-unit" :data-type="prodUnits.selectedUnit == prodUnits.primaryUnit ? 'primary' : ''" :id="prodUnits.primaryUnit + '-' + pid + '-measurement-unit-ptile' + additionalTag" :name="'measurement-unit-' + pid + '-ptile' + additionalTag" :value="prodUnits.primaryUnit" v-model="prodUnits.selectedUnit">
            <label :class="prodUnits.primaryUnit + '-label ct-form-check-label mb-0'" :for="prodUnits.primaryUnit + '-' + pid + '-measurement-unit-ptile' + additionalTag">
            {{prodUnits.primaryUnit}}
            </label>
            <span class="checkmark"></span>
            </div>
            </div>
            <template v-if="!isPDP &amp;&amp; isPriceAvailable">
            <span class="quantity-error ct-span-error product-max-allocation" v-if="isMaxQtyReached">
            Quantidade máxima atingida
            </span>
            <span class="quantity-error ct-span-product product-allocation" v-if="!isMinQtyReached &amp;&amp; !isMaxQtyReached">
            {{quantitySelected}} no carrinho
            </span>
            <span class="quantity-error ct-span-error product-min-allocation" :data-pid="pid" v-if="isMinQtyReached &amp;&amp; !isMaxQtyReached">
            Quantidade mínima atingida
            </span>
            </template>
            </template>
            </div>
            <input class="quantity-value-mask d-none" name="quantity" type="number" min="0" value="">
            </div>
            <button type="button" class="add-to-cart button js-add-to-cart js-add-to-cart-tile 6578922 button--primary dynamic-layout-btn" data-toggle="modal" data-target="#chooseBonusProductModal" data-pid="6578922" data-quantity-value="null" aria-label="Carrinho">
            <span class="d-block d-sm-none">
            <span class="svg-wrapper svg-icon-cart" style="width:20px; height:20px">
            <svg class="svg-inline icon-cart" xmlns="http://www.w3.org/2000/svg" viewBox="0 0 500 500" width="100%" height="100%"><path fill="#EB0203" fill-rule="evenodd" d="M 485.67317,94.386311 C 476.37798,83.847129 463.09468,78.03348 448.30404,78.03348 H 90.690813 L 87.079511,51.327997 C 83.185582,22.539551 62.962285,0 41.011841,0 H 14.727836 C 6.563151,0 0,6.5286975 0,14.580758 c 0,8.05206 6.5945535,14.580758 14.727836,14.580758 h 26.284005 c 4.710398,0 14.696435,9.855222 16.894619,26.021523 L 100.01739,368.0631 c 1.88416,13.77244 9.01256,26.70549 20.1605,36.37417 8.25889,7.15046 18.02511,11.9071 28.26237,13.89679 -4.17655,7.58572 -6.53175,16.25957 -6.53175,25.493 0,29.53459 24.27424,53.59751 54.13815,53.59751 29.8325,0 54.13814,-24.03184 54.13814,-53.59751 0,-8.79818 -2.19818,-17.09897 -5.9979,-24.43598 h 77.12488 c -3.79973,7.33701 -5.96652,15.6378 -5.96652,24.43598 0,29.53459 24.27424,53.59751 54.13817,53.59751 29.83249,0 54.13814,-24.03184 54.13814,-53.59751 0,-8.79818 -2.1982,-17.09897 -5.9979,-24.43598 h 38.56243 c 8.13328,0 14.72783,-6.5287 14.72783,-14.61183 0,-8.02098 -6.59455,-14.54967 -14.72783,-14.54967 H 159.24277 c -14.38241,0 -28.13677,-11.90711 -30.02092,-26.02153 l -3.07746,-22.88154 h 290.6314 c 14.03698,0 27.94834,-5.28513 39.06488,-14.95381 11.11652,-9.6376 18.27632,-22.57065 20.16048,-36.37417 l 21.10259,-156.78201 c 1.94694,-14.51858 -2.10398,-28.29103 -11.43057,-38.861299 z M 220.76053,443.82706 c 0,13.49265 -11.08513,24.46709 -24.68247,24.46709 -13.62874,0 -24.71387,-10.97444 -24.71387,-24.46709 0,-13.49262 11.08513,-24.43598 24.71387,-24.43598 13.59734,0 24.68247,10.94336 24.68247,24.43598 z m 173.43675,0 c 0,13.49265 -11.08512,24.46709 -24.68245,24.46709 -13.62876,0 -24.71388,-10.97444 -24.71388,-24.46709 0,-13.49262 11.08512,-24.43598 24.71388,-24.43598 13.59733,0 24.68245,10.94336 24.68245,24.43598 z m 73.7648,-314.46558 -21.13397,156.782 c -1.88416,14.11442 -15.63851,26.05261 -30.02091,26.05261 H 122.25046 L 94.616142,107.19499 H 448.33544 c 6.18632,0 11.61896,2.2695 15.23028,6.37326 3.64269,4.13484 5.21283,9.73086 4.39636,15.79323 z"></path></svg>
            </span>
            </span>
            <span class="add-to-cart--text d-none d-sm-block">Carrinho</span>
            </button>
            </div>
            </div>
            </div>
            </div>
            
            <div class="col-12 d-sm-none">
            </div>
            </div>
            </div>
            </div>
            </div>
            <div class="col-12 col-sm-3 col-lg-2 productTile" data-idx="14">
            
            <script type="text/javascript">//<!--
            /* <![CDATA[ */
            (function(){
            try {
                if(window.CQuotient) {
                var cq_params = {};
                
                cq_params.cookieId = window.CQuotient.getCQCookieId();
                cq_params.userId = window.CQuotient.getCQUserId();
                cq_params.emailId = CQuotient.getCQHashedEmail();
                cq_params.loginId = CQuotient.getCQHashedLogin();
                cq_params.accumulate = true;
                cq_params.products = [{
                    id: '5125419',
                    sku: ''
                }];
                cq_params.categoryId = 'padaria-e-pastelaria-padaria-forma';
                cq_params.refinements = '[{\"name\":\"priceMin\",\"value\":\"0.01\"},{\"name\":\"priceMax\",\"value\":\"null\"},{\"name\":\"curr\",\"value\":\"EUR\"},{\"name\":\"Category\",\"value\":\"padaria-e-pastelaria-padaria-forma\"}]';
                cq_params.personalized = 'false';
                cq_params.sortingRule = 'categories top-sellers';
                cq_params.imageUUID = '__UNDEFINED__';
                cq_params.realm = "BDVS";
                cq_params.siteId = "continente";
                cq_params.instanceType = "prd";
                cq_params.queryLocale = "default";
                cq_params.locale = window.CQuotient.locale;
                
                if(window.CQuotient.sendActivity)
                    window.CQuotient.sendActivity(CQuotient.clientId, 'viewCategory', cq_params);
                else
                    window.CQuotient.activities.push({
                        activityType: 'viewCategory',
                        parameters: cq_params
                    });
              }
            } catch(err) {}
            })();
            /* ]]> */
            // -->
            </script>
            <script type="text/javascript">//<!--
            /* <![CDATA[ (viewCategoryProduct-active_data.js) */
            (function(){
            try {
                if (dw.ac) {
                    var search_params = {};
                    search_params.persd = 'false';
                    search_params.refs = '[{\"name\":\"priceMin\",\"value\":\"0.01\"},{\"name\":\"priceMax\",\"value\":\"null\"},{\"name\":\"curr\",\"value\":\"EUR\"},{\"name\":\"Category\",\"value\":\"padaria-e-pastelaria-padaria-forma\"}]';
                    search_params.sort = 'categories top-sellers';
                    search_params.imageUUID = '';
                    search_params.searchID = '79fd584c-cee5-42dd-a07f-04e8467e04c2';
                    search_params.locale = 'default';
                    search_params.queryLocale = 'default';
                    search_params.showProducts = 'true';
                    dw.ac.applyContext({category: "padaria-e-pastelaria-padaria-forma", searchData: search_params});
                    if (typeof dw.ac._scheduleDataSubmission === "function") {
                        dw.ac._scheduleDataSubmission();
                    }
                }
            } catch(err) {}
            })();
            /* ]]> */
            // -->
            </script>
            <script type="text/javascript">//<!--
            /* <![CDATA[ (viewProduct-active_data.js) */
            dw.ac._capture({id: "5125419", type: "searchhit"});
            /* ]]> */
            // -->
            </script>
            <div class="product" data-pid="5125419">
            <div class="product-tile pid-5125419 ct-product-tile data-layer-pushed" data-delay-time="3000" data-variants-mapping="[]" data-in-cart-msg="no carrinho" data-one-product-added="Adicionado ao carrinho" data-remove-from-cart-msg="Removido do carrinho" data-stay-open="6000.0" data-product-tile-impression="{&quot;name&quot;:&quot;5125419&quot;,&quot;id&quot;:&quot;5125419&quot;,&quot;price&quot;:2.01,&quot;brand&quot;:&quot;Panrico&quot;,&quot;category&quot;:[{&quot;category_level_1&quot;:&quot;Padaria e Pastelaria&quot;},{&quot;category_level_2&quot;:&quot;Padaria&quot;},{&quot;category_level_3&quot;:&quot;Pão de Forma e Embalado&quot;}],&quot;variant&quot;:&quot;&quot;}">
            <div class="ct-inner-tile-wrap row no-gutters justify-content-center align-content-start">
            <div class="ct-product-tile-badge ct-product-tile-badge--promotional">
            <img class="img-fluid lazyloaded" loading="lazy" data-src="https://www.continente.pt/dw/image/v2/BDVS_PRD/on/demandware.static/-/Sites-continente-Library/default/dwf5980f2e/images/badges/pvpr/col/pvpr.png?sw=60&amp;sh=42" alt="PVP Recomendado: €2,69/un" title="PVP Recomendado: €2,69/un" src="https://www.continente.pt/dw/image/v2/BDVS_PRD/on/demandware.static/-/Sites-continente-Library/default/dwf5980f2e/images/badges/pvpr/col/pvpr.png?sw=60&amp;sh=42">
            <div class="ct-product-tile-badge-value-wrapper ct-product-tile-badge-value-wrapper--pvpr  ">
            <span class="ct-product-tile-badge-value--pvpr">
            25
            </span>
            <span class="ct-product-tile-badge-value--pvpr-quantifier ">
            %
            </span>
             </div>
            </div>
            
            <div class="ct-image-container col-4 col-sm" data-confirmation-image="{&quot;url&quot;:&quot;https://www.continente.pt/dw/image/v2/BDVS_PRD/on/demandware.static/-/Sites-col-master-catalog/default/dw2b77ef06/images/col/512/5125419-frente.jpg?sw=87&amp;sh=80&quot;,&quot;fallbackimage&quot;:{&quot;url&quot;:&quot;https://www.continente.pt/dw/image/v2/BDVS_PRD/on/demandware.static/Sites-continente-Site/-/default/dw7c42b4da/images/noimagelarge_product.png?sw=87&amp;sh=80&quot;,&quot;title&quot;:&quot;Pão de Forma sem Côdea Especial Torradas&quot;,&quot;alt&quot;:&quot;Pão de Forma sem Côdea Especial Torradas&quot;},&quot;title&quot;:&quot;Pão de Forma sem Côdea Especial Torradas&quot;,&quot;alt&quot;:&quot;Pão de Forma sem Côdea Especial Torradas&quot;}">
            <a href="https://www.continente.pt/produto/pao-de-forma-sem-codea-especial-torradas-panrico-5125419.html?cgid=padaria-e-pastelaria-padaria-forma">
            <picture class="intrinsic intrinsic--square">
            <img class="ct-tile-image lazyloaded" loading="lazy" onerror="this.onerror=null;this.src='/on/demandware.static/Sites-continente-Site/-/default/dw7c42b4da/images/noimagelarge_product.png';" data-src="https://www.continente.pt/dw/image/v2/BDVS_PRD/on/demandware.static/-/Sites-col-master-catalog/default/dw2b77ef06/images/col/512/5125419-frente.jpg?sw=280&amp;sh=280" alt="Pão de Forma sem Côdea Especial Torradas" title="Pão de Forma sem Côdea Especial Torradas" src="https://www.continente.pt/dw/image/v2/BDVS_PRD/on/demandware.static/-/Sites-col-master-catalog/default/dw2b77ef06/images/col/512/5125419-frente.jpg?sw=280&amp;sh=280">
            </picture>
            </a>
            <div class="color-swatches d-flex" style="margin-left: 5px;">
            <div class="swatches d-flex">
            </div>
            </div>
            </div>
            <div class="ct-tile-body col col-sm-auto ">
            <div class="ct-pdp-details">
            <div class="ct-pdp-link">
            <a class="ct-tile--description" href="https://www.continente.pt/produto/pao-de-forma-sem-codea-especial-torradas-panrico-5125419.html?cgid=padaria-e-pastelaria-padaria-forma">Pão de Forma sem Côdea Especial Torradas</a>
            <div class="ct-tile--favorite-top d-sm-none">
            <button class="wishlist-toggler guest-mode inactive button button--tertiary" data-pid="5125419" data-add-url="https://www.continente.pt/on/demandware.store/Sites-continente-Site/default/Wishlist-AddProduct?pid=5125419" data-toggle="tooltip" aria-label="Adicionar aos favoritos " data-original-title="Adicionar aos favoritos" data-placement="top">
            <svg class="active-content" width="100%" height="100%" viewBox="0 0 20 22" fill="none" xmlns="http://www.w3.org/2000/svg">
            <path fill-rule="evenodd" clip-rule="evenodd" d="M0 1.53052C0 0.685236 0.692171 0 1.54601 0H15.0736C15.9274 0 16.6196 0.685235 16.6196 1.53052V13.4064L15.8127 13.922L14.2658 14.2658L12.7189 13.4064L10.6054 14.3818C10.4994 14.2451 10.3327 14.157 10.1452 14.157H6.76329C6.4431 14.157 6.18354 14.414 6.18354 14.731C6.18354 15.0479 6.4431 15.3049 6.76329 15.3049H10.1452C10.2478 15.3049 10.3441 15.2785 10.4277 15.2322L10.3126 16.8439L13.2345 20.2793H1.54601C0.69217 20.2793 0 19.5941 0 18.7488V1.53052ZM6.18354 5.5483C6.18354 5.23132 6.4431 4.97436 6.76329 4.97436H12.3676C12.6878 4.97436 12.9473 5.23132 12.9473 5.5483C12.9473 5.86528 12.6878 6.12224 12.3676 6.12224H6.76329C6.4431 6.12224 6.18354 5.86528 6.18354 5.5483ZM6.76329 11.0961C6.4431 11.0961 6.18354 11.3531 6.18354 11.6701C6.18354 11.987 6.4431 12.244 6.76329 12.244H12.3676C12.6878 12.244 12.9473 11.987 12.9473 11.6701C12.9473 11.3531 12.6878 11.0961 12.3676 11.0961H6.76329ZM6.18354 8.60985C6.18354 8.29287 6.4431 8.03591 6.76329 8.03591H12.3676C12.6878 8.03591 12.9473 8.29287 12.9473 8.60985C12.9473 8.92684 12.6878 9.1838 12.3676 9.1838H6.76329C6.4431 9.1838 6.18354 8.92684 6.18354 8.60985ZM3.67118 5.5483C3.67118 5.23132 3.93075 4.97436 4.25093 4.97436H4.63743C4.95762 4.97436 5.21719 5.23132 5.21719 5.5483C5.21719 5.86528 4.95762 6.12224 4.63743 6.12224H4.25093C3.93075 6.12224 3.67118 5.86528 3.67118 5.5483ZM4.25093 11.0961C3.93075 11.0961 3.67118 11.3531 3.67118 11.6701C3.67118 11.987 3.93075 12.244 4.25093 12.244H4.63743C4.95762 12.244 5.21719 11.987 5.21719 11.6701C5.21719 11.3531 4.95762 11.0961 4.63743 11.0961H4.25093ZM3.67118 8.60985C3.67118 8.29287 3.93075 8.03591 4.25093 8.03591H4.63743C4.95762 8.03591 5.21719 8.29287 5.21719 8.60985C5.21719 8.92684 4.95762 9.1838 4.63743 9.1838H4.25093C3.93075 9.1838 3.67118 8.92684 3.67118 8.60985ZM4.25093 14.157C3.93075 14.157 3.67118 14.414 3.67118 14.731C3.67118 15.0479 3.93075 15.3049 4.25093 15.3049H4.63743C4.95762 15.3049 5.21719 15.0479 5.21719 14.731C5.21719 14.414 4.95762 14.157 4.63743 14.157H4.25093Z" fill="#EB0203"></path>
            <path fill-rule="evenodd" clip-rule="evenodd" d="M14.6252 13.6363C13.4918 12.6215 11.7817 12.5264 10.6569 13.4792C9.12421 14.7764 9.34841 16.8912 10.4409 18.0122L14.0159 21.6742C14.2197 21.8832 14.4928 22 14.7822 22C15.0737 22 15.3448 21.8852 15.5486 21.6762L19.1236 18.0142C20.214 16.8933 20.4423 14.7785 18.9075 13.4792C17.7827 12.5283 16.0724 12.6217 14.9391 13.6365C14.8855 13.6845 14.8331 13.7345 14.7822 13.7866C14.7313 13.7345 14.6789 13.6843 14.6252 13.6363ZM18.1546 14.3522C19.0973 15.1508 18.9962 16.4896 18.2891 17.2173C18.2888 17.2175 18.2886 17.2177 18.2884 17.218L14.7832 20.8084L11.2753 17.2151C11.2752 17.215 11.2751 17.2149 11.2749 17.2148C10.5677 16.4887 10.4678 15.1495 11.4104 14.3518L11.4108 14.3514C12.0745 13.7892 13.2018 13.82 13.9488 14.5846L14.7822 15.4378L15.6157 14.5846C16.3617 13.8211 17.4896 13.79 18.1545 14.3521" fill="#EB0203"></path>
            </svg>
            <svg class="inactive-content" width="100%" height="100%" viewBox="0 0 20 23" fill="none" xmlns="http://www.w3.org/2000/svg">
            <path fill-rule="evenodd" clip-rule="evenodd" d="M6.18408 5.77914C6.18408 5.46223 6.44363 5.20532 6.7638 5.20532H12.3678C12.6879 5.20532 12.9475 5.46223 12.9475 5.77914C12.9475 6.09606 12.6879 6.35297 12.3678 6.35297H6.7638C6.44363 6.35297 6.18408 6.09606 6.18408 5.77914Z" fill="#EB0203"></path>
            <path fill-rule="evenodd" clip-rule="evenodd" d="M6.18408 11.9034C6.18408 11.5865 6.44363 11.3296 6.7638 11.3296H12.3678C12.6879 11.3296 12.9475 11.5865 12.9475 11.9034C12.9475 12.2202 12.6879 12.4771 12.3678 12.4771H6.7638C6.44363 12.4771 6.18408 12.2202 6.18408 11.9034Z" fill="#EB0203"></path>
            <path fill-rule="evenodd" clip-rule="evenodd" d="M6.18408 8.84116C6.18408 8.52424 6.44363 8.26733 6.7638 8.26733H12.3678C12.6879 8.26733 12.9475 8.52424 12.9475 8.84116C12.9475 9.15807 12.6879 9.41498 12.3678 9.41498H6.7638C6.44363 9.41498 6.18408 9.15807 6.18408 8.84116Z" fill="#EB0203"></path>
            <path fill-rule="evenodd" clip-rule="evenodd" d="M6.18408 14.9655C6.18408 14.6486 6.44363 14.3917 6.7638 14.3917H10.1455C10.4657 14.3917 10.7252 14.6486 10.7252 14.9655C10.7252 15.2825 10.4657 15.5394 10.1455 15.5394H6.7638C6.44363 15.5394 6.18408 15.2825 6.18408 14.9655Z" fill="#EB0203"></path>
            <path fill-rule="evenodd" clip-rule="evenodd" d="M3.67139 5.77914C3.67139 5.46223 3.93094 5.20532 4.25111 5.20532H4.63759C4.95776 5.20532 5.21731 5.46223 5.21731 5.77914C5.21731 6.09606 4.95776 6.35297 4.63759 6.35297H4.25111C3.93094 6.35297 3.67139 6.09606 3.67139 5.77914Z" fill="#EB0203"></path>
            <path fill-rule="evenodd" clip-rule="evenodd" d="M3.67139 11.9034C3.67139 11.5865 3.93094 11.3296 4.25111 11.3296H4.63759C4.95776 11.3296 5.21731 11.5865 5.21731 11.9034C5.21731 12.2202 4.95776 12.4771 4.63759 12.4771H4.25111C3.93094 12.4771 3.67139 12.2202 3.67139 11.9034Z" fill="#EB0203"></path>
            <path fill-rule="evenodd" clip-rule="evenodd" d="M3.67139 8.84116C3.67139 8.52424 3.93094 8.26733 4.25111 8.26733H4.63759C4.95776 8.26733 5.21731 8.52424 5.21731 8.84116C5.21731 9.15807 4.95776 9.41498 4.63759 9.41498H4.25111C3.93094 9.41498 3.67139 9.15807 3.67139 8.84116Z" fill="#EB0203"></path>
            <path fill-rule="evenodd" clip-rule="evenodd" d="M3.67139 14.9655C3.67139 14.6486 3.93094 14.3917 4.25111 14.3917H4.63759C4.95776 14.3917 5.21731 14.6486 5.21731 14.9655C5.21731 15.2825 4.95776 15.5394 4.63759 15.5394H4.25111C3.93094 15.5394 3.67139 15.2825 3.67139 14.9655Z" fill="#EB0203"></path>
            <path fill-rule="evenodd" clip-rule="evenodd" d="M0 1.76033C0 0.914738 0.692131 0.229248 1.54592 0.229248H15.0727C15.9265 0.229248 16.6186 0.914738 16.6186 1.76033V11.2818C16.6186 11.5989 16.3591 11.8559 16.0389 11.8559C15.7187 11.8559 15.4592 11.5989 15.4592 11.2818V1.76033C15.4592 1.54893 15.2862 1.37756 15.0727 1.37756H1.54592C1.33247 1.37756 1.15944 1.54893 1.15944 1.76033V18.985C1.15944 19.1964 1.33247 19.3678 1.54592 19.3678H9.27551C9.59568 19.3678 9.85523 19.6249 9.85523 19.942C9.85523 20.2591 9.59568 20.5161 9.27551 20.5161H1.54592C0.692131 20.5161 0 19.8306 0 18.985V1.76033Z" fill="#EB0203"></path>
            <path fill-rule="evenodd" clip-rule="evenodd" d="M14.6254 13.8718C13.4921 12.8567 11.7821 12.7615 10.6574 13.7147C9.12472 15.0124 9.34891 17.128 10.4413 18.2493L14.0161 21.9126C14.2199 22.1217 14.493 22.2386 14.7824 22.2386C15.0739 22.2386 15.3449 22.1238 15.5487 21.9147L19.1235 18.2514C20.2139 17.13 20.4422 15.0144 18.9075 13.7147C17.7827 12.7634 16.0726 12.8569 14.9392 13.872C14.8856 13.92 14.8333 13.9701 14.7824 14.0222C14.7314 13.97 14.6791 13.9199 14.6254 13.8718ZM18.1546 14.588C19.0972 15.3869 18.9961 16.7262 18.2891 17.4541C18.2888 17.4543 18.2886 17.4546 18.2884 17.4548L14.7834 21.0466L11.2757 17.452C11.2756 17.4519 11.2755 17.4517 11.2753 17.4516C10.5681 16.7252 10.4682 15.3856 11.4108 14.5876L11.4112 14.5872C12.0748 14.0248 13.202 14.0556 13.949 14.8205L14.7824 15.674L15.6158 14.8205C16.3618 14.0567 17.4896 14.0256 18.1545 14.5879" fill="#EB0203"></path>
            </svg>
            </button>
            </div>
            </div>
            <p class="ct-tile--brand">Panrico</p>
            <p class="ct-tile--quantity">emb. 510 gr</p>
            </div>
            <div class="ct-tile-bottom row no-gutters justify-content-between">
            <div class="ct-price-wrap col-8 col-sm-12">
            <div class="price js-product-price">
            <div class="prices-wrapper">
            <span class="sales ct-tile--price-primary ">
            <span class="value" content="2.01">
            <span class="ct-price-formatted">
            €2,01
            </span>
            <span class="ct-m-unit">
            /un
            </span>
            </span>
            </span>
            </div>
            <div class="ct-tile--price-secondary">
            <span class="ct-price-value">
            €3,94
            </span>
            <span class="ct-m-unit">
            /kg
            </span>
            </div>
            <p class="ct-discount-amount ct-discount-amount-pvpr">PVP Recomendado: €2,69/un</p>
            </div>
            </div>
            <div class="ct-tile-buy-section d-flex justify-content-center no-gutters col-auto col-sm-12">
            <div class="col-2 d-sm-flex d-none">
            <button class="wishlist-toggler guest-mode inactive button button--tertiary" data-pid="5125419" data-add-url="https://www.continente.pt/on/demandware.store/Sites-continente-Site/default/Wishlist-AddProduct?pid=5125419" data-toggle="tooltip" aria-label="Adicionar aos favoritos " data-original-title="Adicionar aos favoritos" data-placement="top">
            <svg class="active-content" width="100%" height="100%" viewBox="0 0 20 22" fill="none" xmlns="http://www.w3.org/2000/svg">
            <path fill-rule="evenodd" clip-rule="evenodd" d="M0 1.53052C0 0.685236 0.692171 0 1.54601 0H15.0736C15.9274 0 16.6196 0.685235 16.6196 1.53052V13.4064L15.8127 13.922L14.2658 14.2658L12.7189 13.4064L10.6054 14.3818C10.4994 14.2451 10.3327 14.157 10.1452 14.157H6.76329C6.4431 14.157 6.18354 14.414 6.18354 14.731C6.18354 15.0479 6.4431 15.3049 6.76329 15.3049H10.1452C10.2478 15.3049 10.3441 15.2785 10.4277 15.2322L10.3126 16.8439L13.2345 20.2793H1.54601C0.69217 20.2793 0 19.5941 0 18.7488V1.53052ZM6.18354 5.5483C6.18354 5.23132 6.4431 4.97436 6.76329 4.97436H12.3676C12.6878 4.97436 12.9473 5.23132 12.9473 5.5483C12.9473 5.86528 12.6878 6.12224 12.3676 6.12224H6.76329C6.4431 6.12224 6.18354 5.86528 6.18354 5.5483ZM6.76329 11.0961C6.4431 11.0961 6.18354 11.3531 6.18354 11.6701C6.18354 11.987 6.4431 12.244 6.76329 12.244H12.3676C12.6878 12.244 12.9473 11.987 12.9473 11.6701C12.9473 11.3531 12.6878 11.0961 12.3676 11.0961H6.76329ZM6.18354 8.60985C6.18354 8.29287 6.4431 8.03591 6.76329 8.03591H12.3676C12.6878 8.03591 12.9473 8.29287 12.9473 8.60985C12.9473 8.92684 12.6878 9.1838 12.3676 9.1838H6.76329C6.4431 9.1838 6.18354 8.92684 6.18354 8.60985ZM3.67118 5.5483C3.67118 5.23132 3.93075 4.97436 4.25093 4.97436H4.63743C4.95762 4.97436 5.21719 5.23132 5.21719 5.5483C5.21719 5.86528 4.95762 6.12224 4.63743 6.12224H4.25093C3.93075 6.12224 3.67118 5.86528 3.67118 5.5483ZM4.25093 11.0961C3.93075 11.0961 3.67118 11.3531 3.67118 11.6701C3.67118 11.987 3.93075 12.244 4.25093 12.244H4.63743C4.95762 12.244 5.21719 11.987 5.21719 11.6701C5.21719 11.3531 4.95762 11.0961 4.63743 11.0961H4.25093ZM3.67118 8.60985C3.67118 8.29287 3.93075 8.03591 4.25093 8.03591H4.63743C4.95762 8.03591 5.21719 8.29287 5.21719 8.60985C5.21719 8.92684 4.95762 9.1838 4.63743 9.1838H4.25093C3.93075 9.1838 3.67118 8.92684 3.67118 8.60985ZM4.25093 14.157C3.93075 14.157 3.67118 14.414 3.67118 14.731C3.67118 15.0479 3.93075 15.3049 4.25093 15.3049H4.63743C4.95762 15.3049 5.21719 15.0479 5.21719 14.731C5.21719 14.414 4.95762 14.157 4.63743 14.157H4.25093Z" fill="#EB0203"></path>
            <path fill-rule="evenodd" clip-rule="evenodd" d="M14.6252 13.6363C13.4918 12.6215 11.7817 12.5264 10.6569 13.4792C9.12421 14.7764 9.34841 16.8912 10.4409 18.0122L14.0159 21.6742C14.2197 21.8832 14.4928 22 14.7822 22C15.0737 22 15.3448 21.8852 15.5486 21.6762L19.1236 18.0142C20.214 16.8933 20.4423 14.7785 18.9075 13.4792C17.7827 12.5283 16.0724 12.6217 14.9391 13.6365C14.8855 13.6845 14.8331 13.7345 14.7822 13.7866C14.7313 13.7345 14.6789 13.6843 14.6252 13.6363ZM18.1546 14.3522C19.0973 15.1508 18.9962 16.4896 18.2891 17.2173C18.2888 17.2175 18.2886 17.2177 18.2884 17.218L14.7832 20.8084L11.2753 17.2151C11.2752 17.215 11.2751 17.2149 11.2749 17.2148C10.5677 16.4887 10.4678 15.1495 11.4104 14.3518L11.4108 14.3514C12.0745 13.7892 13.2018 13.82 13.9488 14.5846L14.7822 15.4378L15.6157 14.5846C16.3617 13.8211 17.4896 13.79 18.1545 14.3521" fill="#EB0203"></path>
            </svg>
            <svg class="inactive-content" width="100%" height="100%" viewBox="0 0 20 23" fill="none" xmlns="http://www.w3.org/2000/svg">
            <path fill-rule="evenodd" clip-rule="evenodd" d="M6.18408 5.77914C6.18408 5.46223 6.44363 5.20532 6.7638 5.20532H12.3678C12.6879 5.20532 12.9475 5.46223 12.9475 5.77914C12.9475 6.09606 12.6879 6.35297 12.3678 6.35297H6.7638C6.44363 6.35297 6.18408 6.09606 6.18408 5.77914Z" fill="#EB0203"></path>
            <path fill-rule="evenodd" clip-rule="evenodd" d="M6.18408 11.9034C6.18408 11.5865 6.44363 11.3296 6.7638 11.3296H12.3678C12.6879 11.3296 12.9475 11.5865 12.9475 11.9034C12.9475 12.2202 12.6879 12.4771 12.3678 12.4771H6.7638C6.44363 12.4771 6.18408 12.2202 6.18408 11.9034Z" fill="#EB0203"></path>
            <path fill-rule="evenodd" clip-rule="evenodd" d="M6.18408 8.84116C6.18408 8.52424 6.44363 8.26733 6.7638 8.26733H12.3678C12.6879 8.26733 12.9475 8.52424 12.9475 8.84116C12.9475 9.15807 12.6879 9.41498 12.3678 9.41498H6.7638C6.44363 9.41498 6.18408 9.15807 6.18408 8.84116Z" fill="#EB0203"></path>
            <path fill-rule="evenodd" clip-rule="evenodd" d="M6.18408 14.9655C6.18408 14.6486 6.44363 14.3917 6.7638 14.3917H10.1455C10.4657 14.3917 10.7252 14.6486 10.7252 14.9655C10.7252 15.2825 10.4657 15.5394 10.1455 15.5394H6.7638C6.44363 15.5394 6.18408 15.2825 6.18408 14.9655Z" fill="#EB0203"></path>
            <path fill-rule="evenodd" clip-rule="evenodd" d="M3.67139 5.77914C3.67139 5.46223 3.93094 5.20532 4.25111 5.20532H4.63759C4.95776 5.20532 5.21731 5.46223 5.21731 5.77914C5.21731 6.09606 4.95776 6.35297 4.63759 6.35297H4.25111C3.93094 6.35297 3.67139 6.09606 3.67139 5.77914Z" fill="#EB0203"></path>
            <path fill-rule="evenodd" clip-rule="evenodd" d="M3.67139 11.9034C3.67139 11.5865 3.93094 11.3296 4.25111 11.3296H4.63759C4.95776 11.3296 5.21731 11.5865 5.21731 11.9034C5.21731 12.2202 4.95776 12.4771 4.63759 12.4771H4.25111C3.93094 12.4771 3.67139 12.2202 3.67139 11.9034Z" fill="#EB0203"></path>
            <path fill-rule="evenodd" clip-rule="evenodd" d="M3.67139 8.84116C3.67139 8.52424 3.93094 8.26733 4.25111 8.26733H4.63759C4.95776 8.26733 5.21731 8.52424 5.21731 8.84116C5.21731 9.15807 4.95776 9.41498 4.63759 9.41498H4.25111C3.93094 9.41498 3.67139 9.15807 3.67139 8.84116Z" fill="#EB0203"></path>
            <path fill-rule="evenodd" clip-rule="evenodd" d="M3.67139 14.9655C3.67139 14.6486 3.93094 14.3917 4.25111 14.3917H4.63759C4.95776 14.3917 5.21731 14.6486 5.21731 14.9655C5.21731 15.2825 4.95776 15.5394 4.63759 15.5394H4.25111C3.93094 15.5394 3.67139 15.2825 3.67139 14.9655Z" fill="#EB0203"></path>
            <path fill-rule="evenodd" clip-rule="evenodd" d="M0 1.76033C0 0.914738 0.692131 0.229248 1.54592 0.229248H15.0727C15.9265 0.229248 16.6186 0.914738 16.6186 1.76033V11.2818C16.6186 11.5989 16.3591 11.8559 16.0389 11.8559C15.7187 11.8559 15.4592 11.5989 15.4592 11.2818V1.76033C15.4592 1.54893 15.2862 1.37756 15.0727 1.37756H1.54592C1.33247 1.37756 1.15944 1.54893 1.15944 1.76033V18.985C1.15944 19.1964 1.33247 19.3678 1.54592 19.3678H9.27551C9.59568 19.3678 9.85523 19.6249 9.85523 19.942C9.85523 20.2591 9.59568 20.5161 9.27551 20.5161H1.54592C0.692131 20.5161 0 19.8306 0 18.985V1.76033Z" fill="#EB0203"></path>
            <path fill-rule="evenodd" clip-rule="evenodd" d="M14.6254 13.8718C13.4921 12.8567 11.7821 12.7615 10.6574 13.7147C9.12472 15.0124 9.34891 17.128 10.4413 18.2493L14.0161 21.9126C14.2199 22.1217 14.493 22.2386 14.7824 22.2386C15.0739 22.2386 15.3449 22.1238 15.5487 21.9147L19.1235 18.2514C20.2139 17.13 20.4422 15.0144 18.9075 13.7147C17.7827 12.7634 16.0726 12.8569 14.9392 13.872C14.8856 13.92 14.8333 13.9701 14.7824 14.0222C14.7314 13.97 14.6791 13.9199 14.6254 13.8718ZM18.1546 14.588C19.0972 15.3869 18.9961 16.7262 18.2891 17.4541C18.2888 17.4543 18.2886 17.4546 18.2884 17.4548L14.7834 21.0466L11.2757 17.452C11.2756 17.4519 11.2755 17.4517 11.2753 17.4516C10.5681 16.7252 10.4682 15.3856 11.4108 14.5876L11.4112 14.5872C12.0748 14.0248 13.202 14.0556 13.949 14.8205L14.7824 15.674L15.6158 14.8205C16.3618 14.0567 17.4896 14.0256 18.1545 14.5879" fill="#EB0203"></path>
            </svg>
            </button>
            </div>
            <div class="col-sm-10 col-12">
            <div class="ct-tile-quantity d-none" data-pid="5125419">
            <input type="hidden" class="add-to-cart-url" value="https://www.continente.pt/on/demandware.store/Sites-continente-Site/default/Cart-AddProduct">
            <div class="d-none tile-delete-confirmation-btn" data-pid="5125419" data-delay-time="3000" data-in-cart-msg="no carrinho" data-one-product-added="Adicionado ao carrinho" data-remove-from-cart-msg="Removido do carrinho" data-stay-open="6000.0" data-confirmation-image="{&quot;url&quot;:&quot;https://www.continente.pt/dw/image/v2/BDVS_PRD/on/demandware.static/-/Sites-col-master-catalog/default/dw2b77ef06/images/col/512/5125419-frente.jpg?sw=87&amp;sh=80&quot;,&quot;fallbackimage&quot;:{&quot;url&quot;:&quot;https://www.continente.pt/dw/image/v2/BDVS_PRD/on/demandware.static/Sites-continente-Site/-/default/dw7c42b4da/images/noimagelarge_product.png?sw=87&amp;sh=80&quot;,&quot;title&quot;:&quot;Pão de Forma sem Côdea Especial Torradas&quot;,&quot;alt&quot;:&quot;Pão de Forma sem Côdea Especial Torradas&quot;},&quot;title&quot;:&quot;Pão de Forma sem Côdea Especial Torradas&quot;,&quot;alt&quot;:&quot;Pão de Forma sem Côdea Especial Torradas&quot;}"></div>
            <div class="ct-tile-quantity-update quantity-update product-qty-vue" data-remove-action="https://www.continente.pt/on/demandware.store/Sites-continente-Site/default/Cart-RemoveProductLineItem" data-action="https://www.continente.pt/on/demandware.store/Sites-continente-Site/default/Cart-UpdateQuantity" data-dimension-update="https://www.continente.pt/on/demandware.store/Sites-continente-Site/default/Cart-DimensionUpdate" data-pid="5125419" data-uuid="496115b44f956b1a41e1a798d7" data-add-delay="500.0" data-measure-options="{&quot;hasConversionRate&quot;:false,&quot;hasAlternativeSaleUnit&quot;:false,&quot;unitConversionRate&quot;:0,&quot;minOrderQuantity&quot;:1,&quot;stepQuantity&quot;:1,&quot;primaryunit&quot;:&quot;un&quot;,&quot;secondaryunit&quot;:&quot;kg&quot;,&quot;selectedunit&quot;:&quot;primary&quot;,&quot;maxNumberOfUnitsPerSale&quot;:50}" data-price-available="null" :data-has-error="isMaxQtyReached || isMinQtyReached || qtySelectedMoreThanOne">
            <template v-show="prodUnits">
            <div class="quantity-input-wrapper has-units">
            <label class="visually-hidden" :for="'quantity-' + pid + additionalTag">
            Quantidade no carrinho
            </label>
            <input :ref="'quantityInput-' + pid + additionalTag" class="add-to-cart-quantity form-control ct-form-input text-center" inputmode="numeric" :class="{'is-invalid': isInvalid}" :data-pid="pid + additionalTag" :name="'quantity-' + pid + additionalTag" type="text" aria-label="Insira a quantidade" title="" v-model="displayValue" @change="updateQuantity" @focus="updateQtyFormat" @blur="restoreQtyFormat" :disabled="!isPriceAvailable">
            <span class="quantity-icon quantity-icon--minus">
            <button class="decrease-quantity-btn" @click="updateQuantity" :disabled="!isPriceAvailable" role="button" aria-label="Reduzir quantidade">
            <i class="css-math-minus"></i>
            </button>
            </span>
            <span class="quantity-icon quantity-icon--plus">
            <button class="increase-quantity-btn" @click="updateQuantity" :disabled="isMaxQtyReached || !isPriceAvailable" role="button" aria-label="Aumentar quantidade">
            <i class="css-math-plus"></i>
            </button>
            <span class="quantity-btn-disabled-placeholder"></span>
            </span>
            <template v-if="isPDP">
            <span class="quantity-error ct-span-error text-sm-center product-max-allocation" v-if="isMaxQtyReached">
            Quantidade máxima atingida
            </span>
            <span class="quantity-error ct-span-product text-sm-center product-allocation" v-if="!isMinQtyReached &amp;&amp; !isMaxQtyReached">
            {{quantitySelected}} no carrinho
            </span>
            <span class="quantity-error ct-span-error text-sm-center product-min-allocation" :data-pid="pid" v-if="isMinQtyReached &amp;&amp; !isMaxQtyReached">
            Quantidade mínima atingida
            </span>
            </template>
            </div>
            <template v-if="showNotes">
            <div class="add-note-link-container ">
            <div class="add-note">
            <a href="/produto/pao-de-forma-sem-codea-especial-torradas-panrico-5125419.html?showNote=true" class="ct-add-note-redirect-pdp" aria-label="Adicionar comentário">
            <span class="svg-wrapper svg-icon-notes" style="width:19px; height:20px">
            <svg class="svg-inline icon-notes" viewBox="0 0 28 30" xmlns="http://www.w3.org/2000/svg" width="100%" height="100%"><path d="M21.738 0C22.985 0 24 1.04 24 2.319V12.47c0 .469-.37.848-.828.848-.457 0-.827-.38-.827-.848V2.32c0-.343-.273-.622-.607-.622H2.262c-.334 0-.607.279-.607.622V27.68c0 .343.273.622.607.622h7.81c.457 0 .827.38.827.849 0 .468-.37.848-.827.848h-7.81C1.015 30 0 28.96 0 27.681V2.32C0 1.04 1.015 0 2.262 0h19.476zm2.844 16.004l.227.007c.823.053 1.589.39 2.176.964.64.627.993 1.46.993 2.349 0 .888-.353 1.722-.993 2.348l-6.83 6.665c-.11.108-.247.186-.397.226l-5.032 1.363c-.078.021-.16.032-.241.032-.242 0-.478-.097-.647-.266-.23-.231-.314-.566-.218-.874l1.49-4.798c.044-.139.122-.266.227-.369l6.844-6.677c.64-.625 1.493-.97 2.401-.97zm-2.886 3.94l-4.922 4.802-.947 3.048 3.22-.872 4.897-4.78-2.248-2.197zm2.887-2.174c-.425 0-.824.162-1.124.455l-.484.472 2.248 2.197.484-.472c.62-.606.62-1.591 0-2.197l-.117-.104c-.283-.227-.636-.35-1.007-.35zm-10.839.022c.498 0 .904.396.904.883 0 .488-.406.884-.904.884H5.946c-.499 0-.904-.396-.904-.884 0-.487.405-.883.904-.883zm5.042-4.876c.498 0 .904.397.904.884s-.406.884-.904.884H5.946c-.499 0-.904-.397-.904-.884s.405-.884.904-.884zm0-4.875c.498 0 .904.396.904.884 0 .487-.406.883-.904.883H5.946c-.499 0-.904-.396-.904-.883 0-.488.405-.884.904-.884z" fill="#EB0203" fill-rule="evenodd"></path></svg>
            </span>
            <div class="available-note d-none"></div>
            </a>
            </div>
            </div>
            </template>
            <div class="measurement-unit-section" v-if="isPriceAvailable &amp;&amp; prodUnits ? prodUnits.hasAlternativeUnit : false">
            <div class="ct-form-radio" @click="setDimension">
            <input type="radio" title="" class="ct-form-check-input product-measurement-unit" :data-type="prodUnits.selectedUnit == prodUnits.secondaryUnit ? 'primary' : ''" :id="prodUnits.secondaryUnit + '-' + pid + '-measurement-unit-ptile' + additionalTag" :name="'measurement-unit-' + pid + '-ptile' + additionalTag" :value="prodUnits.secondaryUnit" v-model="prodUnits.selectedUnit">
            <label :class="prodUnits.secondaryUnit + '-label ct-form-check-label mb-0'" :for="prodUnits.secondaryUnit + '-' + pid + '-measurement-unit-ptile' + additionalTag">
            {{prodUnits.secondaryUnit}}
            </label>
            <span class="checkmark"></span>
            </div>
            <div class="ct-form-radio" @click="setDimension">
            <input type="radio" title="" class="ct-form-check-input product-measurement-unit" :data-type="prodUnits.selectedUnit == prodUnits.primaryUnit ? 'primary' : ''" :id="prodUnits.primaryUnit + '-' + pid + '-measurement-unit-ptile' + additionalTag" :name="'measurement-unit-' + pid + '-ptile' + additionalTag" :value="prodUnits.primaryUnit" v-model="prodUnits.selectedUnit">
            <label :class="prodUnits.primaryUnit + '-label ct-form-check-label mb-0'" :for="prodUnits.primaryUnit + '-' + pid + '-measurement-unit-ptile' + additionalTag">
            {{prodUnits.primaryUnit}}
            </label>
            <span class="checkmark"></span>
            </div>
            </div>
            <template v-if="!isPDP &amp;&amp; isPriceAvailable">
            <span class="quantity-error ct-span-error product-max-allocation" v-if="isMaxQtyReached">
            Quantidade máxima atingida
            </span>
             <span class="quantity-error ct-span-product product-allocation" v-if="!isMinQtyReached &amp;&amp; !isMaxQtyReached">
            {{quantitySelected}} no carrinho
            </span>
            <span class="quantity-error ct-span-error product-min-allocation" :data-pid="pid" v-if="isMinQtyReached &amp;&amp; !isMaxQtyReached">
            Quantidade mínima atingida
            </span>
            </template>
            </template>
            </div>
            <input class="quantity-value-mask d-none" name="quantity" type="number" min="0" value="">
            </div>
            <button type="button" class="add-to-cart button js-add-to-cart js-add-to-cart-tile 5125419 button--primary dynamic-layout-btn" data-toggle="modal" data-target="#chooseBonusProductModal" data-pid="5125419" data-quantity-value="null" aria-label="Carrinho">
            <span class="d-block d-sm-none">
            <span class="svg-wrapper svg-icon-cart" style="width:20px; height:20px">
            <svg class="svg-inline icon-cart" xmlns="http://www.w3.org/2000/svg" viewBox="0 0 500 500" width="100%" height="100%"><path fill="#EB0203" fill-rule="evenodd" d="M 485.67317,94.386311 C 476.37798,83.847129 463.09468,78.03348 448.30404,78.03348 H 90.690813 L 87.079511,51.327997 C 83.185582,22.539551 62.962285,0 41.011841,0 H 14.727836 C 6.563151,0 0,6.5286975 0,14.580758 c 0,8.05206 6.5945535,14.580758 14.727836,14.580758 h 26.284005 c 4.710398,0 14.696435,9.855222 16.894619,26.021523 L 100.01739,368.0631 c 1.88416,13.77244 9.01256,26.70549 20.1605,36.37417 8.25889,7.15046 18.02511,11.9071 28.26237,13.89679 -4.17655,7.58572 -6.53175,16.25957 -6.53175,25.493 0,29.53459 24.27424,53.59751 54.13815,53.59751 29.8325,0 54.13814,-24.03184 54.13814,-53.59751 0,-8.79818 -2.19818,-17.09897 -5.9979,-24.43598 h 77.12488 c -3.79973,7.33701 -5.96652,15.6378 -5.96652,24.43598 0,29.53459 24.27424,53.59751 54.13817,53.59751 29.83249,0 54.13814,-24.03184 54.13814,-53.59751 0,-8.79818 -2.1982,-17.09897 -5.9979,-24.43598 h 38.56243 c 8.13328,0 14.72783,-6.5287 14.72783,-14.61183 0,-8.02098 -6.59455,-14.54967 -14.72783,-14.54967 H 159.24277 c -14.38241,0 -28.13677,-11.90711 -30.02092,-26.02153 l -3.07746,-22.88154 h 290.6314 c 14.03698,0 27.94834,-5.28513 39.06488,-14.95381 11.11652,-9.6376 18.27632,-22.57065 20.16048,-36.37417 l 21.10259,-156.78201 c 1.94694,-14.51858 -2.10398,-28.29103 -11.43057,-38.861299 z M 220.76053,443.82706 c 0,13.49265 -11.08513,24.46709 -24.68247,24.46709 -13.62874,0 -24.71387,-10.97444 -24.71387,-24.46709 0,-13.49262 11.08513,-24.43598 24.71387,-24.43598 13.59734,0 24.68247,10.94336 24.68247,24.43598 z m 173.43675,0 c 0,13.49265 -11.08512,24.46709 -24.68245,24.46709 -13.62876,0 -24.71388,-10.97444 -24.71388,-24.46709 0,-13.49262 11.08512,-24.43598 24.71388,-24.43598 13.59733,0 24.68245,10.94336 24.68245,24.43598 z m 73.7648,-314.46558 -21.13397,156.782 c -1.88416,14.11442 -15.63851,26.05261 -30.02091,26.05261 H 122.25046 L 94.616142,107.19499 H 448.33544 c 6.18632,0 11.61896,2.2695 15.23028,6.37326 3.64269,4.13484 5.21283,9.73086 4.39636,15.79323 z"></path></svg>
            </span>
            </span>
            <span class="add-to-cart--text d-none d-sm-block">Carrinho</span>
            </button>
            </div>
            </div>
            </div>
            </div>
            
            <div class="col-12 d-sm-none">
            </div>
            </div>
            </div>
            </div>
            </div>
            <div class="col-12 col-sm-3 col-lg-2 productTile" data-idx="15">
            
            <script type="text/javascript">//<!--
            /* <![CDATA[ */
            (function(){
            try {
                if(window.CQuotient) {
                var cq_params = {};
                
                cq_params.cookieId = window.CQuotient.getCQCookieId();
                cq_params.userId = window.CQuotient.getCQUserId();
                cq_params.emailId = CQuotient.getCQHashedEmail();
                cq_params.loginId = CQuotient.getCQHashedLogin();
                cq_params.accumulate = true;
                cq_params.products = [{
                    id: '5845129',
                    sku: ''
                }];
                cq_params.categoryId = 'padaria-e-pastelaria-padaria-forma';
                cq_params.refinements = '[{\"name\":\"priceMin\",\"value\":\"0.01\"},{\"name\":\"priceMax\",\"value\":\"null\"},{\"name\":\"curr\",\"value\":\"EUR\"},{\"name\":\"Category\",\"value\":\"padaria-e-pastelaria-padaria-forma\"}]';
                cq_params.personalized = 'false';
                cq_params.sortingRule = 'categories top-sellers';
                cq_params.imageUUID = '__UNDEFINED__';
                cq_params.realm = "BDVS";
                cq_params.siteId = "continente";
                cq_params.instanceType = "prd";
                cq_params.queryLocale = "default";
                cq_params.locale = window.CQuotient.locale;
                
                if(window.CQuotient.sendActivity)
                    window.CQuotient.sendActivity(CQuotient.clientId, 'viewCategory', cq_params);
                else
                    window.CQuotient.activities.push({
                        activityType: 'viewCategory',
                        parameters: cq_params
                    });
              }
            } catch(err) {}
            })();
            /* ]]> */
            // -->
            </script>
            <script type="text/javascript">//<!--
            /* <![CDATA[ (viewCategoryProduct-active_data.js) */
            (function(){
            try {
                if (dw.ac) {
                    var search_params = {};
                    search_params.persd = 'false';
                    search_params.refs = '[{\"name\":\"priceMin\",\"value\":\"0.01\"},{\"name\":\"priceMax\",\"value\":\"null\"},{\"name\":\"curr\",\"value\":\"EUR\"},{\"name\":\"Category\",\"value\":\"padaria-e-pastelaria-padaria-forma\"}]';
                    search_params.sort = 'categories top-sellers';
                    search_params.imageUUID = '';
                    search_params.searchID = '79fd584c-cee5-42dd-a07f-04e8467e04c2';
                    search_params.locale = 'default';
                    search_params.queryLocale = 'default';
                    search_params.showProducts = 'true';
                    dw.ac.applyContext({category: "padaria-e-pastelaria-padaria-forma", searchData: search_params});
                    if (typeof dw.ac._scheduleDataSubmission === "function") {
                        dw.ac._scheduleDataSubmission();
                    }
                }
            } catch(err) {}
            })();
            /* ]]> */
            // -->
            </script>
            <script type="text/javascript">//<!--
            /* <![CDATA[ (viewProduct-active_data.js) */
            dw.ac._capture({id: "5845129", type: "searchhit"});
            /* ]]> */
            // -->
            </script>
            <div class="product" data-pid="5845129">
            <div class="product-tile pid-5845129 ct-product-tile data-layer-pushed" data-delay-time="3000" data-variants-mapping="[]" data-in-cart-msg="no carrinho" data-one-product-added="Adicionado ao carrinho" data-remove-from-cart-msg="Removido do carrinho" data-stay-open="6000.0" data-product-tile-impression="{&quot;name&quot;:&quot;5845129&quot;,&quot;id&quot;:&quot;5845129&quot;,&quot;price&quot;:1.49,&quot;brand&quot;:&quot;Bimbo&quot;,&quot;category&quot;:[{&quot;category_level_1&quot;:&quot;Padaria e Pastelaria&quot;},{&quot;category_level_2&quot;:&quot;Padaria&quot;},{&quot;category_level_3&quot;:&quot;Pão de Forma e Embalado&quot;}],&quot;variant&quot;:&quot;&quot;}">
            <div class="ct-inner-tile-wrap row no-gutters justify-content-center align-content-start">
            <div class="ct-product-tile-badge ct-product-tile-badge--promotional">
            <img class="img-fluid lazyloaded" loading="lazy" data-src="https://www.continente.pt/dw/image/v2/BDVS_PRD/on/demandware.static/-/Sites-continente-Library/default/dwf5980f2e/images/badges/pvpr/col/pvpr.png?sw=60&amp;sh=42" alt="PVP Recomendado: €1,99/un" title="PVP Recomendado: €1,99/un" src="https://www.continente.pt/dw/image/v2/BDVS_PRD/on/demandware.static/-/Sites-continente-Library/default/dwf5980f2e/images/badges/pvpr/col/pvpr.png?sw=60&amp;sh=42">
            <div class="ct-product-tile-badge-value-wrapper ct-product-tile-badge-value-wrapper--pvpr  ">
            <span class="ct-product-tile-badge-value--pvpr">
            25
            </span>
            <span class="ct-product-tile-badge-value--pvpr-quantifier ">
            %
            </span>
            </div>
            </div>
            
            <div class="ct-image-container col-4 col-sm" data-confirmation-image="{&quot;url&quot;:&quot;https://www.continente.pt/dw/image/v2/BDVS_PRD/on/demandware.static/-/Sites-col-master-catalog/default/dwb5d3d4c1/images/col/584/5845129-frente.jpg?sw=87&amp;sh=80&quot;,&quot;fallbackimage&quot;:{&quot;url&quot;:&quot;https://www.continente.pt/dw/image/v2/BDVS_PRD/on/demandware.static/Sites-continente-Site/-/default/dw7c42b4da/images/noimagelarge_product.png?sw=87&amp;sh=80&quot;,&quot;title&quot;:&quot;Pão de Forma Artesanal&quot;,&quot;alt&quot;:&quot;Pão de Forma Artesanal&quot;},&quot;title&quot;:&quot;Pão de Forma Artesanal&quot;,&quot;alt&quot;:&quot;Pão de Forma Artesanal&quot;}">
            <a href="https://www.continente.pt/produto/pao-de-forma-artesanal-bimbo-5845129.html?cgid=padaria-e-pastelaria-padaria-forma">
            <picture class="intrinsic intrinsic--square">
            <img class="ct-tile-image lazyloaded" loading="lazy" onerror="this.onerror=null;this.src='/on/demandware.static/Sites-continente-Site/-/default/dw7c42b4da/images/noimagelarge_product.png';" data-src="https://www.continente.pt/dw/image/v2/BDVS_PRD/on/demandware.static/-/Sites-col-master-catalog/default/dwb5d3d4c1/images/col/584/5845129-frente.jpg?sw=280&amp;sh=280" alt="Pão de Forma Artesanal" title="Pão de Forma Artesanal" src="https://www.continente.pt/dw/image/v2/BDVS_PRD/on/demandware.static/-/Sites-col-master-catalog/default/dwb5d3d4c1/images/col/584/5845129-frente.jpg?sw=280&amp;sh=280">
            </picture>
            </a>
            <div class="color-swatches d-flex" style="margin-left: 5px;">
            <div class="swatches d-flex">
            </div>
            </div>
            </div>
            <div class="ct-tile-body col col-sm-auto ">
            <div class="ct-pdp-details">
            <div class="ct-pdp-link">
            <a class="ct-tile--description" href="https://www.continente.pt/produto/pao-de-forma-artesanal-bimbo-5845129.html?cgid=padaria-e-pastelaria-padaria-forma">Pão de Forma Artesanal</a>
            <div class="ct-tile--favorite-top d-sm-none">
            <button class="wishlist-toggler guest-mode inactive button button--tertiary" data-pid="5845129" data-add-url="https://www.continente.pt/on/demandware.store/Sites-continente-Site/default/Wishlist-AddProduct?pid=5845129" data-toggle="tooltip" aria-label="Adicionar aos favoritos " data-original-title="Adicionar aos favoritos" data-placement="top">
            <svg class="active-content" width="100%" height="100%" viewBox="0 0 20 22" fill="none" xmlns="http://www.w3.org/2000/svg">
            <path fill-rule="evenodd" clip-rule="evenodd" d="M0 1.53052C0 0.685236 0.692171 0 1.54601 0H15.0736C15.9274 0 16.6196 0.685235 16.6196 1.53052V13.4064L15.8127 13.922L14.2658 14.2658L12.7189 13.4064L10.6054 14.3818C10.4994 14.2451 10.3327 14.157 10.1452 14.157H6.76329C6.4431 14.157 6.18354 14.414 6.18354 14.731C6.18354 15.0479 6.4431 15.3049 6.76329 15.3049H10.1452C10.2478 15.3049 10.3441 15.2785 10.4277 15.2322L10.3126 16.8439L13.2345 20.2793H1.54601C0.69217 20.2793 0 19.5941 0 18.7488V1.53052ZM6.18354 5.5483C6.18354 5.23132 6.4431 4.97436 6.76329 4.97436H12.3676C12.6878 4.97436 12.9473 5.23132 12.9473 5.5483C12.9473 5.86528 12.6878 6.12224 12.3676 6.12224H6.76329C6.4431 6.12224 6.18354 5.86528 6.18354 5.5483ZM6.76329 11.0961C6.4431 11.0961 6.18354 11.3531 6.18354 11.6701C6.18354 11.987 6.4431 12.244 6.76329 12.244H12.3676C12.6878 12.244 12.9473 11.987 12.9473 11.6701C12.9473 11.3531 12.6878 11.0961 12.3676 11.0961H6.76329ZM6.18354 8.60985C6.18354 8.29287 6.4431 8.03591 6.76329 8.03591H12.3676C12.6878 8.03591 12.9473 8.29287 12.9473 8.60985C12.9473 8.92684 12.6878 9.1838 12.3676 9.1838H6.76329C6.4431 9.1838 6.18354 8.92684 6.18354 8.60985ZM3.67118 5.5483C3.67118 5.23132 3.93075 4.97436 4.25093 4.97436H4.63743C4.95762 4.97436 5.21719 5.23132 5.21719 5.5483C5.21719 5.86528 4.95762 6.12224 4.63743 6.12224H4.25093C3.93075 6.12224 3.67118 5.86528 3.67118 5.5483ZM4.25093 11.0961C3.93075 11.0961 3.67118 11.3531 3.67118 11.6701C3.67118 11.987 3.93075 12.244 4.25093 12.244H4.63743C4.95762 12.244 5.21719 11.987 5.21719 11.6701C5.21719 11.3531 4.95762 11.0961 4.63743 11.0961H4.25093ZM3.67118 8.60985C3.67118 8.29287 3.93075 8.03591 4.25093 8.03591H4.63743C4.95762 8.03591 5.21719 8.29287 5.21719 8.60985C5.21719 8.92684 4.95762 9.1838 4.63743 9.1838H4.25093C3.93075 9.1838 3.67118 8.92684 3.67118 8.60985ZM4.25093 14.157C3.93075 14.157 3.67118 14.414 3.67118 14.731C3.67118 15.0479 3.93075 15.3049 4.25093 15.3049H4.63743C4.95762 15.3049 5.21719 15.0479 5.21719 14.731C5.21719 14.414 4.95762 14.157 4.63743 14.157H4.25093Z" fill="#EB0203"></path>
            <path fill-rule="evenodd" clip-rule="evenodd" d="M14.6252 13.6363C13.4918 12.6215 11.7817 12.5264 10.6569 13.4792C9.12421 14.7764 9.34841 16.8912 10.4409 18.0122L14.0159 21.6742C14.2197 21.8832 14.4928 22 14.7822 22C15.0737 22 15.3448 21.8852 15.5486 21.6762L19.1236 18.0142C20.214 16.8933 20.4423 14.7785 18.9075 13.4792C17.7827 12.5283 16.0724 12.6217 14.9391 13.6365C14.8855 13.6845 14.8331 13.7345 14.7822 13.7866C14.7313 13.7345 14.6789 13.6843 14.6252 13.6363ZM18.1546 14.3522C19.0973 15.1508 18.9962 16.4896 18.2891 17.2173C18.2888 17.2175 18.2886 17.2177 18.2884 17.218L14.7832 20.8084L11.2753 17.2151C11.2752 17.215 11.2751 17.2149 11.2749 17.2148C10.5677 16.4887 10.4678 15.1495 11.4104 14.3518L11.4108 14.3514C12.0745 13.7892 13.2018 13.82 13.9488 14.5846L14.7822 15.4378L15.6157 14.5846C16.3617 13.8211 17.4896 13.79 18.1545 14.3521" fill="#EB0203"></path>
            </svg>
            <svg class="inactive-content" width="100%" height="100%" viewBox="0 0 20 23" fill="none" xmlns="http://www.w3.org/2000/svg">
            <path fill-rule="evenodd" clip-rule="evenodd" d="M6.18408 5.77914C6.18408 5.46223 6.44363 5.20532 6.7638 5.20532H12.3678C12.6879 5.20532 12.9475 5.46223 12.9475 5.77914C12.9475 6.09606 12.6879 6.35297 12.3678 6.35297H6.7638C6.44363 6.35297 6.18408 6.09606 6.18408 5.77914Z" fill="#EB0203"></path>
            <path fill-rule="evenodd" clip-rule="evenodd" d="M6.18408 11.9034C6.18408 11.5865 6.44363 11.3296 6.7638 11.3296H12.3678C12.6879 11.3296 12.9475 11.5865 12.9475 11.9034C12.9475 12.2202 12.6879 12.4771 12.3678 12.4771H6.7638C6.44363 12.4771 6.18408 12.2202 6.18408 11.9034Z" fill="#EB0203"></path>
            <path fill-rule="evenodd" clip-rule="evenodd" d="M6.18408 8.84116C6.18408 8.52424 6.44363 8.26733 6.7638 8.26733H12.3678C12.6879 8.26733 12.9475 8.52424 12.9475 8.84116C12.9475 9.15807 12.6879 9.41498 12.3678 9.41498H6.7638C6.44363 9.41498 6.18408 9.15807 6.18408 8.84116Z" fill="#EB0203"></path>
            <path fill-rule="evenodd" clip-rule="evenodd" d="M6.18408 14.9655C6.18408 14.6486 6.44363 14.3917 6.7638 14.3917H10.1455C10.4657 14.3917 10.7252 14.6486 10.7252 14.9655C10.7252 15.2825 10.4657 15.5394 10.1455 15.5394H6.7638C6.44363 15.5394 6.18408 15.2825 6.18408 14.9655Z" fill="#EB0203"></path>
            <path fill-rule="evenodd" clip-rule="evenodd" d="M3.67139 5.77914C3.67139 5.46223 3.93094 5.20532 4.25111 5.20532H4.63759C4.95776 5.20532 5.21731 5.46223 5.21731 5.77914C5.21731 6.09606 4.95776 6.35297 4.63759 6.35297H4.25111C3.93094 6.35297 3.67139 6.09606 3.67139 5.77914Z" fill="#EB0203"></path>
            <path fill-rule="evenodd" clip-rule="evenodd" d="M3.67139 11.9034C3.67139 11.5865 3.93094 11.3296 4.25111 11.3296H4.63759C4.95776 11.3296 5.21731 11.5865 5.21731 11.9034C5.21731 12.2202 4.95776 12.4771 4.63759 12.4771H4.25111C3.93094 12.4771 3.67139 12.2202 3.67139 11.9034Z" fill="#EB0203"></path>
            <path fill-rule="evenodd" clip-rule="evenodd" d="M3.67139 8.84116C3.67139 8.52424 3.93094 8.26733 4.25111 8.26733H4.63759C4.95776 8.26733 5.21731 8.52424 5.21731 8.84116C5.21731 9.15807 4.95776 9.41498 4.63759 9.41498H4.25111C3.93094 9.41498 3.67139 9.15807 3.67139 8.84116Z" fill="#EB0203"></path>
            <path fill-rule="evenodd" clip-rule="evenodd" d="M3.67139 14.9655C3.67139 14.6486 3.93094 14.3917 4.25111 14.3917H4.63759C4.95776 14.3917 5.21731 14.6486 5.21731 14.9655C5.21731 15.2825 4.95776 15.5394 4.63759 15.5394H4.25111C3.93094 15.5394 3.67139 15.2825 3.67139 14.9655Z" fill="#EB0203"></path>
            <path fill-rule="evenodd" clip-rule="evenodd" d="M0 1.76033C0 0.914738 0.692131 0.229248 1.54592 0.229248H15.0727C15.9265 0.229248 16.6186 0.914738 16.6186 1.76033V11.2818C16.6186 11.5989 16.3591 11.8559 16.0389 11.8559C15.7187 11.8559 15.4592 11.5989 15.4592 11.2818V1.76033C15.4592 1.54893 15.2862 1.37756 15.0727 1.37756H1.54592C1.33247 1.37756 1.15944 1.54893 1.15944 1.76033V18.985C1.15944 19.1964 1.33247 19.3678 1.54592 19.3678H9.27551C9.59568 19.3678 9.85523 19.6249 9.85523 19.942C9.85523 20.2591 9.59568 20.5161 9.27551 20.5161H1.54592C0.692131 20.5161 0 19.8306 0 18.985V1.76033Z" fill="#EB0203"></path>
            <path fill-rule="evenodd" clip-rule="evenodd" d="M14.6254 13.8718C13.4921 12.8567 11.7821 12.7615 10.6574 13.7147C9.12472 15.0124 9.34891 17.128 10.4413 18.2493L14.0161 21.9126C14.2199 22.1217 14.493 22.2386 14.7824 22.2386C15.0739 22.2386 15.3449 22.1238 15.5487 21.9147L19.1235 18.2514C20.2139 17.13 20.4422 15.0144 18.9075 13.7147C17.7827 12.7634 16.0726 12.8569 14.9392 13.872C14.8856 13.92 14.8333 13.9701 14.7824 14.0222C14.7314 13.97 14.6791 13.9199 14.6254 13.8718ZM18.1546 14.588C19.0972 15.3869 18.9961 16.7262 18.2891 17.4541C18.2888 17.4543 18.2886 17.4546 18.2884 17.4548L14.7834 21.0466L11.2757 17.452C11.2756 17.4519 11.2755 17.4517 11.2753 17.4516C10.5681 16.7252 10.4682 15.3856 11.4108 14.5876L11.4112 14.5872C12.0748 14.0248 13.202 14.0556 13.949 14.8205L14.7824 15.674L15.6158 14.8205C16.3618 14.0567 17.4896 14.0256 18.1545 14.5879" fill="#EB0203"></path>
            </svg>
            </button>
            </div>
            </div>
            <p class="ct-tile--brand">Bimbo</p>
            <p class="ct-tile--quantity">emb. 550 gr</p>
            </div>
            <div class="ct-tile-bottom row no-gutters justify-content-between">
            <div class="ct-price-wrap col-8 col-sm-12">
            <div class="price js-product-price">
            <div class="prices-wrapper">
            <span class="sales ct-tile--price-primary ">
            <span class="value" content="1.49">
            <span class="ct-price-formatted">
            €1,49
            </span>
            <span class="ct-m-unit">
            /un
            </span>
            </span>
            </span>
            </div>
            <div class="ct-tile--price-secondary">
            <span class="ct-price-value">
            €2,71
            </span>
            <span class="ct-m-unit">
            /kg
            </span>
            </div>
            <p class="ct-discount-amount ct-discount-amount-pvpr">PVP Recomendado: €1,99/un</p>
            </div>
            </div>
            <div class="ct-tile-buy-section d-flex justify-content-center no-gutters col-auto col-sm-12">
            <div class="col-2 d-sm-flex d-none">
            <button class="wishlist-toggler guest-mode inactive button button--tertiary" data-pid="5845129" data-add-url="https://www.continente.pt/on/demandware.store/Sites-continente-Site/default/Wishlist-AddProduct?pid=5845129" data-toggle="tooltip" aria-label="Adicionar aos favoritos " data-original-title="Adicionar aos favoritos" data-placement="top">
            <svg class="active-content" width="100%" height="100%" viewBox="0 0 20 22" fill="none" xmlns="http://www.w3.org/2000/svg">
            <path fill-rule="evenodd" clip-rule="evenodd" d="M0 1.53052C0 0.685236 0.692171 0 1.54601 0H15.0736C15.9274 0 16.6196 0.685235 16.6196 1.53052V13.4064L15.8127 13.922L14.2658 14.2658L12.7189 13.4064L10.6054 14.3818C10.4994 14.2451 10.3327 14.157 10.1452 14.157H6.76329C6.4431 14.157 6.18354 14.414 6.18354 14.731C6.18354 15.0479 6.4431 15.3049 6.76329 15.3049H10.1452C10.2478 15.3049 10.3441 15.2785 10.4277 15.2322L10.3126 16.8439L13.2345 20.2793H1.54601C0.69217 20.2793 0 19.5941 0 18.7488V1.53052ZM6.18354 5.5483C6.18354 5.23132 6.4431 4.97436 6.76329 4.97436H12.3676C12.6878 4.97436 12.9473 5.23132 12.9473 5.5483C12.9473 5.86528 12.6878 6.12224 12.3676 6.12224H6.76329C6.4431 6.12224 6.18354 5.86528 6.18354 5.5483ZM6.76329 11.0961C6.4431 11.0961 6.18354 11.3531 6.18354 11.6701C6.18354 11.987 6.4431 12.244 6.76329 12.244H12.3676C12.6878 12.244 12.9473 11.987 12.9473 11.6701C12.9473 11.3531 12.6878 11.0961 12.3676 11.0961H6.76329ZM6.18354 8.60985C6.18354 8.29287 6.4431 8.03591 6.76329 8.03591H12.3676C12.6878 8.03591 12.9473 8.29287 12.9473 8.60985C12.9473 8.92684 12.6878 9.1838 12.3676 9.1838H6.76329C6.4431 9.1838 6.18354 8.92684 6.18354 8.60985ZM3.67118 5.5483C3.67118 5.23132 3.93075 4.97436 4.25093 4.97436H4.63743C4.95762 4.97436 5.21719 5.23132 5.21719 5.5483C5.21719 5.86528 4.95762 6.12224 4.63743 6.12224H4.25093C3.93075 6.12224 3.67118 5.86528 3.67118 5.5483ZM4.25093 11.0961C3.93075 11.0961 3.67118 11.3531 3.67118 11.6701C3.67118 11.987 3.93075 12.244 4.25093 12.244H4.63743C4.95762 12.244 5.21719 11.987 5.21719 11.6701C5.21719 11.3531 4.95762 11.0961 4.63743 11.0961H4.25093ZM3.67118 8.60985C3.67118 8.29287 3.93075 8.03591 4.25093 8.03591H4.63743C4.95762 8.03591 5.21719 8.29287 5.21719 8.60985C5.21719 8.92684 4.95762 9.1838 4.63743 9.1838H4.25093C3.93075 9.1838 3.67118 8.92684 3.67118 8.60985ZM4.25093 14.157C3.93075 14.157 3.67118 14.414 3.67118 14.731C3.67118 15.0479 3.93075 15.3049 4.25093 15.3049H4.63743C4.95762 15.3049 5.21719 15.0479 5.21719 14.731C5.21719 14.414 4.95762 14.157 4.63743 14.157H4.25093Z" fill="#EB0203"></path>
            <path fill-rule="evenodd" clip-rule="evenodd" d="M14.6252 13.6363C13.4918 12.6215 11.7817 12.5264 10.6569 13.4792C9.12421 14.7764 9.34841 16.8912 10.4409 18.0122L14.0159 21.6742C14.2197 21.8832 14.4928 22 14.7822 22C15.0737 22 15.3448 21.8852 15.5486 21.6762L19.1236 18.0142C20.214 16.8933 20.4423 14.7785 18.9075 13.4792C17.7827 12.5283 16.0724 12.6217 14.9391 13.6365C14.8855 13.6845 14.8331 13.7345 14.7822 13.7866C14.7313 13.7345 14.6789 13.6843 14.6252 13.6363ZM18.1546 14.3522C19.0973 15.1508 18.9962 16.4896 18.2891 17.2173C18.2888 17.2175 18.2886 17.2177 18.2884 17.218L14.7832 20.8084L11.2753 17.2151C11.2752 17.215 11.2751 17.2149 11.2749 17.2148C10.5677 16.4887 10.4678 15.1495 11.4104 14.3518L11.4108 14.3514C12.0745 13.7892 13.2018 13.82 13.9488 14.5846L14.7822 15.4378L15.6157 14.5846C16.3617 13.8211 17.4896 13.79 18.1545 14.3521" fill="#EB0203"></path>
            </svg>
            <svg class="inactive-content" width="100%" height="100%" viewBox="0 0 20 23" fill="none" xmlns="http://www.w3.org/2000/svg">
            <path fill-rule="evenodd" clip-rule="evenodd" d="M6.18408 5.77914C6.18408 5.46223 6.44363 5.20532 6.7638 5.20532H12.3678C12.6879 5.20532 12.9475 5.46223 12.9475 5.77914C12.9475 6.09606 12.6879 6.35297 12.3678 6.35297H6.7638C6.44363 6.35297 6.18408 6.09606 6.18408 5.77914Z" fill="#EB0203"></path>
            <path fill-rule="evenodd" clip-rule="evenodd" d="M6.18408 11.9034C6.18408 11.5865 6.44363 11.3296 6.7638 11.3296H12.3678C12.6879 11.3296 12.9475 11.5865 12.9475 11.9034C12.9475 12.2202 12.6879 12.4771 12.3678 12.4771H6.7638C6.44363 12.4771 6.18408 12.2202 6.18408 11.9034Z" fill="#EB0203"></path>
            <path fill-rule="evenodd" clip-rule="evenodd" d="M6.18408 8.84116C6.18408 8.52424 6.44363 8.26733 6.7638 8.26733H12.3678C12.6879 8.26733 12.9475 8.52424 12.9475 8.84116C12.9475 9.15807 12.6879 9.41498 12.3678 9.41498H6.7638C6.44363 9.41498 6.18408 9.15807 6.18408 8.84116Z" fill="#EB0203"></path>
            <path fill-rule="evenodd" clip-rule="evenodd" d="M6.18408 14.9655C6.18408 14.6486 6.44363 14.3917 6.7638 14.3917H10.1455C10.4657 14.3917 10.7252 14.6486 10.7252 14.9655C10.7252 15.2825 10.4657 15.5394 10.1455 15.5394H6.7638C6.44363 15.5394 6.18408 15.2825 6.18408 14.9655Z" fill="#EB0203"></path>
            <path fill-rule="evenodd" clip-rule="evenodd" d="M3.67139 5.77914C3.67139 5.46223 3.93094 5.20532 4.25111 5.20532H4.63759C4.95776 5.20532 5.21731 5.46223 5.21731 5.77914C5.21731 6.09606 4.95776 6.35297 4.63759 6.35297H4.25111C3.93094 6.35297 3.67139 6.09606 3.67139 5.77914Z" fill="#EB0203"></path>
            <path fill-rule="evenodd" clip-rule="evenodd" d="M3.67139 11.9034C3.67139 11.5865 3.93094 11.3296 4.25111 11.3296H4.63759C4.95776 11.3296 5.21731 11.5865 5.21731 11.9034C5.21731 12.2202 4.95776 12.4771 4.63759 12.4771H4.25111C3.93094 12.4771 3.67139 12.2202 3.67139 11.9034Z" fill="#EB0203"></path>
            <path fill-rule="evenodd" clip-rule="evenodd" d="M3.67139 8.84116C3.67139 8.52424 3.93094 8.26733 4.25111 8.26733H4.63759C4.95776 8.26733 5.21731 8.52424 5.21731 8.84116C5.21731 9.15807 4.95776 9.41498 4.63759 9.41498H4.25111C3.93094 9.41498 3.67139 9.15807 3.67139 8.84116Z" fill="#EB0203"></path>
            <path fill-rule="evenodd" clip-rule="evenodd" d="M3.67139 14.9655C3.67139 14.6486 3.93094 14.3917 4.25111 14.3917H4.63759C4.95776 14.3917 5.21731 14.6486 5.21731 14.9655C5.21731 15.2825 4.95776 15.5394 4.63759 15.5394H4.25111C3.93094 15.5394 3.67139 15.2825 3.67139 14.9655Z" fill="#EB0203"></path>
            <path fill-rule="evenodd" clip-rule="evenodd" d="M0 1.76033C0 0.914738 0.692131 0.229248 1.54592 0.229248H15.0727C15.9265 0.229248 16.6186 0.914738 16.6186 1.76033V11.2818C16.6186 11.5989 16.3591 11.8559 16.0389 11.8559C15.7187 11.8559 15.4592 11.5989 15.4592 11.2818V1.76033C15.4592 1.54893 15.2862 1.37756 15.0727 1.37756H1.54592C1.33247 1.37756 1.15944 1.54893 1.15944 1.76033V18.985C1.15944 19.1964 1.33247 19.3678 1.54592 19.3678H9.27551C9.59568 19.3678 9.85523 19.6249 9.85523 19.942C9.85523 20.2591 9.59568 20.5161 9.27551 20.5161H1.54592C0.692131 20.5161 0 19.8306 0 18.985V1.76033Z" fill="#EB0203"></path>
            <path fill-rule="evenodd" clip-rule="evenodd" d="M14.6254 13.8718C13.4921 12.8567 11.7821 12.7615 10.6574 13.7147C9.12472 15.0124 9.34891 17.128 10.4413 18.2493L14.0161 21.9126C14.2199 22.1217 14.493 22.2386 14.7824 22.2386C15.0739 22.2386 15.3449 22.1238 15.5487 21.9147L19.1235 18.2514C20.2139 17.13 20.4422 15.0144 18.9075 13.7147C17.7827 12.7634 16.0726 12.8569 14.9392 13.872C14.8856 13.92 14.8333 13.9701 14.7824 14.0222C14.7314 13.97 14.6791 13.9199 14.6254 13.8718ZM18.1546 14.588C19.0972 15.3869 18.9961 16.7262 18.2891 17.4541C18.2888 17.4543 18.2886 17.4546 18.2884 17.4548L14.7834 21.0466L11.2757 17.452C11.2756 17.4519 11.2755 17.4517 11.2753 17.4516C10.5681 16.7252 10.4682 15.3856 11.4108 14.5876L11.4112 14.5872C12.0748 14.0248 13.202 14.0556 13.949 14.8205L14.7824 15.674L15.6158 14.8205C16.3618 14.0567 17.4896 14.0256 18.1545 14.5879" fill="#EB0203"></path>
            </svg>
            </button>
            </div>
            <div class="col-sm-10 col-12">
            <div class="ct-tile-quantity d-none" data-pid="5845129">
            <input type="hidden" class="add-to-cart-url" value="https://www.continente.pt/on/demandware.store/Sites-continente-Site/default/Cart-AddProduct">
            <div class="d-none tile-delete-confirmation-btn" data-pid="5845129" data-delay-time="3000" data-in-cart-msg="no carrinho" data-one-product-added="Adicionado ao carrinho" data-remove-from-cart-msg="Removido do carrinho" data-stay-open="6000.0" data-confirmation-image="{&quot;url&quot;:&quot;https://www.continente.pt/dw/image/v2/BDVS_PRD/on/demandware.static/-/Sites-col-master-catalog/default/dwb5d3d4c1/images/col/584/5845129-frente.jpg?sw=87&amp;sh=80&quot;,&quot;fallbackimage&quot;:{&quot;url&quot;:&quot;https://www.continente.pt/dw/image/v2/BDVS_PRD/on/demandware.static/Sites-continente-Site/-/default/dw7c42b4da/images/noimagelarge_product.png?sw=87&amp;sh=80&quot;,&quot;title&quot;:&quot;Pão de Forma Artesanal&quot;,&quot;alt&quot;:&quot;Pão de Forma Artesanal&quot;},&quot;title&quot;:&quot;Pão de Forma Artesanal&quot;,&quot;alt&quot;:&quot;Pão de Forma Artesanal&quot;}"></div>
            <div class="ct-tile-quantity-update quantity-update product-qty-vue" data-remove-action="https://www.continente.pt/on/demandware.store/Sites-continente-Site/default/Cart-RemoveProductLineItem" data-action="https://www.continente.pt/on/demandware.store/Sites-continente-Site/default/Cart-UpdateQuantity" data-dimension-update="https://www.continente.pt/on/demandware.store/Sites-continente-Site/default/Cart-DimensionUpdate" data-pid="5845129" data-uuid="dc8a0a0b629ba98bacc8ed462f" data-add-delay="500.0" data-measure-options="{&quot;hasConversionRate&quot;:false,&quot;hasAlternativeSaleUnit&quot;:false,&quot;unitConversionRate&quot;:0,&quot;minOrderQuantity&quot;:1,&quot;stepQuantity&quot;:1,&quot;primaryunit&quot;:&quot;un&quot;,&quot;secondaryunit&quot;:&quot;kg&quot;,&quot;selectedunit&quot;:&quot;primary&quot;,&quot;maxNumberOfUnitsPerSale&quot;:50}" data-price-available="null" :data-has-error="isMaxQtyReached || isMinQtyReached || qtySelectedMoreThanOne">
            <template v-show="prodUnits">
            <div class="quantity-input-wrapper has-units">
            <label class="visually-hidden" :for="'quantity-' + pid + additionalTag">
            Quantidade no carrinho
            </label>
            <input :ref="'quantityInput-' + pid + additionalTag" class="add-to-cart-quantity form-control ct-form-input text-center" inputmode="numeric" :class="{'is-invalid': isInvalid}" :data-pid="pid + additionalTag" :name="'quantity-' + pid + additionalTag" type="text" aria-label="Insira a quantidade" title="" v-model="displayValue" @change="updateQuantity" @focus="updateQtyFormat" @blur="restoreQtyFormat" :disabled="!isPriceAvailable">
            <span class="quantity-icon quantity-icon--minus">
            <button class="decrease-quantity-btn" @click="updateQuantity" :disabled="!isPriceAvailable" role="button" aria-label="Reduzir quantidade">
            <i class="css-math-minus"></i>
            </button>
            </span>
            <span class="quantity-icon quantity-icon--plus">
            <button class="increase-quantity-btn" @click="updateQuantity" :disabled="isMaxQtyReached || !isPriceAvailable" role="button" aria-label="Aumentar quantidade">
            <i class="css-math-plus"></i>
            </button>
            <span class="quantity-btn-disabled-placeholder"></span>
            </span>
            <template v-if="isPDP">
            <span class="quantity-error ct-span-error text-sm-center product-max-allocation" v-if="isMaxQtyReached">
            Quantidade máxima atingida
            </span>
            <span class="quantity-error ct-span-product text-sm-center product-allocation" v-if="!isMinQtyReached &amp;&amp; !isMaxQtyReached">
            {{quantitySelected}} no carrinho
            </span>
            <span class="quantity-error ct-span-error text-sm-center product-min-allocation" :data-pid="pid" v-if="isMinQtyReached &amp;&amp; !isMaxQtyReached">
            Quantidade mínima atingida
            </span>
            </template>
            </div>
            <template v-if="showNotes">
            <div class="add-note-link-container ">
            <div class="add-note">
            <a href="/produto/pao-de-forma-artesanal-bimbo-5845129.html?showNote=true" class="ct-add-note-redirect-pdp" aria-label="Adicionar comentário">
            <span class="svg-wrapper svg-icon-notes" style="width:19px; height:20px">
            <svg class="svg-inline icon-notes" viewBox="0 0 28 30" xmlns="http://www.w3.org/2000/svg" width="100%" height="100%"><path d="M21.738 0C22.985 0 24 1.04 24 2.319V12.47c0 .469-.37.848-.828.848-.457 0-.827-.38-.827-.848V2.32c0-.343-.273-.622-.607-.622H2.262c-.334 0-.607.279-.607.622V27.68c0 .343.273.622.607.622h7.81c.457 0 .827.38.827.849 0 .468-.37.848-.827.848h-7.81C1.015 30 0 28.96 0 27.681V2.32C0 1.04 1.015 0 2.262 0h19.476zm2.844 16.004l.227.007c.823.053 1.589.39 2.176.964.64.627.993 1.46.993 2.349 0 .888-.353 1.722-.993 2.348l-6.83 6.665c-.11.108-.247.186-.397.226l-5.032 1.363c-.078.021-.16.032-.241.032-.242 0-.478-.097-.647-.266-.23-.231-.314-.566-.218-.874l1.49-4.798c.044-.139.122-.266.227-.369l6.844-6.677c.64-.625 1.493-.97 2.401-.97zm-2.886 3.94l-4.922 4.802-.947 3.048 3.22-.872 4.897-4.78-2.248-2.197zm2.887-2.174c-.425 0-.824.162-1.124.455l-.484.472 2.248 2.197.484-.472c.62-.606.62-1.591 0-2.197l-.117-.104c-.283-.227-.636-.35-1.007-.35zm-10.839.022c.498 0 .904.396.904.883 0 .488-.406.884-.904.884H5.946c-.499 0-.904-.396-.904-.884 0-.487.405-.883.904-.883zm5.042-4.876c.498 0 .904.397.904.884s-.406.884-.904.884H5.946c-.499 0-.904-.397-.904-.884s.405-.884.904-.884zm0-4.875c.498 0 .904.396.904.884 0 .487-.406.883-.904.883H5.946c-.499 0-.904-.396-.904-.883 0-.488.405-.884.904-.884z" fill="#EB0203" fill-rule="evenodd"></path></svg>
            </span>
            <div class="available-note d-none"></div>
            </a>
            </div>
            </div>
            </template>
            <div class="measurement-unit-section" v-if="isPriceAvailable &amp;&amp; prodUnits ? prodUnits.hasAlternativeUnit : false">
            <div class="ct-form-radio" @click="setDimension">
            <input type="radio" title="" class="ct-form-check-input product-measurement-unit" :data-type="prodUnits.selectedUnit == prodUnits.secondaryUnit ? 'primary' : ''" :id="prodUnits.secondaryUnit + '-' + pid + '-measurement-unit-ptile' + additionalTag" :name="'measurement-unit-' + pid + '-ptile' + additionalTag" :value="prodUnits.secondaryUnit" v-model="prodUnits.selectedUnit">
            <label :class="prodUnits.secondaryUnit + '-label ct-form-check-label mb-0'" :for="prodUnits.secondaryUnit + '-' + pid + '-measurement-unit-ptile' + additionalTag">
            {{prodUnits.secondaryUnit}}
            </label>
            <span class="checkmark"></span>
            </div>
            <div class="ct-form-radio" @click="setDimension">
            <input type="radio" title="" class="ct-form-check-input product-measurement-unit" :data-type="prodUnits.selectedUnit == prodUnits.primaryUnit ? 'primary' : ''" :id="prodUnits.primaryUnit + '-' + pid + '-measurement-unit-ptile' + additionalTag" :name="'measurement-unit-' + pid + '-ptile' + additionalTag" :value="prodUnits.primaryUnit" v-model="prodUnits.selectedUnit">
            <label :class="prodUnits.primaryUnit + '-label ct-form-check-label mb-0'" :for="prodUnits.primaryUnit + '-' + pid + '-measurement-unit-ptile' + additionalTag">
            {{prodUnits.primaryUnit}}
            </label>
            <span class="checkmark"></span>
            </div>
            </div>
            <template v-if="!isPDP &amp;&amp; isPriceAvailable">
             <span class="quantity-error ct-span-error product-max-allocation" v-if="isMaxQtyReached">
            Quantidade máxima atingida
            </span>
            <span class="quantity-error ct-span-product product-allocation" v-if="!isMinQtyReached &amp;&amp; !isMaxQtyReached">
            {{quantitySelected}} no carrinho
            </span>
            <span class="quantity-error ct-span-error product-min-allocation" :data-pid="pid" v-if="isMinQtyReached &amp;&amp; !isMaxQtyReached">
            Quantidade mínima atingida
            </span>
            </template>
            </template>
            </div>
            <input class="quantity-value-mask d-none" name="quantity" type="number" min="0" value="">
            </div>
            <button type="button" class="add-to-cart button js-add-to-cart js-add-to-cart-tile 5845129 button--primary dynamic-layout-btn" data-toggle="modal" data-target="#chooseBonusProductModal" data-pid="5845129" data-quantity-value="null" aria-label="Carrinho">
            <span class="d-block d-sm-none">
            <span class="svg-wrapper svg-icon-cart" style="width:20px; height:20px">
            <svg class="svg-inline icon-cart" xmlns="http://www.w3.org/2000/svg" viewBox="0 0 500 500" width="100%" height="100%"><path fill="#EB0203" fill-rule="evenodd" d="M 485.67317,94.386311 C 476.37798,83.847129 463.09468,78.03348 448.30404,78.03348 H 90.690813 L 87.079511,51.327997 C 83.185582,22.539551 62.962285,0 41.011841,0 H 14.727836 C 6.563151,0 0,6.5286975 0,14.580758 c 0,8.05206 6.5945535,14.580758 14.727836,14.580758 h 26.284005 c 4.710398,0 14.696435,9.855222 16.894619,26.021523 L 100.01739,368.0631 c 1.88416,13.77244 9.01256,26.70549 20.1605,36.37417 8.25889,7.15046 18.02511,11.9071 28.26237,13.89679 -4.17655,7.58572 -6.53175,16.25957 -6.53175,25.493 0,29.53459 24.27424,53.59751 54.13815,53.59751 29.8325,0 54.13814,-24.03184 54.13814,-53.59751 0,-8.79818 -2.19818,-17.09897 -5.9979,-24.43598 h 77.12488 c -3.79973,7.33701 -5.96652,15.6378 -5.96652,24.43598 0,29.53459 24.27424,53.59751 54.13817,53.59751 29.83249,0 54.13814,-24.03184 54.13814,-53.59751 0,-8.79818 -2.1982,-17.09897 -5.9979,-24.43598 h 38.56243 c 8.13328,0 14.72783,-6.5287 14.72783,-14.61183 0,-8.02098 -6.59455,-14.54967 -14.72783,-14.54967 H 159.24277 c -14.38241,0 -28.13677,-11.90711 -30.02092,-26.02153 l -3.07746,-22.88154 h 290.6314 c 14.03698,0 27.94834,-5.28513 39.06488,-14.95381 11.11652,-9.6376 18.27632,-22.57065 20.16048,-36.37417 l 21.10259,-156.78201 c 1.94694,-14.51858 -2.10398,-28.29103 -11.43057,-38.861299 z M 220.76053,443.82706 c 0,13.49265 -11.08513,24.46709 -24.68247,24.46709 -13.62874,0 -24.71387,-10.97444 -24.71387,-24.46709 0,-13.49262 11.08513,-24.43598 24.71387,-24.43598 13.59734,0 24.68247,10.94336 24.68247,24.43598 z m 173.43675,0 c 0,13.49265 -11.08512,24.46709 -24.68245,24.46709 -13.62876,0 -24.71388,-10.97444 -24.71388,-24.46709 0,-13.49262 11.08512,-24.43598 24.71388,-24.43598 13.59733,0 24.68245,10.94336 24.68245,24.43598 z m 73.7648,-314.46558 -21.13397,156.782 c -1.88416,14.11442 -15.63851,26.05261 -30.02091,26.05261 H 122.25046 L 94.616142,107.19499 H 448.33544 c 6.18632,0 11.61896,2.2695 15.23028,6.37326 3.64269,4.13484 5.21283,9.73086 4.39636,15.79323 z"></path></svg>
            </span>
            </span>
            <span class="add-to-cart--text d-none d-sm-block">Carrinho</span>
            </button>
            </div>
            </div>
            </div>
             </div>
            
            <div class="col-12 d-sm-none">
            </div>
            </div>
            </div>
            </div>
            </div>
            <div class="col-12 col-sm-3 col-lg-2 productTile" data-idx="16">
            
            <script type="text/javascript">//<!--
            /* <![CDATA[ */
            (function(){
            try {
                if(window.CQuotient) {
                var cq_params = {};
                
                cq_params.cookieId = window.CQuotient.getCQCookieId();
                cq_params.userId = window.CQuotient.getCQUserId();
                cq_params.emailId = CQuotient.getCQHashedEmail();
                cq_params.loginId = CQuotient.getCQHashedLogin();
                cq_params.accumulate = true;
                cq_params.products = [{
                    id: '7157937',
                    sku: ''
                }];
                cq_params.categoryId = 'padaria-e-pastelaria-padaria-forma';
                cq_params.refinements = '[{\"name\":\"priceMin\",\"value\":\"0.01\"},{\"name\":\"priceMax\",\"value\":\"null\"},{\"name\":\"curr\",\"value\":\"EUR\"},{\"name\":\"Category\",\"value\":\"padaria-e-pastelaria-padaria-forma\"}]';
                cq_params.personalized = 'false';
                cq_params.sortingRule = 'categories top-sellers';
                cq_params.imageUUID = '__UNDEFINED__';
                cq_params.realm = "BDVS";
                cq_params.siteId = "continente";
                cq_params.instanceType = "prd";
                cq_params.queryLocale = "default";
                cq_params.locale = window.CQuotient.locale;
                
                if(window.CQuotient.sendActivity)
                    window.CQuotient.sendActivity(CQuotient.clientId, 'viewCategory', cq_params);
                else
                    window.CQuotient.activities.push({
                        activityType: 'viewCategory',
                        parameters: cq_params
                    });
              }
            } catch(err) {}
            })();
            /* ]]> */
            // -->
            </script>
            <script type="text/javascript">//<!--
            /* <![CDATA[ (viewCategoryProduct-active_data.js) */
            (function(){
            try {
                if (dw.ac) {
                    var search_params = {};
                    search_params.persd = 'false';
                    search_params.refs = '[{\"name\":\"priceMin\",\"value\":\"0.01\"},{\"name\":\"priceMax\",\"value\":\"null\"},{\"name\":\"curr\",\"value\":\"EUR\"},{\"name\":\"Category\",\"value\":\"padaria-e-pastelaria-padaria-forma\"}]';
                    search_params.sort = 'categories top-sellers';
                    search_params.imageUUID = '';
                    search_params.searchID = '79fd584c-cee5-42dd-a07f-04e8467e04c2';
                    search_params.locale = 'default';
                    search_params.queryLocale = 'default';
                    search_params.showProducts = 'true';
                    dw.ac.applyContext({category: "padaria-e-pastelaria-padaria-forma", searchData: search_params});
                    if (typeof dw.ac._scheduleDataSubmission === "function") {
                        dw.ac._scheduleDataSubmission();
                    }
                }
            } catch(err) {}
            })();
            /* ]]> */
            // -->
            </script>
            <script type="text/javascript">//<!--
            /* <![CDATA[ (viewProduct-active_data.js) */
            dw.ac._capture({id: "7157937", type: "searchhit"});
            /* ]]> */
            // -->
            </script>
            <div class="product" data-pid="7157937">
            <div class="product-tile pid-7157937 ct-product-tile-out-of-stock ct-product-tile data-layer-pushed" data-delay-time="3000" data-variants-mapping="[]" data-in-cart-msg="no carrinho" data-one-product-added="Adicionado ao carrinho" data-remove-from-cart-msg="Removido do carrinho" data-stay-open="6000.0" data-product-tile-impression="{&quot;name&quot;:&quot;7157937&quot;,&quot;id&quot;:&quot;7157937&quot;,&quot;price&quot;:1.45,&quot;brand&quot;:&quot;Continente&quot;,&quot;category&quot;:[{&quot;category_level_1&quot;:&quot;Padaria e Pastelaria&quot;},{&quot;category_level_2&quot;:&quot;Padaria&quot;},{&quot;category_level_3&quot;:&quot;Pão de Forma e Embalado&quot;}],&quot;variant&quot;:&quot;&quot;}">
            <div class="ct-inner-tile-wrap row no-gutters justify-content-center align-content-start">
            
            <div class="ct-image-container col-4 col-sm" data-confirmation-image="{&quot;url&quot;:&quot;https://www.continente.pt/dw/image/v2/BDVS_PRD/on/demandware.static/-/Sites-col-master-catalog/default/dwbfeadb62/images/col/715/7157937-frente.jpg?sw=87&amp;sh=80&quot;,&quot;fallbackimage&quot;:{&quot;url&quot;:&quot;https://www.continente.pt/dw/image/v2/BDVS_PRD/on/demandware.static/Sites-continente-Site/-/default/dw7c42b4da/images/noimagelarge_product.png?sw=87&amp;sh=80&quot;,&quot;title&quot;:&quot;Pão de Forma 12 Cereais e Sementes&quot;,&quot;alt&quot;:&quot;Pão de Forma 12 Cereais e Sementes&quot;},&quot;title&quot;:&quot;Pão de Forma 12 Cereais e Sementes&quot;,&quot;alt&quot;:&quot;Pão de Forma 12 Cereais e Sementes&quot;}">
            <a href="https://www.continente.pt/produto/pao-de-forma-12-cereais-e-sementes-continente-7157937.html?cgid=padaria-e-pastelaria-padaria-forma">
            <picture class="intrinsic intrinsic--square">
            <img class="ct-tile-image lazyloaded" loading="lazy" onerror="this.onerror=null;this.src='/on/demandware.static/Sites-continente-Site/-/default/dw7c42b4da/images/noimagelarge_product.png';" data-src="https://www.continente.pt/dw/image/v2/BDVS_PRD/on/demandware.static/-/Sites-col-master-catalog/default/dwbfeadb62/images/col/715/7157937-frente.jpg?sw=280&amp;sh=280" alt="Pão de Forma 12 Cereais e Sementes" title="Pão de Forma 12 Cereais e Sementes" src="https://www.continente.pt/dw/image/v2/BDVS_PRD/on/demandware.static/-/Sites-col-master-catalog/default/dwbfeadb62/images/col/715/7157937-frente.jpg?sw=280&amp;sh=280">
            </picture>
            </a>
            <div class="color-swatches d-flex" style="margin-left: 5px;">
            <div class="swatches d-flex">
            </div>
            </div>
            </div>
            <div class="ct-tile-body col col-sm-auto ">
            <div class="ct-pdp-details">
            <div class="ct-pdp-link">
            <a class="ct-tile--description" href="https://www.continente.pt/produto/pao-de-forma-12-cereais-e-sementes-continente-7157937.html?cgid=padaria-e-pastelaria-padaria-forma">Pão de Forma 12 Cereais e Sementes</a>
            <div class="ct-tile--favorite-top d-sm-none">
            <button class="wishlist-toggler guest-mode inactive button button--tertiary" data-pid="7157937" data-add-url="https://www.continente.pt/on/demandware.store/Sites-continente-Site/default/Wishlist-AddProduct?pid=7157937" data-toggle="tooltip" aria-label="Adicionar aos favoritos " data-original-title="Adicionar aos favoritos" data-placement="top">
            <svg class="active-content" width="100%" height="100%" viewBox="0 0 20 22" fill="none" xmlns="http://www.w3.org/2000/svg">
            <path fill-rule="evenodd" clip-rule="evenodd" d="M0 1.53052C0 0.685236 0.692171 0 1.54601 0H15.0736C15.9274 0 16.6196 0.685235 16.6196 1.53052V13.4064L15.8127 13.922L14.2658 14.2658L12.7189 13.4064L10.6054 14.3818C10.4994 14.2451 10.3327 14.157 10.1452 14.157H6.76329C6.4431 14.157 6.18354 14.414 6.18354 14.731C6.18354 15.0479 6.4431 15.3049 6.76329 15.3049H10.1452C10.2478 15.3049 10.3441 15.2785 10.4277 15.2322L10.3126 16.8439L13.2345 20.2793H1.54601C0.69217 20.2793 0 19.5941 0 18.7488V1.53052ZM6.18354 5.5483C6.18354 5.23132 6.4431 4.97436 6.76329 4.97436H12.3676C12.6878 4.97436 12.9473 5.23132 12.9473 5.5483C12.9473 5.86528 12.6878 6.12224 12.3676 6.12224H6.76329C6.4431 6.12224 6.18354 5.86528 6.18354 5.5483ZM6.76329 11.0961C6.4431 11.0961 6.18354 11.3531 6.18354 11.6701C6.18354 11.987 6.4431 12.244 6.76329 12.244H12.3676C12.6878 12.244 12.9473 11.987 12.9473 11.6701C12.9473 11.3531 12.6878 11.0961 12.3676 11.0961H6.76329ZM6.18354 8.60985C6.18354 8.29287 6.4431 8.03591 6.76329 8.03591H12.3676C12.6878 8.03591 12.9473 8.29287 12.9473 8.60985C12.9473 8.92684 12.6878 9.1838 12.3676 9.1838H6.76329C6.4431 9.1838 6.18354 8.92684 6.18354 8.60985ZM3.67118 5.5483C3.67118 5.23132 3.93075 4.97436 4.25093 4.97436H4.63743C4.95762 4.97436 5.21719 5.23132 5.21719 5.5483C5.21719 5.86528 4.95762 6.12224 4.63743 6.12224H4.25093C3.93075 6.12224 3.67118 5.86528 3.67118 5.5483ZM4.25093 11.0961C3.93075 11.0961 3.67118 11.3531 3.67118 11.6701C3.67118 11.987 3.93075 12.244 4.25093 12.244H4.63743C4.95762 12.244 5.21719 11.987 5.21719 11.6701C5.21719 11.3531 4.95762 11.0961 4.63743 11.0961H4.25093ZM3.67118 8.60985C3.67118 8.29287 3.93075 8.03591 4.25093 8.03591H4.63743C4.95762 8.03591 5.21719 8.29287 5.21719 8.60985C5.21719 8.92684 4.95762 9.1838 4.63743 9.1838H4.25093C3.93075 9.1838 3.67118 8.92684 3.67118 8.60985ZM4.25093 14.157C3.93075 14.157 3.67118 14.414 3.67118 14.731C3.67118 15.0479 3.93075 15.3049 4.25093 15.3049H4.63743C4.95762 15.3049 5.21719 15.0479 5.21719 14.731C5.21719 14.414 4.95762 14.157 4.63743 14.157H4.25093Z" fill="#EB0203"></path>
            <path fill-rule="evenodd" clip-rule="evenodd" d="M14.6252 13.6363C13.4918 12.6215 11.7817 12.5264 10.6569 13.4792C9.12421 14.7764 9.34841 16.8912 10.4409 18.0122L14.0159 21.6742C14.2197 21.8832 14.4928 22 14.7822 22C15.0737 22 15.3448 21.8852 15.5486 21.6762L19.1236 18.0142C20.214 16.8933 20.4423 14.7785 18.9075 13.4792C17.7827 12.5283 16.0724 12.6217 14.9391 13.6365C14.8855 13.6845 14.8331 13.7345 14.7822 13.7866C14.7313 13.7345 14.6789 13.6843 14.6252 13.6363ZM18.1546 14.3522C19.0973 15.1508 18.9962 16.4896 18.2891 17.2173C18.2888 17.2175 18.2886 17.2177 18.2884 17.218L14.7832 20.8084L11.2753 17.2151C11.2752 17.215 11.2751 17.2149 11.2749 17.2148C10.5677 16.4887 10.4678 15.1495 11.4104 14.3518L11.4108 14.3514C12.0745 13.7892 13.2018 13.82 13.9488 14.5846L14.7822 15.4378L15.6157 14.5846C16.3617 13.8211 17.4896 13.79 18.1545 14.3521" fill="#EB0203"></path>
            </svg>
            <svg class="inactive-content" width="100%" height="100%" viewBox="0 0 20 23" fill="none" xmlns="http://www.w3.org/2000/svg">
            <path fill-rule="evenodd" clip-rule="evenodd" d="M6.18408 5.77914C6.18408 5.46223 6.44363 5.20532 6.7638 5.20532H12.3678C12.6879 5.20532 12.9475 5.46223 12.9475 5.77914C12.9475 6.09606 12.6879 6.35297 12.3678 6.35297H6.7638C6.44363 6.35297 6.18408 6.09606 6.18408 5.77914Z" fill="#EB0203"></path>
            <path fill-rule="evenodd" clip-rule="evenodd" d="M6.18408 11.9034C6.18408 11.5865 6.44363 11.3296 6.7638 11.3296H12.3678C12.6879 11.3296 12.9475 11.5865 12.9475 11.9034C12.9475 12.2202 12.6879 12.4771 12.3678 12.4771H6.7638C6.44363 12.4771 6.18408 12.2202 6.18408 11.9034Z" fill="#EB0203"></path>
            <path fill-rule="evenodd" clip-rule="evenodd" d="M6.18408 8.84116C6.18408 8.52424 6.44363 8.26733 6.7638 8.26733H12.3678C12.6879 8.26733 12.9475 8.52424 12.9475 8.84116C12.9475 9.15807 12.6879 9.41498 12.3678 9.41498H6.7638C6.44363 9.41498 6.18408 9.15807 6.18408 8.84116Z" fill="#EB0203"></path>
            <path fill-rule="evenodd" clip-rule="evenodd" d="M6.18408 14.9655C6.18408 14.6486 6.44363 14.3917 6.7638 14.3917H10.1455C10.4657 14.3917 10.7252 14.6486 10.7252 14.9655C10.7252 15.2825 10.4657 15.5394 10.1455 15.5394H6.7638C6.44363 15.5394 6.18408 15.2825 6.18408 14.9655Z" fill="#EB0203"></path>
            <path fill-rule="evenodd" clip-rule="evenodd" d="M3.67139 5.77914C3.67139 5.46223 3.93094 5.20532 4.25111 5.20532H4.63759C4.95776 5.20532 5.21731 5.46223 5.21731 5.77914C5.21731 6.09606 4.95776 6.35297 4.63759 6.35297H4.25111C3.93094 6.35297 3.67139 6.09606 3.67139 5.77914Z" fill="#EB0203"></path>
            <path fill-rule="evenodd" clip-rule="evenodd" d="M3.67139 11.9034C3.67139 11.5865 3.93094 11.3296 4.25111 11.3296H4.63759C4.95776 11.3296 5.21731 11.5865 5.21731 11.9034C5.21731 12.2202 4.95776 12.4771 4.63759 12.4771H4.25111C3.93094 12.4771 3.67139 12.2202 3.67139 11.9034Z" fill="#EB0203"></path>
            <path fill-rule="evenodd" clip-rule="evenodd" d="M3.67139 8.84116C3.67139 8.52424 3.93094 8.26733 4.25111 8.26733H4.63759C4.95776 8.26733 5.21731 8.52424 5.21731 8.84116C5.21731 9.15807 4.95776 9.41498 4.63759 9.41498H4.25111C3.93094 9.41498 3.67139 9.15807 3.67139 8.84116Z" fill="#EB0203"></path>
            <path fill-rule="evenodd" clip-rule="evenodd" d="M3.67139 14.9655C3.67139 14.6486 3.93094 14.3917 4.25111 14.3917H4.63759C4.95776 14.3917 5.21731 14.6486 5.21731 14.9655C5.21731 15.2825 4.95776 15.5394 4.63759 15.5394H4.25111C3.93094 15.5394 3.67139 15.2825 3.67139 14.9655Z" fill="#EB0203"></path>
            <path fill-rule="evenodd" clip-rule="evenodd" d="M0 1.76033C0 0.914738 0.692131 0.229248 1.54592 0.229248H15.0727C15.9265 0.229248 16.6186 0.914738 16.6186 1.76033V11.2818C16.6186 11.5989 16.3591 11.8559 16.0389 11.8559C15.7187 11.8559 15.4592 11.5989 15.4592 11.2818V1.76033C15.4592 1.54893 15.2862 1.37756 15.0727 1.37756H1.54592C1.33247 1.37756 1.15944 1.54893 1.15944 1.76033V18.985C1.15944 19.1964 1.33247 19.3678 1.54592 19.3678H9.27551C9.59568 19.3678 9.85523 19.6249 9.85523 19.942C9.85523 20.2591 9.59568 20.5161 9.27551 20.5161H1.54592C0.692131 20.5161 0 19.8306 0 18.985V1.76033Z" fill="#EB0203"></path>
            <path fill-rule="evenodd" clip-rule="evenodd" d="M14.6254 13.8718C13.4921 12.8567 11.7821 12.7615 10.6574 13.7147C9.12472 15.0124 9.34891 17.128 10.4413 18.2493L14.0161 21.9126C14.2199 22.1217 14.493 22.2386 14.7824 22.2386C15.0739 22.2386 15.3449 22.1238 15.5487 21.9147L19.1235 18.2514C20.2139 17.13 20.4422 15.0144 18.9075 13.7147C17.7827 12.7634 16.0726 12.8569 14.9392 13.872C14.8856 13.92 14.8333 13.9701 14.7824 14.0222C14.7314 13.97 14.6791 13.9199 14.6254 13.8718ZM18.1546 14.588C19.0972 15.3869 18.9961 16.7262 18.2891 17.4541C18.2888 17.4543 18.2886 17.4546 18.2884 17.4548L14.7834 21.0466L11.2757 17.452C11.2756 17.4519 11.2755 17.4517 11.2753 17.4516C10.5681 16.7252 10.4682 15.3856 11.4108 14.5876L11.4112 14.5872C12.0748 14.0248 13.202 14.0556 13.949 14.8205L14.7824 15.674L15.6158 14.8205C16.3618 14.0567 17.4896 14.0256 18.1545 14.5879" fill="#EB0203"></path>
            </svg>
            </button>
            </div>
            </div>
            <p class="ct-tile--brand">Continente</p>
            <p class="ct-tile--quantity">emb. 600 gr</p>
            </div>
            <div class="ct-tile-bottom row no-gutters justify-content-between">
            <div class="ct-price-wrap col-8 col-sm-12">
            <div class="price js-product-price">
            <div class="prices-wrapper">
            <span class="sales ct-tile--price-primary ">
            <span class="value" content="1.45">
            <span class="ct-price-formatted">
            €1,45
            </span>
            <span class="ct-m-unit">
            /un
            </span>
            </span>
            </span>
            </div>
            <div class="ct-tile--price-secondary">
            <span class="ct-price-value">
            €2,42
            </span>
            <span class="ct-m-unit">
            /kg
            </span>
            </div>
            </div>
            </div>
            <div class="ct-tile-buy-section d-flex justify-content-center no-gutters col-auto col-sm-12">
            <div class="col-2 d-sm-flex d-none">
            <button class="wishlist-toggler guest-mode inactive button button--tertiary" data-pid="7157937" data-add-url="https://www.continente.pt/on/demandware.store/Sites-continente-Site/default/Wishlist-AddProduct?pid=7157937" data-toggle="tooltip" aria-label="Adicionar aos favoritos " data-original-title="Adicionar aos favoritos" data-placement="top">
            <svg class="active-content" width="100%" height="100%" viewBox="0 0 20 22" fill="none" xmlns="http://www.w3.org/2000/svg">
            <path fill-rule="evenodd" clip-rule="evenodd" d="M0 1.53052C0 0.685236 0.692171 0 1.54601 0H15.0736C15.9274 0 16.6196 0.685235 16.6196 1.53052V13.4064L15.8127 13.922L14.2658 14.2658L12.7189 13.4064L10.6054 14.3818C10.4994 14.2451 10.3327 14.157 10.1452 14.157H6.76329C6.4431 14.157 6.18354 14.414 6.18354 14.731C6.18354 15.0479 6.4431 15.3049 6.76329 15.3049H10.1452C10.2478 15.3049 10.3441 15.2785 10.4277 15.2322L10.3126 16.8439L13.2345 20.2793H1.54601C0.69217 20.2793 0 19.5941 0 18.7488V1.53052ZM6.18354 5.5483C6.18354 5.23132 6.4431 4.97436 6.76329 4.97436H12.3676C12.6878 4.97436 12.9473 5.23132 12.9473 5.5483C12.9473 5.86528 12.6878 6.12224 12.3676 6.12224H6.76329C6.4431 6.12224 6.18354 5.86528 6.18354 5.5483ZM6.76329 11.0961C6.4431 11.0961 6.18354 11.3531 6.18354 11.6701C6.18354 11.987 6.4431 12.244 6.76329 12.244H12.3676C12.6878 12.244 12.9473 11.987 12.9473 11.6701C12.9473 11.3531 12.6878 11.0961 12.3676 11.0961H6.76329ZM6.18354 8.60985C6.18354 8.29287 6.4431 8.03591 6.76329 8.03591H12.3676C12.6878 8.03591 12.9473 8.29287 12.9473 8.60985C12.9473 8.92684 12.6878 9.1838 12.3676 9.1838H6.76329C6.4431 9.1838 6.18354 8.92684 6.18354 8.60985ZM3.67118 5.5483C3.67118 5.23132 3.93075 4.97436 4.25093 4.97436H4.63743C4.95762 4.97436 5.21719 5.23132 5.21719 5.5483C5.21719 5.86528 4.95762 6.12224 4.63743 6.12224H4.25093C3.93075 6.12224 3.67118 5.86528 3.67118 5.5483ZM4.25093 11.0961C3.93075 11.0961 3.67118 11.3531 3.67118 11.6701C3.67118 11.987 3.93075 12.244 4.25093 12.244H4.63743C4.95762 12.244 5.21719 11.987 5.21719 11.6701C5.21719 11.3531 4.95762 11.0961 4.63743 11.0961H4.25093ZM3.67118 8.60985C3.67118 8.29287 3.93075 8.03591 4.25093 8.03591H4.63743C4.95762 8.03591 5.21719 8.29287 5.21719 8.60985C5.21719 8.92684 4.95762 9.1838 4.63743 9.1838H4.25093C3.93075 9.1838 3.67118 8.92684 3.67118 8.60985ZM4.25093 14.157C3.93075 14.157 3.67118 14.414 3.67118 14.731C3.67118 15.0479 3.93075 15.3049 4.25093 15.3049H4.63743C4.95762 15.3049 5.21719 15.0479 5.21719 14.731C5.21719 14.414 4.95762 14.157 4.63743 14.157H4.25093Z" fill="#EB0203"></path>
            <path fill-rule="evenodd" clip-rule="evenodd" d="M14.6252 13.6363C13.4918 12.6215 11.7817 12.5264 10.6569 13.4792C9.12421 14.7764 9.34841 16.8912 10.4409 18.0122L14.0159 21.6742C14.2197 21.8832 14.4928 22 14.7822 22C15.0737 22 15.3448 21.8852 15.5486 21.6762L19.1236 18.0142C20.214 16.8933 20.4423 14.7785 18.9075 13.4792C17.7827 12.5283 16.0724 12.6217 14.9391 13.6365C14.8855 13.6845 14.8331 13.7345 14.7822 13.7866C14.7313 13.7345 14.6789 13.6843 14.6252 13.6363ZM18.1546 14.3522C19.0973 15.1508 18.9962 16.4896 18.2891 17.2173C18.2888 17.2175 18.2886 17.2177 18.2884 17.218L14.7832 20.8084L11.2753 17.2151C11.2752 17.215 11.2751 17.2149 11.2749 17.2148C10.5677 16.4887 10.4678 15.1495 11.4104 14.3518L11.4108 14.3514C12.0745 13.7892 13.2018 13.82 13.9488 14.5846L14.7822 15.4378L15.6157 14.5846C16.3617 13.8211 17.4896 13.79 18.1545 14.3521" fill="#EB0203"></path>
            </svg>
            <svg class="inactive-content" width="100%" height="100%" viewBox="0 0 20 23" fill="none" xmlns="http://www.w3.org/2000/svg">
            <path fill-rule="evenodd" clip-rule="evenodd" d="M6.18408 5.77914C6.18408 5.46223 6.44363 5.20532 6.7638 5.20532H12.3678C12.6879 5.20532 12.9475 5.46223 12.9475 5.77914C12.9475 6.09606 12.6879 6.35297 12.3678 6.35297H6.7638C6.44363 6.35297 6.18408 6.09606 6.18408 5.77914Z" fill="#EB0203"></path>
            <path fill-rule="evenodd" clip-rule="evenodd" d="M6.18408 11.9034C6.18408 11.5865 6.44363 11.3296 6.7638 11.3296H12.3678C12.6879 11.3296 12.9475 11.5865 12.9475 11.9034C12.9475 12.2202 12.6879 12.4771 12.3678 12.4771H6.7638C6.44363 12.4771 6.18408 12.2202 6.18408 11.9034Z" fill="#EB0203"></path>
            <path fill-rule="evenodd" clip-rule="evenodd" d="M6.18408 8.84116C6.18408 8.52424 6.44363 8.26733 6.7638 8.26733H12.3678C12.6879 8.26733 12.9475 8.52424 12.9475 8.84116C12.9475 9.15807 12.6879 9.41498 12.3678 9.41498H6.7638C6.44363 9.41498 6.18408 9.15807 6.18408 8.84116Z" fill="#EB0203"></path>
            <path fill-rule="evenodd" clip-rule="evenodd" d="M6.18408 14.9655C6.18408 14.6486 6.44363 14.3917 6.7638 14.3917H10.1455C10.4657 14.3917 10.7252 14.6486 10.7252 14.9655C10.7252 15.2825 10.4657 15.5394 10.1455 15.5394H6.7638C6.44363 15.5394 6.18408 15.2825 6.18408 14.9655Z" fill="#EB0203"></path>
            <path fill-rule="evenodd" clip-rule="evenodd" d="M3.67139 5.77914C3.67139 5.46223 3.93094 5.20532 4.25111 5.20532H4.63759C4.95776 5.20532 5.21731 5.46223 5.21731 5.77914C5.21731 6.09606 4.95776 6.35297 4.63759 6.35297H4.25111C3.93094 6.35297 3.67139 6.09606 3.67139 5.77914Z" fill="#EB0203"></path>
            <path fill-rule="evenodd" clip-rule="evenodd" d="M3.67139 11.9034C3.67139 11.5865 3.93094 11.3296 4.25111 11.3296H4.63759C4.95776 11.3296 5.21731 11.5865 5.21731 11.9034C5.21731 12.2202 4.95776 12.4771 4.63759 12.4771H4.25111C3.93094 12.4771 3.67139 12.2202 3.67139 11.9034Z" fill="#EB0203"></path>
            <path fill-rule="evenodd" clip-rule="evenodd" d="M3.67139 8.84116C3.67139 8.52424 3.93094 8.26733 4.25111 8.26733H4.63759C4.95776 8.26733 5.21731 8.52424 5.21731 8.84116C5.21731 9.15807 4.95776 9.41498 4.63759 9.41498H4.25111C3.93094 9.41498 3.67139 9.15807 3.67139 8.84116Z" fill="#EB0203"></path>
            <path fill-rule="evenodd" clip-rule="evenodd" d="M3.67139 14.9655C3.67139 14.6486 3.93094 14.3917 4.25111 14.3917H4.63759C4.95776 14.3917 5.21731 14.6486 5.21731 14.9655C5.21731 15.2825 4.95776 15.5394 4.63759 15.5394H4.25111C3.93094 15.5394 3.67139 15.2825 3.67139 14.9655Z" fill="#EB0203"></path>
            <path fill-rule="evenodd" clip-rule="evenodd" d="M0 1.76033C0 0.914738 0.692131 0.229248 1.54592 0.229248H15.0727C15.9265 0.229248 16.6186 0.914738 16.6186 1.76033V11.2818C16.6186 11.5989 16.3591 11.8559 16.0389 11.8559C15.7187 11.8559 15.4592 11.5989 15.4592 11.2818V1.76033C15.4592 1.54893 15.2862 1.37756 15.0727 1.37756H1.54592C1.33247 1.37756 1.15944 1.54893 1.15944 1.76033V18.985C1.15944 19.1964 1.33247 19.3678 1.54592 19.3678H9.27551C9.59568 19.3678 9.85523 19.6249 9.85523 19.942C9.85523 20.2591 9.59568 20.5161 9.27551 20.5161H1.54592C0.692131 20.5161 0 19.8306 0 18.985V1.76033Z" fill="#EB0203"></path>
            <path fill-rule="evenodd" clip-rule="evenodd" d="M14.6254 13.8718C13.4921 12.8567 11.7821 12.7615 10.6574 13.7147C9.12472 15.0124 9.34891 17.128 10.4413 18.2493L14.0161 21.9126C14.2199 22.1217 14.493 22.2386 14.7824 22.2386C15.0739 22.2386 15.3449 22.1238 15.5487 21.9147L19.1235 18.2514C20.2139 17.13 20.4422 15.0144 18.9075 13.7147C17.7827 12.7634 16.0726 12.8569 14.9392 13.872C14.8856 13.92 14.8333 13.9701 14.7824 14.0222C14.7314 13.97 14.6791 13.9199 14.6254 13.8718ZM18.1546 14.588C19.0972 15.3869 18.9961 16.7262 18.2891 17.4541C18.2888 17.4543 18.2886 17.4546 18.2884 17.4548L14.7834 21.0466L11.2757 17.452C11.2756 17.4519 11.2755 17.4517 11.2753 17.4516C10.5681 16.7252 10.4682 15.3856 11.4108 14.5876L11.4112 14.5872C12.0748 14.0248 13.202 14.0556 13.949 14.8205L14.7824 15.674L15.6158 14.8205C16.3618 14.0567 17.4896 14.0256 18.1545 14.5879" fill="#EB0203"></path>
            </svg>
            </button>
            </div>
            <div class="col-sm-10 col-12">
            <div class="ct-tile-quantity d-none" data-pid="7157937">
            <input type="hidden" class="add-to-cart-url" value="https://www.continente.pt/on/demandware.store/Sites-continente-Site/default/Cart-AddProduct">
            <div class="d-none tile-delete-confirmation-btn" data-pid="7157937" data-delay-time="3000" data-in-cart-msg="no carrinho" data-one-product-added="Adicionado ao carrinho" data-remove-from-cart-msg="Removido do carrinho" data-stay-open="6000.0" data-confirmation-image="{&quot;url&quot;:&quot;https://www.continente.pt/dw/image/v2/BDVS_PRD/on/demandware.static/-/Sites-col-master-catalog/default/dwbfeadb62/images/col/715/7157937-frente.jpg?sw=87&amp;sh=80&quot;,&quot;fallbackimage&quot;:{&quot;url&quot;:&quot;https://www.continente.pt/dw/image/v2/BDVS_PRD/on/demandware.static/Sites-continente-Site/-/default/dw7c42b4da/images/noimagelarge_product.png?sw=87&amp;sh=80&quot;,&quot;title&quot;:&quot;Pão de Forma 12 Cereais e Sementes&quot;,&quot;alt&quot;:&quot;Pão de Forma 12 Cereais e Sementes&quot;},&quot;title&quot;:&quot;Pão de Forma 12 Cereais e Sementes&quot;,&quot;alt&quot;:&quot;Pão de Forma 12 Cereais e Sementes&quot;}"></div>
            <div class="ct-tile-quantity-update quantity-update product-qty-vue" data-remove-action="https://www.continente.pt/on/demandware.store/Sites-continente-Site/default/Cart-RemoveProductLineItem" data-action="https://www.continente.pt/on/demandware.store/Sites-continente-Site/default/Cart-UpdateQuantity" data-dimension-update="https://www.continente.pt/on/demandware.store/Sites-continente-Site/default/Cart-DimensionUpdate" data-pid="7157937" data-uuid="6d29680ce199f392246c27c5aa" data-add-delay="500.0" data-measure-options="{&quot;hasConversionRate&quot;:false,&quot;hasAlternativeSaleUnit&quot;:false,&quot;unitConversionRate&quot;:0,&quot;minOrderQuantity&quot;:1,&quot;stepQuantity&quot;:1,&quot;primaryunit&quot;:&quot;un&quot;,&quot;secondaryunit&quot;:&quot;kg&quot;,&quot;selectedunit&quot;:&quot;primary&quot;,&quot;maxNumberOfUnitsPerSale&quot;:50}" data-price-available="null" :data-has-error="isMaxQtyReached || isMinQtyReached || qtySelectedMoreThanOne">
            <template v-show="prodUnits">
            <div class="quantity-input-wrapper has-units">
            <label class="visually-hidden" :for="'quantity-' + pid + additionalTag">
            Quantidade no carrinho
            </label>
            <input :ref="'quantityInput-' + pid + additionalTag" class="add-to-cart-quantity form-control ct-form-input text-center" inputmode="numeric" :class="{'is-invalid': isInvalid}" :data-pid="pid + additionalTag" :name="'quantity-' + pid + additionalTag" type="text" aria-label="Insira a quantidade" title="" v-model="displayValue" @change="updateQuantity" @focus="updateQtyFormat" @blur="restoreQtyFormat" :disabled="!isPriceAvailable">
            <span class="quantity-icon quantity-icon--minus">
            <button class="decrease-quantity-btn" @click="updateQuantity" :disabled="!isPriceAvailable" role="button" aria-label="Reduzir quantidade">
            <i class="css-math-minus"></i>
            </button>
            </span>
            <span class="quantity-icon quantity-icon--plus">
            <button class="increase-quantity-btn" @click="updateQuantity" :disabled="isMaxQtyReached || !isPriceAvailable" role="button" aria-label="Aumentar quantidade">
            <i class="css-math-plus"></i>
            </button>
            <span class="quantity-btn-disabled-placeholder"></span>
            </span>
            <template v-if="isPDP">
            <span class="quantity-error ct-span-error text-sm-center product-max-allocation" v-if="isMaxQtyReached">
            Quantidade máxima atingida
            </span>
            <span class="quantity-error ct-span-product text-sm-center product-allocation" v-if="!isMinQtyReached &amp;&amp; !isMaxQtyReached">
            {{quantitySelected}} no carrinho
            </span>
            <span class="quantity-error ct-span-error text-sm-center product-min-allocation" :data-pid="pid" v-if="isMinQtyReached &amp;&amp; !isMaxQtyReached">
            Quantidade mínima atingida
            </span>
            </template>
            </div>
            <template v-if="showNotes">
            <div class="add-note-link-container ">
            <div class="add-note">
            <a href="/produto/pao-de-forma-12-cereais-e-sementes-continente-7157937.html?showNote=true" class="ct-add-note-redirect-pdp" aria-label="Adicionar comentário">
            <span class="svg-wrapper svg-icon-notes" style="width:19px; height:20px">
            <svg class="svg-inline icon-notes" viewBox="0 0 28 30" xmlns="http://www.w3.org/2000/svg" width="100%" height="100%"><path d="M21.738 0C22.985 0 24 1.04 24 2.319V12.47c0 .469-.37.848-.828.848-.457 0-.827-.38-.827-.848V2.32c0-.343-.273-.622-.607-.622H2.262c-.334 0-.607.279-.607.622V27.68c0 .343.273.622.607.622h7.81c.457 0 .827.38.827.849 0 .468-.37.848-.827.848h-7.81C1.015 30 0 28.96 0 27.681V2.32C0 1.04 1.015 0 2.262 0h19.476zm2.844 16.004l.227.007c.823.053 1.589.39 2.176.964.64.627.993 1.46.993 2.349 0 .888-.353 1.722-.993 2.348l-6.83 6.665c-.11.108-.247.186-.397.226l-5.032 1.363c-.078.021-.16.032-.241.032-.242 0-.478-.097-.647-.266-.23-.231-.314-.566-.218-.874l1.49-4.798c.044-.139.122-.266.227-.369l6.844-6.677c.64-.625 1.493-.97 2.401-.97zm-2.886 3.94l-4.922 4.802-.947 3.048 3.22-.872 4.897-4.78-2.248-2.197zm2.887-2.174c-.425 0-.824.162-1.124.455l-.484.472 2.248 2.197.484-.472c.62-.606.62-1.591 0-2.197l-.117-.104c-.283-.227-.636-.35-1.007-.35zm-10.839.022c.498 0 .904.396.904.883 0 .488-.406.884-.904.884H5.946c-.499 0-.904-.396-.904-.884 0-.487.405-.883.904-.883zm5.042-4.876c.498 0 .904.397.904.884s-.406.884-.904.884H5.946c-.499 0-.904-.397-.904-.884s.405-.884.904-.884zm0-4.875c.498 0 .904.396.904.884 0 .487-.406.883-.904.883H5.946c-.499 0-.904-.396-.904-.883 0-.488.405-.884.904-.884z" fill="#EB0203" fill-rule="evenodd"></path></svg>
            </span>
            <div class="available-note d-none"></div>
            </a>
            </div>
            </div>
            </template>
            <div class="measurement-unit-section" v-if="isPriceAvailable &amp;&amp; prodUnits ? prodUnits.hasAlternativeUnit : false">
            <div class="ct-form-radio" @click="setDimension">
            <input type="radio" title="" class="ct-form-check-input product-measurement-unit" :data-type="prodUnits.selectedUnit == prodUnits.secondaryUnit ? 'primary' : ''" :id="prodUnits.secondaryUnit + '-' + pid + '-measurement-unit-ptile' + additionalTag" :name="'measurement-unit-' + pid + '-ptile' + additionalTag" :value="prodUnits.secondaryUnit" v-model="prodUnits.selectedUnit">
            <label :class="prodUnits.secondaryUnit + '-label ct-form-check-label mb-0'" :for="prodUnits.secondaryUnit + '-' + pid + '-measurement-unit-ptile' + additionalTag">
            {{prodUnits.secondaryUnit}}
            </label>
            <span class="checkmark"></span>
            </div>
            <div class="ct-form-radio" @click="setDimension">
            <input type="radio" title="" class="ct-form-check-input product-measurement-unit" :data-type="prodUnits.selectedUnit == prodUnits.primaryUnit ? 'primary' : ''" :id="prodUnits.primaryUnit + '-' + pid + '-measurement-unit-ptile' + additionalTag" :name="'measurement-unit-' + pid + '-ptile' + additionalTag" :value="prodUnits.primaryUnit" v-model="prodUnits.selectedUnit">
            <label :class="prodUnits.primaryUnit + '-label ct-form-check-label mb-0'" :for="prodUnits.primaryUnit + '-' + pid + '-measurement-unit-ptile' + additionalTag">
            {{prodUnits.primaryUnit}}
            </label>
            <span class="checkmark"></span>
            </div>
            </div>
            <template v-if="!isPDP &amp;&amp; isPriceAvailable">
            <span class="quantity-error ct-span-error product-max-allocation" v-if="isMaxQtyReached">
            Quantidade máxima atingida
            </span>
            <span class="quantity-error ct-span-product product-allocation" v-if="!isMinQtyReached &amp;&amp; !isMaxQtyReached">
            {{quantitySelected}} no carrinho
            </span>
            <span class="quantity-error ct-span-error product-min-allocation" :data-pid="pid" v-if="isMinQtyReached &amp;&amp; !isMaxQtyReached">
            Quantidade mínima atingida
            </span>
            </template>
            </template>
            </div>
            <input class="quantity-value-mask d-none" name="quantity" type="number" min="0" value="">
            </div>
            <button type="button" class="add-to-cart button js-add-to-cart js-add-to-cart-tile 7157937 button--primary-inactive dynamic-layout-btn" data-toggle="modal" data-target="#chooseBonusProductModal" disabled="" data-pid="7157937" data-quantity-value="null" aria-label="Carrinho">
            <span class="d-block d-sm-none">
            <span class="svg-wrapper svg-icon-cart" style="width:20px; height:20px">
            <svg class="svg-inline icon-cart" xmlns="http://www.w3.org/2000/svg" viewBox="0 0 500 500" width="100%" height="100%"><path fill="#EB0203" fill-rule="evenodd" d="M 485.67317,94.386311 C 476.37798,83.847129 463.09468,78.03348 448.30404,78.03348 H 90.690813 L 87.079511,51.327997 C 83.185582,22.539551 62.962285,0 41.011841,0 H 14.727836 C 6.563151,0 0,6.5286975 0,14.580758 c 0,8.05206 6.5945535,14.580758 14.727836,14.580758 h 26.284005 c 4.710398,0 14.696435,9.855222 16.894619,26.021523 L 100.01739,368.0631 c 1.88416,13.77244 9.01256,26.70549 20.1605,36.37417 8.25889,7.15046 18.02511,11.9071 28.26237,13.89679 -4.17655,7.58572 -6.53175,16.25957 -6.53175,25.493 0,29.53459 24.27424,53.59751 54.13815,53.59751 29.8325,0 54.13814,-24.03184 54.13814,-53.59751 0,-8.79818 -2.19818,-17.09897 -5.9979,-24.43598 h 77.12488 c -3.79973,7.33701 -5.96652,15.6378 -5.96652,24.43598 0,29.53459 24.27424,53.59751 54.13817,53.59751 29.83249,0 54.13814,-24.03184 54.13814,-53.59751 0,-8.79818 -2.1982,-17.09897 -5.9979,-24.43598 h 38.56243 c 8.13328,0 14.72783,-6.5287 14.72783,-14.61183 0,-8.02098 -6.59455,-14.54967 -14.72783,-14.54967 H 159.24277 c -14.38241,0 -28.13677,-11.90711 -30.02092,-26.02153 l -3.07746,-22.88154 h 290.6314 c 14.03698,0 27.94834,-5.28513 39.06488,-14.95381 11.11652,-9.6376 18.27632,-22.57065 20.16048,-36.37417 l 21.10259,-156.78201 c 1.94694,-14.51858 -2.10398,-28.29103 -11.43057,-38.861299 z M 220.76053,443.82706 c 0,13.49265 -11.08513,24.46709 -24.68247,24.46709 -13.62874,0 -24.71387,-10.97444 -24.71387,-24.46709 0,-13.49262 11.08513,-24.43598 24.71387,-24.43598 13.59734,0 24.68247,10.94336 24.68247,24.43598 z m 173.43675,0 c 0,13.49265 -11.08512,24.46709 -24.68245,24.46709 -13.62876,0 -24.71388,-10.97444 -24.71388,-24.46709 0,-13.49262 11.08512,-24.43598 24.71388,-24.43598 13.59733,0 24.68245,10.94336 24.68245,24.43598 z m 73.7648,-314.46558 -21.13397,156.782 c -1.88416,14.11442 -15.63851,26.05261 -30.02091,26.05261 H 122.25046 L 94.616142,107.19499 H 448.33544 c 6.18632,0 11.61896,2.2695 15.23028,6.37326 3.64269,4.13484 5.21283,9.73086 4.39636,15.79323 z"></path></svg>
            </span>
            </span>
            <span class="add-to-cart--text d-none d-sm-block">Indisponível</span>
            </button>
            </div>
            </div>
            </div>
            </div>
            
            <div class="col-12 d-sm-none">
            </div>
            </div>
            </div>
            </div>
            </div>
            <div class="col-12 col-sm-3 col-lg-2 productTile" data-idx="17">
            
            <script type="text/javascript">//<!--
            /* <![CDATA[ */
            (function(){
            try {
                if(window.CQuotient) {
                var cq_params = {};
                
                cq_params.cookieId = window.CQuotient.getCQCookieId();
                cq_params.userId = window.CQuotient.getCQUserId();
                cq_params.emailId = CQuotient.getCQHashedEmail();
                cq_params.loginId = CQuotient.getCQHashedLogin();
                cq_params.accumulate = true;
                cq_params.products = [{
                    id: '6246546',
                    sku: ''
                }];
                cq_params.categoryId = 'padaria-e-pastelaria-padaria-forma';
                cq_params.refinements = '[{\"name\":\"priceMin\",\"value\":\"0.01\"},{\"name\":\"priceMax\",\"value\":\"null\"},{\"name\":\"curr\",\"value\":\"EUR\"},{\"name\":\"Category\",\"value\":\"padaria-e-pastelaria-padaria-forma\"}]';
                cq_params.personalized = 'false';
                cq_params.sortingRule = 'categories top-sellers';
                cq_params.imageUUID = '__UNDEFINED__';
                cq_params.realm = "BDVS";
                cq_params.siteId = "continente";
                cq_params.instanceType = "prd";
                cq_params.queryLocale = "default";
                cq_params.locale = window.CQuotient.locale;
                
                if(window.CQuotient.sendActivity)
                    window.CQuotient.sendActivity(CQuotient.clientId, 'viewCategory', cq_params);
                else
                    window.CQuotient.activities.push({
                        activityType: 'viewCategory',
                        parameters: cq_params
                    });
              }
            } catch(err) {}
            })();
            /* ]]> */
            // -->
            </script>
            <script type="text/javascript">//<!--
            /* <![CDATA[ (viewCategoryProduct-active_data.js) */
            (function(){
            try {
                if (dw.ac) {
                    var search_params = {};
                    search_params.persd = 'false';
                    search_params.refs = '[{\"name\":\"priceMin\",\"value\":\"0.01\"},{\"name\":\"priceMax\",\"value\":\"null\"},{\"name\":\"curr\",\"value\":\"EUR\"},{\"name\":\"Category\",\"value\":\"padaria-e-pastelaria-padaria-forma\"}]';
                    search_params.sort = 'categories top-sellers';
                    search_params.imageUUID = '';
                    search_params.searchID = '79fd584c-cee5-42dd-a07f-04e8467e04c2';
                    search_params.locale = 'default';
                    search_params.queryLocale = 'default';
                    search_params.showProducts = 'true';
                    dw.ac.applyContext({category: "padaria-e-pastelaria-padaria-forma", searchData: search_params});
                    if (typeof dw.ac._scheduleDataSubmission === "function") {
                        dw.ac._scheduleDataSubmission();
                    }
                }
            } catch(err) {}
            })();
            /* ]]> */
            // -->
            </script>
            <script type="text/javascript">//<!--
            /* <![CDATA[ (viewProduct-active_data.js) */
            dw.ac._capture({id: "6246546", type: "searchhit"});
            /* ]]> */
            // -->
            </script>
            <div class="product" data-pid="6246546">
            <div class="product-tile pid-6246546 ct-product-tile data-layer-pushed" data-delay-time="3000" data-variants-mapping="[]" data-in-cart-msg="no carrinho" data-one-product-added="Adicionado ao carrinho" data-remove-from-cart-msg="Removido do carrinho" data-stay-open="6000.0" data-product-tile-impression="{&quot;name&quot;:&quot;6246546&quot;,&quot;id&quot;:&quot;6246546&quot;,&quot;price&quot;:2.32,&quot;brand&quot;:&quot;Bimbo&quot;,&quot;category&quot;:[{&quot;category_level_1&quot;:&quot;Padaria e Pastelaria&quot;},{&quot;category_level_2&quot;:&quot;Padaria&quot;},{&quot;category_level_3&quot;:&quot;Pão de Forma e Embalado&quot;}],&quot;variant&quot;:&quot;&quot;}">
            <div class="ct-inner-tile-wrap row no-gutters justify-content-center align-content-start">
            
            <div class="ct-image-container col-4 col-sm" data-confirmation-image="{&quot;url&quot;:&quot;https://www.continente.pt/dw/image/v2/BDVS_PRD/on/demandware.static/-/Sites-col-master-catalog/default/dwf7fdd7c5/images/col/624/6246546-frente.jpg?sw=87&amp;sh=80&quot;,&quot;fallbackimage&quot;:{&quot;url&quot;:&quot;https://www.continente.pt/dw/image/v2/BDVS_PRD/on/demandware.static/Sites-continente-Site/-/default/dw7c42b4da/images/noimagelarge_product.png?sw=87&amp;sh=80&quot;,&quot;title&quot;:&quot;Pão de Forma sem Côdea Especial Torradas&quot;,&quot;alt&quot;:&quot;Pão de Forma sem Côdea Especial Torradas&quot;},&quot;title&quot;:&quot;Pão de Forma sem Côdea Especial Torradas&quot;,&quot;alt&quot;:&quot;Pão de Forma sem Côdea Especial Torradas&quot;}">
            <a href="https://www.continente.pt/produto/pao-de-forma-sem-codea-especial-torradas-bimbo-6246546.html?cgid=padaria-e-pastelaria-padaria-forma">
            <picture class="intrinsic intrinsic--square">
            <img class="ct-tile-image lazyloaded" loading="lazy" onerror="this.onerror=null;this.src='/on/demandware.static/Sites-continente-Site/-/default/dw7c42b4da/images/noimagelarge_product.png';" data-src="https://www.continente.pt/dw/image/v2/BDVS_PRD/on/demandware.static/-/Sites-col-master-catalog/default/dwf7fdd7c5/images/col/624/6246546-frente.jpg?sw=280&amp;sh=280" alt="Pão de Forma sem Côdea Especial Torradas" title="Pão de Forma sem Côdea Especial Torradas" src="https://www.continente.pt/dw/image/v2/BDVS_PRD/on/demandware.static/-/Sites-col-master-catalog/default/dwf7fdd7c5/images/col/624/6246546-frente.jpg?sw=280&amp;sh=280">
            </picture>
            </a>
            <div class="color-swatches d-flex" style="margin-left: 5px;">
            <div class="swatches d-flex">
            </div>
            </div>
            </div>
            <div class="ct-tile-body col col-sm-auto ">
            <div class="ct-pdp-details">
            <div class="ct-pdp-link">
            <a class="ct-tile--description" href="https://www.continente.pt/produto/pao-de-forma-sem-codea-especial-torradas-bimbo-6246546.html?cgid=padaria-e-pastelaria-padaria-forma">Pão de Forma sem Côdea Especial Torradas</a>
            <div class="ct-tile--favorite-top d-sm-none">
            <button class="wishlist-toggler guest-mode inactive button button--tertiary" data-pid="6246546" data-add-url="https://www.continente.pt/on/demandware.store/Sites-continente-Site/default/Wishlist-AddProduct?pid=6246546" data-toggle="tooltip" aria-label="Adicionar aos favoritos " data-original-title="Adicionar aos favoritos" data-placement="top">
            <svg class="active-content" width="100%" height="100%" viewBox="0 0 20 22" fill="none" xmlns="http://www.w3.org/2000/svg">
            <path fill-rule="evenodd" clip-rule="evenodd" d="M0 1.53052C0 0.685236 0.692171 0 1.54601 0H15.0736C15.9274 0 16.6196 0.685235 16.6196 1.53052V13.4064L15.8127 13.922L14.2658 14.2658L12.7189 13.4064L10.6054 14.3818C10.4994 14.2451 10.3327 14.157 10.1452 14.157H6.76329C6.4431 14.157 6.18354 14.414 6.18354 14.731C6.18354 15.0479 6.4431 15.3049 6.76329 15.3049H10.1452C10.2478 15.3049 10.3441 15.2785 10.4277 15.2322L10.3126 16.8439L13.2345 20.2793H1.54601C0.69217 20.2793 0 19.5941 0 18.7488V1.53052ZM6.18354 5.5483C6.18354 5.23132 6.4431 4.97436 6.76329 4.97436H12.3676C12.6878 4.97436 12.9473 5.23132 12.9473 5.5483C12.9473 5.86528 12.6878 6.12224 12.3676 6.12224H6.76329C6.4431 6.12224 6.18354 5.86528 6.18354 5.5483ZM6.76329 11.0961C6.4431 11.0961 6.18354 11.3531 6.18354 11.6701C6.18354 11.987 6.4431 12.244 6.76329 12.244H12.3676C12.6878 12.244 12.9473 11.987 12.9473 11.6701C12.9473 11.3531 12.6878 11.0961 12.3676 11.0961H6.76329ZM6.18354 8.60985C6.18354 8.29287 6.4431 8.03591 6.76329 8.03591H12.3676C12.6878 8.03591 12.9473 8.29287 12.9473 8.60985C12.9473 8.92684 12.6878 9.1838 12.3676 9.1838H6.76329C6.4431 9.1838 6.18354 8.92684 6.18354 8.60985ZM3.67118 5.5483C3.67118 5.23132 3.93075 4.97436 4.25093 4.97436H4.63743C4.95762 4.97436 5.21719 5.23132 5.21719 5.5483C5.21719 5.86528 4.95762 6.12224 4.63743 6.12224H4.25093C3.93075 6.12224 3.67118 5.86528 3.67118 5.5483ZM4.25093 11.0961C3.93075 11.0961 3.67118 11.3531 3.67118 11.6701C3.67118 11.987 3.93075 12.244 4.25093 12.244H4.63743C4.95762 12.244 5.21719 11.987 5.21719 11.6701C5.21719 11.3531 4.95762 11.0961 4.63743 11.0961H4.25093ZM3.67118 8.60985C3.67118 8.29287 3.93075 8.03591 4.25093 8.03591H4.63743C4.95762 8.03591 5.21719 8.29287 5.21719 8.60985C5.21719 8.92684 4.95762 9.1838 4.63743 9.1838H4.25093C3.93075 9.1838 3.67118 8.92684 3.67118 8.60985ZM4.25093 14.157C3.93075 14.157 3.67118 14.414 3.67118 14.731C3.67118 15.0479 3.93075 15.3049 4.25093 15.3049H4.63743C4.95762 15.3049 5.21719 15.0479 5.21719 14.731C5.21719 14.414 4.95762 14.157 4.63743 14.157H4.25093Z" fill="#EB0203"></path>
            <path fill-rule="evenodd" clip-rule="evenodd" d="M14.6252 13.6363C13.4918 12.6215 11.7817 12.5264 10.6569 13.4792C9.12421 14.7764 9.34841 16.8912 10.4409 18.0122L14.0159 21.6742C14.2197 21.8832 14.4928 22 14.7822 22C15.0737 22 15.3448 21.8852 15.5486 21.6762L19.1236 18.0142C20.214 16.8933 20.4423 14.7785 18.9075 13.4792C17.7827 12.5283 16.0724 12.6217 14.9391 13.6365C14.8855 13.6845 14.8331 13.7345 14.7822 13.7866C14.7313 13.7345 14.6789 13.6843 14.6252 13.6363ZM18.1546 14.3522C19.0973 15.1508 18.9962 16.4896 18.2891 17.2173C18.2888 17.2175 18.2886 17.2177 18.2884 17.218L14.7832 20.8084L11.2753 17.2151C11.2752 17.215 11.2751 17.2149 11.2749 17.2148C10.5677 16.4887 10.4678 15.1495 11.4104 14.3518L11.4108 14.3514C12.0745 13.7892 13.2018 13.82 13.9488 14.5846L14.7822 15.4378L15.6157 14.5846C16.3617 13.8211 17.4896 13.79 18.1545 14.3521" fill="#EB0203"></path>
            </svg>
            <svg class="inactive-content" width="100%" height="100%" viewBox="0 0 20 23" fill="none" xmlns="http://www.w3.org/2000/svg">
            <path fill-rule="evenodd" clip-rule="evenodd" d="M6.18408 5.77914C6.18408 5.46223 6.44363 5.20532 6.7638 5.20532H12.3678C12.6879 5.20532 12.9475 5.46223 12.9475 5.77914C12.9475 6.09606 12.6879 6.35297 12.3678 6.35297H6.7638C6.44363 6.35297 6.18408 6.09606 6.18408 5.77914Z" fill="#EB0203"></path>
            <path fill-rule="evenodd" clip-rule="evenodd" d="M6.18408 11.9034C6.18408 11.5865 6.44363 11.3296 6.7638 11.3296H12.3678C12.6879 11.3296 12.9475 11.5865 12.9475 11.9034C12.9475 12.2202 12.6879 12.4771 12.3678 12.4771H6.7638C6.44363 12.4771 6.18408 12.2202 6.18408 11.9034Z" fill="#EB0203"></path>
            <path fill-rule="evenodd" clip-rule="evenodd" d="M6.18408 8.84116C6.18408 8.52424 6.44363 8.26733 6.7638 8.26733H12.3678C12.6879 8.26733 12.9475 8.52424 12.9475 8.84116C12.9475 9.15807 12.6879 9.41498 12.3678 9.41498H6.7638C6.44363 9.41498 6.18408 9.15807 6.18408 8.84116Z" fill="#EB0203"></path>
            <path fill-rule="evenodd" clip-rule="evenodd" d="M6.18408 14.9655C6.18408 14.6486 6.44363 14.3917 6.7638 14.3917H10.1455C10.4657 14.3917 10.7252 14.6486 10.7252 14.9655C10.7252 15.2825 10.4657 15.5394 10.1455 15.5394H6.7638C6.44363 15.5394 6.18408 15.2825 6.18408 14.9655Z" fill="#EB0203"></path>
            <path fill-rule="evenodd" clip-rule="evenodd" d="M3.67139 5.77914C3.67139 5.46223 3.93094 5.20532 4.25111 5.20532H4.63759C4.95776 5.20532 5.21731 5.46223 5.21731 5.77914C5.21731 6.09606 4.95776 6.35297 4.63759 6.35297H4.25111C3.93094 6.35297 3.67139 6.09606 3.67139 5.77914Z" fill="#EB0203"></path>
            <path fill-rule="evenodd" clip-rule="evenodd" d="M3.67139 11.9034C3.67139 11.5865 3.93094 11.3296 4.25111 11.3296H4.63759C4.95776 11.3296 5.21731 11.5865 5.21731 11.9034C5.21731 12.2202 4.95776 12.4771 4.63759 12.4771H4.25111C3.93094 12.4771 3.67139 12.2202 3.67139 11.9034Z" fill="#EB0203"></path>
            <path fill-rule="evenodd" clip-rule="evenodd" d="M3.67139 8.84116C3.67139 8.52424 3.93094 8.26733 4.25111 8.26733H4.63759C4.95776 8.26733 5.21731 8.52424 5.21731 8.84116C5.21731 9.15807 4.95776 9.41498 4.63759 9.41498H4.25111C3.93094 9.41498 3.67139 9.15807 3.67139 8.84116Z" fill="#EB0203"></path>
            <path fill-rule="evenodd" clip-rule="evenodd" d="M3.67139 14.9655C3.67139 14.6486 3.93094 14.3917 4.25111 14.3917H4.63759C4.95776 14.3917 5.21731 14.6486 5.21731 14.9655C5.21731 15.2825 4.95776 15.5394 4.63759 15.5394H4.25111C3.93094 15.5394 3.67139 15.2825 3.67139 14.9655Z" fill="#EB0203"></path>
            <path fill-rule="evenodd" clip-rule="evenodd" d="M0 1.76033C0 0.914738 0.692131 0.229248 1.54592 0.229248H15.0727C15.9265 0.229248 16.6186 0.914738 16.6186 1.76033V11.2818C16.6186 11.5989 16.3591 11.8559 16.0389 11.8559C15.7187 11.8559 15.4592 11.5989 15.4592 11.2818V1.76033C15.4592 1.54893 15.2862 1.37756 15.0727 1.37756H1.54592C1.33247 1.37756 1.15944 1.54893 1.15944 1.76033V18.985C1.15944 19.1964 1.33247 19.3678 1.54592 19.3678H9.27551C9.59568 19.3678 9.85523 19.6249 9.85523 19.942C9.85523 20.2591 9.59568 20.5161 9.27551 20.5161H1.54592C0.692131 20.5161 0 19.8306 0 18.985V1.76033Z" fill="#EB0203"></path>
            <path fill-rule="evenodd" clip-rule="evenodd" d="M14.6254 13.8718C13.4921 12.8567 11.7821 12.7615 10.6574 13.7147C9.12472 15.0124 9.34891 17.128 10.4413 18.2493L14.0161 21.9126C14.2199 22.1217 14.493 22.2386 14.7824 22.2386C15.0739 22.2386 15.3449 22.1238 15.5487 21.9147L19.1235 18.2514C20.2139 17.13 20.4422 15.0144 18.9075 13.7147C17.7827 12.7634 16.0726 12.8569 14.9392 13.872C14.8856 13.92 14.8333 13.9701 14.7824 14.0222C14.7314 13.97 14.6791 13.9199 14.6254 13.8718ZM18.1546 14.588C19.0972 15.3869 18.9961 16.7262 18.2891 17.4541C18.2888 17.4543 18.2886 17.4546 18.2884 17.4548L14.7834 21.0466L11.2757 17.452C11.2756 17.4519 11.2755 17.4517 11.2753 17.4516C10.5681 16.7252 10.4682 15.3856 11.4108 14.5876L11.4112 14.5872C12.0748 14.0248 13.202 14.0556 13.949 14.8205L14.7824 15.674L15.6158 14.8205C16.3618 14.0567 17.4896 14.0256 18.1545 14.5879" fill="#EB0203"></path>
            </svg>
            </button>
            </div>
            </div>
            <p class="ct-tile--brand">Bimbo</p>
            <p class="ct-tile--quantity">emb. 650 gr</p>
            </div>
            <div class="ct-tile-bottom row no-gutters justify-content-between">
            <div class="ct-price-wrap col-8 col-sm-12">
            <div class="price js-product-price">
            <div class="prices-wrapper">
            <span class="sales ct-tile--price-primary ">
            <span class="value" content="2.32">
            <span class="ct-price-formatted">
            €2,32
            </span>
            <span class="ct-m-unit">
            /un
            </span>
            </span>
            </span>
            </div>
            <div class="ct-tile--price-secondary">
            <span class="ct-price-value">
            €3,57
            </span>
            <span class="ct-m-unit">
            /kg
            </span>
            </div>
            </div>
            </div>
            <div class="ct-tile-buy-section d-flex justify-content-center no-gutters col-auto col-sm-12">
            <div class="col-2 d-sm-flex d-none">
            <button class="wishlist-toggler guest-mode inactive button button--tertiary" data-pid="6246546" data-add-url="https://www.continente.pt/on/demandware.store/Sites-continente-Site/default/Wishlist-AddProduct?pid=6246546" data-toggle="tooltip" aria-label="Adicionar aos favoritos " data-original-title="Adicionar aos favoritos" data-placement="top">
            <svg class="active-content" width="100%" height="100%" viewBox="0 0 20 22" fill="none" xmlns="http://www.w3.org/2000/svg">
            <path fill-rule="evenodd" clip-rule="evenodd" d="M0 1.53052C0 0.685236 0.692171 0 1.54601 0H15.0736C15.9274 0 16.6196 0.685235 16.6196 1.53052V13.4064L15.8127 13.922L14.2658 14.2658L12.7189 13.4064L10.6054 14.3818C10.4994 14.2451 10.3327 14.157 10.1452 14.157H6.76329C6.4431 14.157 6.18354 14.414 6.18354 14.731C6.18354 15.0479 6.4431 15.3049 6.76329 15.3049H10.1452C10.2478 15.3049 10.3441 15.2785 10.4277 15.2322L10.3126 16.8439L13.2345 20.2793H1.54601C0.69217 20.2793 0 19.5941 0 18.7488V1.53052ZM6.18354 5.5483C6.18354 5.23132 6.4431 4.97436 6.76329 4.97436H12.3676C12.6878 4.97436 12.9473 5.23132 12.9473 5.5483C12.9473 5.86528 12.6878 6.12224 12.3676 6.12224H6.76329C6.4431 6.12224 6.18354 5.86528 6.18354 5.5483ZM6.76329 11.0961C6.4431 11.0961 6.18354 11.3531 6.18354 11.6701C6.18354 11.987 6.4431 12.244 6.76329 12.244H12.3676C12.6878 12.244 12.9473 11.987 12.9473 11.6701C12.9473 11.3531 12.6878 11.0961 12.3676 11.0961H6.76329ZM6.18354 8.60985C6.18354 8.29287 6.4431 8.03591 6.76329 8.03591H12.3676C12.6878 8.03591 12.9473 8.29287 12.9473 8.60985C12.9473 8.92684 12.6878 9.1838 12.3676 9.1838H6.76329C6.4431 9.1838 6.18354 8.92684 6.18354 8.60985ZM3.67118 5.5483C3.67118 5.23132 3.93075 4.97436 4.25093 4.97436H4.63743C4.95762 4.97436 5.21719 5.23132 5.21719 5.5483C5.21719 5.86528 4.95762 6.12224 4.63743 6.12224H4.25093C3.93075 6.12224 3.67118 5.86528 3.67118 5.5483ZM4.25093 11.0961C3.93075 11.0961 3.67118 11.3531 3.67118 11.6701C3.67118 11.987 3.93075 12.244 4.25093 12.244H4.63743C4.95762 12.244 5.21719 11.987 5.21719 11.6701C5.21719 11.3531 4.95762 11.0961 4.63743 11.0961H4.25093ZM3.67118 8.60985C3.67118 8.29287 3.93075 8.03591 4.25093 8.03591H4.63743C4.95762 8.03591 5.21719 8.29287 5.21719 8.60985C5.21719 8.92684 4.95762 9.1838 4.63743 9.1838H4.25093C3.93075 9.1838 3.67118 8.92684 3.67118 8.60985ZM4.25093 14.157C3.93075 14.157 3.67118 14.414 3.67118 14.731C3.67118 15.0479 3.93075 15.3049 4.25093 15.3049H4.63743C4.95762 15.3049 5.21719 15.0479 5.21719 14.731C5.21719 14.414 4.95762 14.157 4.63743 14.157H4.25093Z" fill="#EB0203"></path>
            <path fill-rule="evenodd" clip-rule="evenodd" d="M14.6252 13.6363C13.4918 12.6215 11.7817 12.5264 10.6569 13.4792C9.12421 14.7764 9.34841 16.8912 10.4409 18.0122L14.0159 21.6742C14.2197 21.8832 14.4928 22 14.7822 22C15.0737 22 15.3448 21.8852 15.5486 21.6762L19.1236 18.0142C20.214 16.8933 20.4423 14.7785 18.9075 13.4792C17.7827 12.5283 16.0724 12.6217 14.9391 13.6365C14.8855 13.6845 14.8331 13.7345 14.7822 13.7866C14.7313 13.7345 14.6789 13.6843 14.6252 13.6363ZM18.1546 14.3522C19.0973 15.1508 18.9962 16.4896 18.2891 17.2173C18.2888 17.2175 18.2886 17.2177 18.2884 17.218L14.7832 20.8084L11.2753 17.2151C11.2752 17.215 11.2751 17.2149 11.2749 17.2148C10.5677 16.4887 10.4678 15.1495 11.4104 14.3518L11.4108 14.3514C12.0745 13.7892 13.2018 13.82 13.9488 14.5846L14.7822 15.4378L15.6157 14.5846C16.3617 13.8211 17.4896 13.79 18.1545 14.3521" fill="#EB0203"></path>
            </svg>
            <svg class="inactive-content" width="100%" height="100%" viewBox="0 0 20 23" fill="none" xmlns="http://www.w3.org/2000/svg">
            <path fill-rule="evenodd" clip-rule="evenodd" d="M6.18408 5.77914C6.18408 5.46223 6.44363 5.20532 6.7638 5.20532H12.3678C12.6879 5.20532 12.9475 5.46223 12.9475 5.77914C12.9475 6.09606 12.6879 6.35297 12.3678 6.35297H6.7638C6.44363 6.35297 6.18408 6.09606 6.18408 5.77914Z" fill="#EB0203"></path>
            <path fill-rule="evenodd" clip-rule="evenodd" d="M6.18408 11.9034C6.18408 11.5865 6.44363 11.3296 6.7638 11.3296H12.3678C12.6879 11.3296 12.9475 11.5865 12.9475 11.9034C12.9475 12.2202 12.6879 12.4771 12.3678 12.4771H6.7638C6.44363 12.4771 6.18408 12.2202 6.18408 11.9034Z" fill="#EB0203"></path>
            <path fill-rule="evenodd" clip-rule="evenodd" d="M6.18408 8.84116C6.18408 8.52424 6.44363 8.26733 6.7638 8.26733H12.3678C12.6879 8.26733 12.9475 8.52424 12.9475 8.84116C12.9475 9.15807 12.6879 9.41498 12.3678 9.41498H6.7638C6.44363 9.41498 6.18408 9.15807 6.18408 8.84116Z" fill="#EB0203"></path>
            <path fill-rule="evenodd" clip-rule="evenodd" d="M6.18408 14.9655C6.18408 14.6486 6.44363 14.3917 6.7638 14.3917H10.1455C10.4657 14.3917 10.7252 14.6486 10.7252 14.9655C10.7252 15.2825 10.4657 15.5394 10.1455 15.5394H6.7638C6.44363 15.5394 6.18408 15.2825 6.18408 14.9655Z" fill="#EB0203"></path>
            <path fill-rule="evenodd" clip-rule="evenodd" d="M3.67139 5.77914C3.67139 5.46223 3.93094 5.20532 4.25111 5.20532H4.63759C4.95776 5.20532 5.21731 5.46223 5.21731 5.77914C5.21731 6.09606 4.95776 6.35297 4.63759 6.35297H4.25111C3.93094 6.35297 3.67139 6.09606 3.67139 5.77914Z" fill="#EB0203"></path>
            <path fill-rule="evenodd" clip-rule="evenodd" d="M3.67139 11.9034C3.67139 11.5865 3.93094 11.3296 4.25111 11.3296H4.63759C4.95776 11.3296 5.21731 11.5865 5.21731 11.9034C5.21731 12.2202 4.95776 12.4771 4.63759 12.4771H4.25111C3.93094 12.4771 3.67139 12.2202 3.67139 11.9034Z" fill="#EB0203"></path>
            <path fill-rule="evenodd" clip-rule="evenodd" d="M3.67139 8.84116C3.67139 8.52424 3.93094 8.26733 4.25111 8.26733H4.63759C4.95776 8.26733 5.21731 8.52424 5.21731 8.84116C5.21731 9.15807 4.95776 9.41498 4.63759 9.41498H4.25111C3.93094 9.41498 3.67139 9.15807 3.67139 8.84116Z" fill="#EB0203"></path>
            <path fill-rule="evenodd" clip-rule="evenodd" d="M3.67139 14.9655C3.67139 14.6486 3.93094 14.3917 4.25111 14.3917H4.63759C4.95776 14.3917 5.21731 14.6486 5.21731 14.9655C5.21731 15.2825 4.95776 15.5394 4.63759 15.5394H4.25111C3.93094 15.5394 3.67139 15.2825 3.67139 14.9655Z" fill="#EB0203"></path>
            <path fill-rule="evenodd" clip-rule="evenodd" d="M0 1.76033C0 0.914738 0.692131 0.229248 1.54592 0.229248H15.0727C15.9265 0.229248 16.6186 0.914738 16.6186 1.76033V11.2818C16.6186 11.5989 16.3591 11.8559 16.0389 11.8559C15.7187 11.8559 15.4592 11.5989 15.4592 11.2818V1.76033C15.4592 1.54893 15.2862 1.37756 15.0727 1.37756H1.54592C1.33247 1.37756 1.15944 1.54893 1.15944 1.76033V18.985C1.15944 19.1964 1.33247 19.3678 1.54592 19.3678H9.27551C9.59568 19.3678 9.85523 19.6249 9.85523 19.942C9.85523 20.2591 9.59568 20.5161 9.27551 20.5161H1.54592C0.692131 20.5161 0 19.8306 0 18.985V1.76033Z" fill="#EB0203"></path>
            <path fill-rule="evenodd" clip-rule="evenodd" d="M14.6254 13.8718C13.4921 12.8567 11.7821 12.7615 10.6574 13.7147C9.12472 15.0124 9.34891 17.128 10.4413 18.2493L14.0161 21.9126C14.2199 22.1217 14.493 22.2386 14.7824 22.2386C15.0739 22.2386 15.3449 22.1238 15.5487 21.9147L19.1235 18.2514C20.2139 17.13 20.4422 15.0144 18.9075 13.7147C17.7827 12.7634 16.0726 12.8569 14.9392 13.872C14.8856 13.92 14.8333 13.9701 14.7824 14.0222C14.7314 13.97 14.6791 13.9199 14.6254 13.8718ZM18.1546 14.588C19.0972 15.3869 18.9961 16.7262 18.2891 17.4541C18.2888 17.4543 18.2886 17.4546 18.2884 17.4548L14.7834 21.0466L11.2757 17.452C11.2756 17.4519 11.2755 17.4517 11.2753 17.4516C10.5681 16.7252 10.4682 15.3856 11.4108 14.5876L11.4112 14.5872C12.0748 14.0248 13.202 14.0556 13.949 14.8205L14.7824 15.674L15.6158 14.8205C16.3618 14.0567 17.4896 14.0256 18.1545 14.5879" fill="#EB0203"></path>
            </svg>
            </button>
            </div>
            <div class="col-sm-10 col-12">
            <div class="ct-tile-quantity d-none" data-pid="6246546">
            <input type="hidden" class="add-to-cart-url" value="https://www.continente.pt/on/demandware.store/Sites-continente-Site/default/Cart-AddProduct">
            <div class="d-none tile-delete-confirmation-btn" data-pid="6246546" data-delay-time="3000" data-in-cart-msg="no carrinho" data-one-product-added="Adicionado ao carrinho" data-remove-from-cart-msg="Removido do carrinho" data-stay-open="6000.0" data-confirmation-image="{&quot;url&quot;:&quot;https://www.continente.pt/dw/image/v2/BDVS_PRD/on/demandware.static/-/Sites-col-master-catalog/default/dwf7fdd7c5/images/col/624/6246546-frente.jpg?sw=87&amp;sh=80&quot;,&quot;fallbackimage&quot;:{&quot;url&quot;:&quot;https://www.continente.pt/dw/image/v2/BDVS_PRD/on/demandware.static/Sites-continente-Site/-/default/dw7c42b4da/images/noimagelarge_product.png?sw=87&amp;sh=80&quot;,&quot;title&quot;:&quot;Pão de Forma sem Côdea Especial Torradas&quot;,&quot;alt&quot;:&quot;Pão de Forma sem Côdea Especial Torradas&quot;},&quot;title&quot;:&quot;Pão de Forma sem Côdea Especial Torradas&quot;,&quot;alt&quot;:&quot;Pão de Forma sem Côdea Especial Torradas&quot;}"></div>
            <div class="ct-tile-quantity-update quantity-update product-qty-vue" data-remove-action="https://www.continente.pt/on/demandware.store/Sites-continente-Site/default/Cart-RemoveProductLineItem" data-action="https://www.continente.pt/on/demandware.store/Sites-continente-Site/default/Cart-UpdateQuantity" data-dimension-update="https://www.continente.pt/on/demandware.store/Sites-continente-Site/default/Cart-DimensionUpdate" data-pid="6246546" data-uuid="74b4ea97fb223f3b6ee0837233" data-add-delay="500.0" data-measure-options="{&quot;hasConversionRate&quot;:false,&quot;hasAlternativeSaleUnit&quot;:false,&quot;unitConversionRate&quot;:0,&quot;minOrderQuantity&quot;:1,&quot;stepQuantity&quot;:1,&quot;primaryunit&quot;:&quot;un&quot;,&quot;secondaryunit&quot;:&quot;kg&quot;,&quot;selectedunit&quot;:&quot;primary&quot;,&quot;maxNumberOfUnitsPerSale&quot;:50}" data-price-available="null" :data-has-error="isMaxQtyReached || isMinQtyReached || qtySelectedMoreThanOne">
            <template v-show="prodUnits">
            <div class="quantity-input-wrapper has-units">
            <label class="visually-hidden" :for="'quantity-' + pid + additionalTag">
            Quantidade no carrinho
            </label>
            <input :ref="'quantityInput-' + pid + additionalTag" class="add-to-cart-quantity form-control ct-form-input text-center" inputmode="numeric" :class="{'is-invalid': isInvalid}" :data-pid="pid + additionalTag" :name="'quantity-' + pid + additionalTag" type="text" aria-label="Insira a quantidade" title="" v-model="displayValue" @change="updateQuantity" @focus="updateQtyFormat" @blur="restoreQtyFormat" :disabled="!isPriceAvailable">
            <span class="quantity-icon quantity-icon--minus">
            <button class="decrease-quantity-btn" @click="updateQuantity" :disabled="!isPriceAvailable" role="button" aria-label="Reduzir quantidade">
            <i class="css-math-minus"></i>
            </button>
            </span>
            <span class="quantity-icon quantity-icon--plus">
            <button class="increase-quantity-btn" @click="updateQuantity" :disabled="isMaxQtyReached || !isPriceAvailable" role="button" aria-label="Aumentar quantidade">
            <i class="css-math-plus"></i>
            </button>
            <span class="quantity-btn-disabled-placeholder"></span>
            </span>
            <template v-if="isPDP">
            <span class="quantity-error ct-span-error text-sm-center product-max-allocation" v-if="isMaxQtyReached">
            Quantidade máxima atingida
            </span>
            <span class="quantity-error ct-span-product text-sm-center product-allocation" v-if="!isMinQtyReached &amp;&amp; !isMaxQtyReached">
            {{quantitySelected}} no carrinho
            </span>
            <span class="quantity-error ct-span-error text-sm-center product-min-allocation" :data-pid="pid" v-if="isMinQtyReached &amp;&amp; !isMaxQtyReached">
            Quantidade mínima atingida
            </span>
            </template>
            </div>
            <template v-if="showNotes">
            <div class="add-note-link-container ">
            <div class="add-note">
            <a href="/produto/pao-de-forma-sem-codea-especial-torradas-bimbo-6246546.html?showNote=true" class="ct-add-note-redirect-pdp" aria-label="Adicionar comentário">
            <span class="svg-wrapper svg-icon-notes" style="width:19px; height:20px">
            <svg class="svg-inline icon-notes" viewBox="0 0 28 30" xmlns="http://www.w3.org/2000/svg" width="100%" height="100%"><path d="M21.738 0C22.985 0 24 1.04 24 2.319V12.47c0 .469-.37.848-.828.848-.457 0-.827-.38-.827-.848V2.32c0-.343-.273-.622-.607-.622H2.262c-.334 0-.607.279-.607.622V27.68c0 .343.273.622.607.622h7.81c.457 0 .827.38.827.849 0 .468-.37.848-.827.848h-7.81C1.015 30 0 28.96 0 27.681V2.32C0 1.04 1.015 0 2.262 0h19.476zm2.844 16.004l.227.007c.823.053 1.589.39 2.176.964.64.627.993 1.46.993 2.349 0 .888-.353 1.722-.993 2.348l-6.83 6.665c-.11.108-.247.186-.397.226l-5.032 1.363c-.078.021-.16.032-.241.032-.242 0-.478-.097-.647-.266-.23-.231-.314-.566-.218-.874l1.49-4.798c.044-.139.122-.266.227-.369l6.844-6.677c.64-.625 1.493-.97 2.401-.97zm-2.886 3.94l-4.922 4.802-.947 3.048 3.22-.872 4.897-4.78-2.248-2.197zm2.887-2.174c-.425 0-.824.162-1.124.455l-.484.472 2.248 2.197.484-.472c.62-.606.62-1.591 0-2.197l-.117-.104c-.283-.227-.636-.35-1.007-.35zm-10.839.022c.498 0 .904.396.904.883 0 .488-.406.884-.904.884H5.946c-.499 0-.904-.396-.904-.884 0-.487.405-.883.904-.883zm5.042-4.876c.498 0 .904.397.904.884s-.406.884-.904.884H5.946c-.499 0-.904-.397-.904-.884s.405-.884.904-.884zm0-4.875c.498 0 .904.396.904.884 0 .487-.406.883-.904.883H5.946c-.499 0-.904-.396-.904-.883 0-.488.405-.884.904-.884z" fill="#EB0203" fill-rule="evenodd"></path></svg>
            </span>
            <div class="available-note d-none"></div>
            </a>
            </div>
            </div>
            </template>
            <div class="measurement-unit-section" v-if="isPriceAvailable &amp;&amp; prodUnits ? prodUnits.hasAlternativeUnit : false">
            <div class="ct-form-radio" @click="setDimension">
            <input type="radio" title="" class="ct-form-check-input product-measurement-unit" :data-type="prodUnits.selectedUnit == prodUnits.secondaryUnit ? 'primary' : ''" :id="prodUnits.secondaryUnit + '-' + pid + '-measurement-unit-ptile' + additionalTag" :name="'measurement-unit-' + pid + '-ptile' + additionalTag" :value="prodUnits.secondaryUnit" v-model="prodUnits.selectedUnit">
            <label :class="prodUnits.secondaryUnit + '-label ct-form-check-label mb-0'" :for="prodUnits.secondaryUnit + '-' + pid + '-measurement-unit-ptile' + additionalTag">
            {{prodUnits.secondaryUnit}}
            </label>
            <span class="checkmark"></span>
            </div>
            <div class="ct-form-radio" @click="setDimension">
            <input type="radio" title="" class="ct-form-check-input product-measurement-unit" :data-type="prodUnits.selectedUnit == prodUnits.primaryUnit ? 'primary' : ''" :id="prodUnits.primaryUnit + '-' + pid + '-measurement-unit-ptile' + additionalTag" :name="'measurement-unit-' + pid + '-ptile' + additionalTag" :value="prodUnits.primaryUnit" v-model="prodUnits.selectedUnit">
            <label :class="prodUnits.primaryUnit + '-label ct-form-check-label mb-0'" :for="prodUnits.primaryUnit + '-' + pid + '-measurement-unit-ptile' + additionalTag">
            {{prodUnits.primaryUnit}}
            </label>
            <span class="checkmark"></span>
            </div>
            </div>
            <template v-if="!isPDP &amp;&amp; isPriceAvailable">
            <span class="quantity-error ct-span-error product-max-allocation" v-if="isMaxQtyReached">
            Quantidade máxima atingida
            </span>
            <span class="quantity-error ct-span-product product-allocation" v-if="!isMinQtyReached &amp;&amp; !isMaxQtyReached">
            {{quantitySelected}} no carrinho
            </span>
            <span class="quantity-error ct-span-error product-min-allocation" :data-pid="pid" v-if="isMinQtyReached &amp;&amp; !isMaxQtyReached">
            Quantidade mínima atingida
            </span>
            </template>
            </template>
            </div>
            <input class="quantity-value-mask d-none" name="quantity" type="number" min="0" value="">
            </div>
            <button type="button" class="add-to-cart button js-add-to-cart js-add-to-cart-tile 6246546 button--primary dynamic-layout-btn" data-toggle="modal" data-target="#chooseBonusProductModal" data-pid="6246546" data-quantity-value="null" aria-label="Carrinho">
            <span class="d-block d-sm-none">
            <span class="svg-wrapper svg-icon-cart" style="width:20px; height:20px">
            <svg class="svg-inline icon-cart" xmlns="http://www.w3.org/2000/svg" viewBox="0 0 500 500" width="100%" height="100%"><path fill="#EB0203" fill-rule="evenodd" d="M 485.67317,94.386311 C 476.37798,83.847129 463.09468,78.03348 448.30404,78.03348 H 90.690813 L 87.079511,51.327997 C 83.185582,22.539551 62.962285,0 41.011841,0 H 14.727836 C 6.563151,0 0,6.5286975 0,14.580758 c 0,8.05206 6.5945535,14.580758 14.727836,14.580758 h 26.284005 c 4.710398,0 14.696435,9.855222 16.894619,26.021523 L 100.01739,368.0631 c 1.88416,13.77244 9.01256,26.70549 20.1605,36.37417 8.25889,7.15046 18.02511,11.9071 28.26237,13.89679 -4.17655,7.58572 -6.53175,16.25957 -6.53175,25.493 0,29.53459 24.27424,53.59751 54.13815,53.59751 29.8325,0 54.13814,-24.03184 54.13814,-53.59751 0,-8.79818 -2.19818,-17.09897 -5.9979,-24.43598 h 77.12488 c -3.79973,7.33701 -5.96652,15.6378 -5.96652,24.43598 0,29.53459 24.27424,53.59751 54.13817,53.59751 29.83249,0 54.13814,-24.03184 54.13814,-53.59751 0,-8.79818 -2.1982,-17.09897 -5.9979,-24.43598 h 38.56243 c 8.13328,0 14.72783,-6.5287 14.72783,-14.61183 0,-8.02098 -6.59455,-14.54967 -14.72783,-14.54967 H 159.24277 c -14.38241,0 -28.13677,-11.90711 -30.02092,-26.02153 l -3.07746,-22.88154 h 290.6314 c 14.03698,0 27.94834,-5.28513 39.06488,-14.95381 11.11652,-9.6376 18.27632,-22.57065 20.16048,-36.37417 l 21.10259,-156.78201 c 1.94694,-14.51858 -2.10398,-28.29103 -11.43057,-38.861299 z M 220.76053,443.82706 c 0,13.49265 -11.08513,24.46709 -24.68247,24.46709 -13.62874,0 -24.71387,-10.97444 -24.71387,-24.46709 0,-13.49262 11.08513,-24.43598 24.71387,-24.43598 13.59734,0 24.68247,10.94336 24.68247,24.43598 z m 173.43675,0 c 0,13.49265 -11.08512,24.46709 -24.68245,24.46709 -13.62876,0 -24.71388,-10.97444 -24.71388,-24.46709 0,-13.49262 11.08512,-24.43598 24.71388,-24.43598 13.59733,0 24.68245,10.94336 24.68245,24.43598 z m 73.7648,-314.46558 -21.13397,156.782 c -1.88416,14.11442 -15.63851,26.05261 -30.02091,26.05261 H 122.25046 L 94.616142,107.19499 H 448.33544 c 6.18632,0 11.61896,2.2695 15.23028,6.37326 3.64269,4.13484 5.21283,9.73086 4.39636,15.79323 z"></path></svg>
            </span>
            </span>
            <span class="add-to-cart--text d-none d-sm-block">Carrinho</span>
            </button>
            </div>
            </div>
            </div>
            </div>
            
            <div class="col-12 d-sm-none">
            </div>
            </div>
            </div>
            </div>
            </div>
            <div class="col-12 col-sm-3 col-lg-2 productTile" data-idx="18">
            
            <script type="text/javascript">//<!--
            /* <![CDATA[ */
            (function(){
            try {
                if(window.CQuotient) {
                var cq_params = {};
                
                cq_params.cookieId = window.CQuotient.getCQCookieId();
                cq_params.userId = window.CQuotient.getCQUserId();
                cq_params.emailId = CQuotient.getCQHashedEmail();
                cq_params.loginId = CQuotient.getCQHashedLogin();
                cq_params.accumulate = true;
                cq_params.products = [{
                    id: '6637464',
                    sku: ''
                }];
                cq_params.categoryId = 'padaria-e-pastelaria-padaria-forma';
                cq_params.refinements = '[{\"name\":\"priceMin\",\"value\":\"0.01\"},{\"name\":\"priceMax\",\"value\":\"null\"},{\"name\":\"curr\",\"value\":\"EUR\"},{\"name\":\"Category\",\"value\":\"padaria-e-pastelaria-padaria-forma\"}]';
                cq_params.personalized = 'false';
                cq_params.sortingRule = 'categories top-sellers';
                cq_params.imageUUID = '__UNDEFINED__';
                cq_params.realm = "BDVS";
                cq_params.siteId = "continente";
                cq_params.instanceType = "prd";
                cq_params.queryLocale = "default";
                cq_params.locale = window.CQuotient.locale;
                
                if(window.CQuotient.sendActivity)
                    window.CQuotient.sendActivity(CQuotient.clientId, 'viewCategory', cq_params);
                else
                    window.CQuotient.activities.push({
                        activityType: 'viewCategory',
                        parameters: cq_params
                    });
              }
            } catch(err) {}
            })();
            /* ]]> */
            // -->
            </script>
            <script type="text/javascript">//<!--
            /* <![CDATA[ (viewCategoryProduct-active_data.js) */
            (function(){
            try {
                if (dw.ac) {
                    var search_params = {};
                    search_params.persd = 'false';
                    search_params.refs = '[{\"name\":\"priceMin\",\"value\":\"0.01\"},{\"name\":\"priceMax\",\"value\":\"null\"},{\"name\":\"curr\",\"value\":\"EUR\"},{\"name\":\"Category\",\"value\":\"padaria-e-pastelaria-padaria-forma\"}]';
                    search_params.sort = 'categories top-sellers';
                    search_params.imageUUID = '';
                    search_params.searchID = '79fd584c-cee5-42dd-a07f-04e8467e04c2';
                    search_params.locale = 'default';
                    search_params.queryLocale = 'default';
                    search_params.showProducts = 'true';
                    dw.ac.applyContext({category: "padaria-e-pastelaria-padaria-forma", searchData: search_params});
                    if (typeof dw.ac._scheduleDataSubmission === "function") {
                        dw.ac._scheduleDataSubmission();
                    }
                }
            } catch(err) {}
            })();
            /* ]]> */
            // -->
            </script>
            <script type="text/javascript">//<!--
            /* <![CDATA[ (viewProduct-active_data.js) */
            dw.ac._capture({id: "6637464", type: "searchhit"});
            /* ]]> */
            // -->
            </script>
            <div class="product" data-pid="6637464">
            <div class="product-tile pid-6637464 ct-product-tile-out-of-stock ct-product-tile data-layer-pushed" data-delay-time="3000" data-variants-mapping="[]" data-in-cart-msg="no carrinho" data-one-product-added="Adicionado ao carrinho" data-remove-from-cart-msg="Removido do carrinho" data-stay-open="6000.0" data-product-tile-impression="{&quot;name&quot;:&quot;6637464&quot;,&quot;id&quot;:&quot;6637464&quot;,&quot;price&quot;:1.69,&quot;brand&quot;:&quot;Bimbo&quot;,&quot;category&quot;:[{&quot;category_level_1&quot;:&quot;Padaria e Pastelaria&quot;},{&quot;category_level_2&quot;:&quot;Padaria&quot;},{&quot;category_level_3&quot;:&quot;Pão de Forma e Embalado&quot;}],&quot;variant&quot;:&quot;&quot;}">
            <div class="ct-inner-tile-wrap row no-gutters justify-content-center align-content-start">
            
            <div class="ct-image-container col-4 col-sm" data-confirmation-image="{&quot;url&quot;:&quot;https://www.continente.pt/dw/image/v2/BDVS_PRD/on/demandware.static/-/Sites-col-master-catalog/default/dw54117b1a/images/col/663/6637464-frente.jpg?sw=87&amp;sh=80&quot;,&quot;fallbackimage&quot;:{&quot;url&quot;:&quot;https://www.continente.pt/dw/image/v2/BDVS_PRD/on/demandware.static/Sites-continente-Site/-/default/dw7c42b4da/images/noimagelarge_product.png?sw=87&amp;sh=80&quot;,&quot;title&quot;:&quot;Pão de Forma com Côdea&quot;,&quot;alt&quot;:&quot;Pão de Forma com Côdea&quot;},&quot;title&quot;:&quot;Pão de Forma com Côdea&quot;,&quot;alt&quot;:&quot;Pão de Forma com Côdea&quot;}">
            <a href="https://www.continente.pt/produto/pao-de-forma-com-codea-bimbo-6637464.html?cgid=padaria-e-pastelaria-padaria-forma">
            <picture class="intrinsic intrinsic--square">
            <img class="ct-tile-image lazyloaded" loading="lazy" onerror="this.onerror=null;this.src='/on/demandware.static/Sites-continente-Site/-/default/dw7c42b4da/images/noimagelarge_product.png';" data-src="https://www.continente.pt/dw/image/v2/BDVS_PRD/on/demandware.static/-/Sites-col-master-catalog/default/dw54117b1a/images/col/663/6637464-frente.jpg?sw=280&amp;sh=280" alt="Pão de Forma com Côdea" title="Pão de Forma com Côdea" src="https://www.continente.pt/dw/image/v2/BDVS_PRD/on/demandware.static/-/Sites-col-master-catalog/default/dw54117b1a/images/col/663/6637464-frente.jpg?sw=280&amp;sh=280">
            </picture>
            </a>
            <div class="color-swatches d-flex" style="margin-left: 5px;">
            <div class="swatches d-flex">
            </div>
            </div>
            </div>
            <div class="ct-tile-body col col-sm-auto ">
            <div class="ct-pdp-details">
            <div class="ct-pdp-link">
            <a class="ct-tile--description" href="https://www.continente.pt/produto/pao-de-forma-com-codea-bimbo-6637464.html?cgid=padaria-e-pastelaria-padaria-forma">Pão de Forma com Côdea</a>
            <div class="ct-tile--favorite-top d-sm-none">
            <button class="wishlist-toggler guest-mode inactive button button--tertiary" data-pid="6637464" data-add-url="https://www.continente.pt/on/demandware.store/Sites-continente-Site/default/Wishlist-AddProduct?pid=6637464" data-toggle="tooltip" aria-label="Adicionar aos favoritos " data-original-title="Adicionar aos favoritos" data-placement="top">
            <svg class="active-content" width="100%" height="100%" viewBox="0 0 20 22" fill="none" xmlns="http://www.w3.org/2000/svg">
            <path fill-rule="evenodd" clip-rule="evenodd" d="M0 1.53052C0 0.685236 0.692171 0 1.54601 0H15.0736C15.9274 0 16.6196 0.685235 16.6196 1.53052V13.4064L15.8127 13.922L14.2658 14.2658L12.7189 13.4064L10.6054 14.3818C10.4994 14.2451 10.3327 14.157 10.1452 14.157H6.76329C6.4431 14.157 6.18354 14.414 6.18354 14.731C6.18354 15.0479 6.4431 15.3049 6.76329 15.3049H10.1452C10.2478 15.3049 10.3441 15.2785 10.4277 15.2322L10.3126 16.8439L13.2345 20.2793H1.54601C0.69217 20.2793 0 19.5941 0 18.7488V1.53052ZM6.18354 5.5483C6.18354 5.23132 6.4431 4.97436 6.76329 4.97436H12.3676C12.6878 4.97436 12.9473 5.23132 12.9473 5.5483C12.9473 5.86528 12.6878 6.12224 12.3676 6.12224H6.76329C6.4431 6.12224 6.18354 5.86528 6.18354 5.5483ZM6.76329 11.0961C6.4431 11.0961 6.18354 11.3531 6.18354 11.6701C6.18354 11.987 6.4431 12.244 6.76329 12.244H12.3676C12.6878 12.244 12.9473 11.987 12.9473 11.6701C12.9473 11.3531 12.6878 11.0961 12.3676 11.0961H6.76329ZM6.18354 8.60985C6.18354 8.29287 6.4431 8.03591 6.76329 8.03591H12.3676C12.6878 8.03591 12.9473 8.29287 12.9473 8.60985C12.9473 8.92684 12.6878 9.1838 12.3676 9.1838H6.76329C6.4431 9.1838 6.18354 8.92684 6.18354 8.60985ZM3.67118 5.5483C3.67118 5.23132 3.93075 4.97436 4.25093 4.97436H4.63743C4.95762 4.97436 5.21719 5.23132 5.21719 5.5483C5.21719 5.86528 4.95762 6.12224 4.63743 6.12224H4.25093C3.93075 6.12224 3.67118 5.86528 3.67118 5.5483ZM4.25093 11.0961C3.93075 11.0961 3.67118 11.3531 3.67118 11.6701C3.67118 11.987 3.93075 12.244 4.25093 12.244H4.63743C4.95762 12.244 5.21719 11.987 5.21719 11.6701C5.21719 11.3531 4.95762 11.0961 4.63743 11.0961H4.25093ZM3.67118 8.60985C3.67118 8.29287 3.93075 8.03591 4.25093 8.03591H4.63743C4.95762 8.03591 5.21719 8.29287 5.21719 8.60985C5.21719 8.92684 4.95762 9.1838 4.63743 9.1838H4.25093C3.93075 9.1838 3.67118 8.92684 3.67118 8.60985ZM4.25093 14.157C3.93075 14.157 3.67118 14.414 3.67118 14.731C3.67118 15.0479 3.93075 15.3049 4.25093 15.3049H4.63743C4.95762 15.3049 5.21719 15.0479 5.21719 14.731C5.21719 14.414 4.95762 14.157 4.63743 14.157H4.25093Z" fill="#EB0203"></path>
            <path fill-rule="evenodd" clip-rule="evenodd" d="M14.6252 13.6363C13.4918 12.6215 11.7817 12.5264 10.6569 13.4792C9.12421 14.7764 9.34841 16.8912 10.4409 18.0122L14.0159 21.6742C14.2197 21.8832 14.4928 22 14.7822 22C15.0737 22 15.3448 21.8852 15.5486 21.6762L19.1236 18.0142C20.214 16.8933 20.4423 14.7785 18.9075 13.4792C17.7827 12.5283 16.0724 12.6217 14.9391 13.6365C14.8855 13.6845 14.8331 13.7345 14.7822 13.7866C14.7313 13.7345 14.6789 13.6843 14.6252 13.6363ZM18.1546 14.3522C19.0973 15.1508 18.9962 16.4896 18.2891 17.2173C18.2888 17.2175 18.2886 17.2177 18.2884 17.218L14.7832 20.8084L11.2753 17.2151C11.2752 17.215 11.2751 17.2149 11.2749 17.2148C10.5677 16.4887 10.4678 15.1495 11.4104 14.3518L11.4108 14.3514C12.0745 13.7892 13.2018 13.82 13.9488 14.5846L14.7822 15.4378L15.6157 14.5846C16.3617 13.8211 17.4896 13.79 18.1545 14.3521" fill="#EB0203"></path>
            </svg>
            <svg class="inactive-content" width="100%" height="100%" viewBox="0 0 20 23" fill="none" xmlns="http://www.w3.org/2000/svg">
            <path fill-rule="evenodd" clip-rule="evenodd" d="M6.18408 5.77914C6.18408 5.46223 6.44363 5.20532 6.7638 5.20532H12.3678C12.6879 5.20532 12.9475 5.46223 12.9475 5.77914C12.9475 6.09606 12.6879 6.35297 12.3678 6.35297H6.7638C6.44363 6.35297 6.18408 6.09606 6.18408 5.77914Z" fill="#EB0203"></path>
            <path fill-rule="evenodd" clip-rule="evenodd" d="M6.18408 11.9034C6.18408 11.5865 6.44363 11.3296 6.7638 11.3296H12.3678C12.6879 11.3296 12.9475 11.5865 12.9475 11.9034C12.9475 12.2202 12.6879 12.4771 12.3678 12.4771H6.7638C6.44363 12.4771 6.18408 12.2202 6.18408 11.9034Z" fill="#EB0203"></path>
            <path fill-rule="evenodd" clip-rule="evenodd" d="M6.18408 8.84116C6.18408 8.52424 6.44363 8.26733 6.7638 8.26733H12.3678C12.6879 8.26733 12.9475 8.52424 12.9475 8.84116C12.9475 9.15807 12.6879 9.41498 12.3678 9.41498H6.7638C6.44363 9.41498 6.18408 9.15807 6.18408 8.84116Z" fill="#EB0203"></path>
            <path fill-rule="evenodd" clip-rule="evenodd" d="M6.18408 14.9655C6.18408 14.6486 6.44363 14.3917 6.7638 14.3917H10.1455C10.4657 14.3917 10.7252 14.6486 10.7252 14.9655C10.7252 15.2825 10.4657 15.5394 10.1455 15.5394H6.7638C6.44363 15.5394 6.18408 15.2825 6.18408 14.9655Z" fill="#EB0203"></path>
            <path fill-rule="evenodd" clip-rule="evenodd" d="M3.67139 5.77914C3.67139 5.46223 3.93094 5.20532 4.25111 5.20532H4.63759C4.95776 5.20532 5.21731 5.46223 5.21731 5.77914C5.21731 6.09606 4.95776 6.35297 4.63759 6.35297H4.25111C3.93094 6.35297 3.67139 6.09606 3.67139 5.77914Z" fill="#EB0203"></path>
            <path fill-rule="evenodd" clip-rule="evenodd" d="M3.67139 11.9034C3.67139 11.5865 3.93094 11.3296 4.25111 11.3296H4.63759C4.95776 11.3296 5.21731 11.5865 5.21731 11.9034C5.21731 12.2202 4.95776 12.4771 4.63759 12.4771H4.25111C3.93094 12.4771 3.67139 12.2202 3.67139 11.9034Z" fill="#EB0203"></path>
            <path fill-rule="evenodd" clip-rule="evenodd" d="M3.67139 8.84116C3.67139 8.52424 3.93094 8.26733 4.25111 8.26733H4.63759C4.95776 8.26733 5.21731 8.52424 5.21731 8.84116C5.21731 9.15807 4.95776 9.41498 4.63759 9.41498H4.25111C3.93094 9.41498 3.67139 9.15807 3.67139 8.84116Z" fill="#EB0203"></path>
            <path fill-rule="evenodd" clip-rule="evenodd" d="M3.67139 14.9655C3.67139 14.6486 3.93094 14.3917 4.25111 14.3917H4.63759C4.95776 14.3917 5.21731 14.6486 5.21731 14.9655C5.21731 15.2825 4.95776 15.5394 4.63759 15.5394H4.25111C3.93094 15.5394 3.67139 15.2825 3.67139 14.9655Z" fill="#EB0203"></path>
            <path fill-rule="evenodd" clip-rule="evenodd" d="M0 1.76033C0 0.914738 0.692131 0.229248 1.54592 0.229248H15.0727C15.9265 0.229248 16.6186 0.914738 16.6186 1.76033V11.2818C16.6186 11.5989 16.3591 11.8559 16.0389 11.8559C15.7187 11.8559 15.4592 11.5989 15.4592 11.2818V1.76033C15.4592 1.54893 15.2862 1.37756 15.0727 1.37756H1.54592C1.33247 1.37756 1.15944 1.54893 1.15944 1.76033V18.985C1.15944 19.1964 1.33247 19.3678 1.54592 19.3678H9.27551C9.59568 19.3678 9.85523 19.6249 9.85523 19.942C9.85523 20.2591 9.59568 20.5161 9.27551 20.5161H1.54592C0.692131 20.5161 0 19.8306 0 18.985V1.76033Z" fill="#EB0203"></path>
            <path fill-rule="evenodd" clip-rule="evenodd" d="M14.6254 13.8718C13.4921 12.8567 11.7821 12.7615 10.6574 13.7147C9.12472 15.0124 9.34891 17.128 10.4413 18.2493L14.0161 21.9126C14.2199 22.1217 14.493 22.2386 14.7824 22.2386C15.0739 22.2386 15.3449 22.1238 15.5487 21.9147L19.1235 18.2514C20.2139 17.13 20.4422 15.0144 18.9075 13.7147C17.7827 12.7634 16.0726 12.8569 14.9392 13.872C14.8856 13.92 14.8333 13.9701 14.7824 14.0222C14.7314 13.97 14.6791 13.9199 14.6254 13.8718ZM18.1546 14.588C19.0972 15.3869 18.9961 16.7262 18.2891 17.4541C18.2888 17.4543 18.2886 17.4546 18.2884 17.4548L14.7834 21.0466L11.2757 17.452C11.2756 17.4519 11.2755 17.4517 11.2753 17.4516C10.5681 16.7252 10.4682 15.3856 11.4108 14.5876L11.4112 14.5872C12.0748 14.0248 13.202 14.0556 13.949 14.8205L14.7824 15.674L15.6158 14.8205C16.3618 14.0567 17.4896 14.0256 18.1545 14.5879" fill="#EB0203"></path>
            </svg>
            </button>
            </div>
            </div>
            <p class="ct-tile--brand">Bimbo</p>
            <p class="ct-tile--quantity">emb. 375 gr</p>
            </div>
            <div class="ct-tile-bottom row no-gutters justify-content-between">
            <div class="ct-price-wrap col-8 col-sm-12">
            <div class="price js-product-price">
            <div class="prices-wrapper">
            
            <span class="sales ct-tile--price-primary ">
            <span class="value" content="1.69">
            <span class="ct-price-formatted">
            €1,69
            </span>
            <span class="ct-m-unit">
            /un
            </span>
            </span>
            </span>
            </div>
            <div class="ct-tile--price-secondary">
            <span class="ct-price-value">
            €4,51
            </span>
            <span class="ct-m-unit">
            /kg
            </span>
            </div>
            </div>
            </div>
            <div class="ct-tile-buy-section d-flex justify-content-center no-gutters col-auto col-sm-12">
            <div class="col-2 d-sm-flex d-none">
            <button class="wishlist-toggler guest-mode inactive button button--tertiary" data-pid="6637464" data-add-url="https://www.continente.pt/on/demandware.store/Sites-continente-Site/default/Wishlist-AddProduct?pid=6637464" data-toggle="tooltip" aria-label="Adicionar aos favoritos " data-original-title="Adicionar aos favoritos" data-placement="top">
            <svg class="active-content" width="100%" height="100%" viewBox="0 0 20 22" fill="none" xmlns="http://www.w3.org/2000/svg">
            <path fill-rule="evenodd" clip-rule="evenodd" d="M0 1.53052C0 0.685236 0.692171 0 1.54601 0H15.0736C15.9274 0 16.6196 0.685235 16.6196 1.53052V13.4064L15.8127 13.922L14.2658 14.2658L12.7189 13.4064L10.6054 14.3818C10.4994 14.2451 10.3327 14.157 10.1452 14.157H6.76329C6.4431 14.157 6.18354 14.414 6.18354 14.731C6.18354 15.0479 6.4431 15.3049 6.76329 15.3049H10.1452C10.2478 15.3049 10.3441 15.2785 10.4277 15.2322L10.3126 16.8439L13.2345 20.2793H1.54601C0.69217 20.2793 0 19.5941 0 18.7488V1.53052ZM6.18354 5.5483C6.18354 5.23132 6.4431 4.97436 6.76329 4.97436H12.3676C12.6878 4.97436 12.9473 5.23132 12.9473 5.5483C12.9473 5.86528 12.6878 6.12224 12.3676 6.12224H6.76329C6.4431 6.12224 6.18354 5.86528 6.18354 5.5483ZM6.76329 11.0961C6.4431 11.0961 6.18354 11.3531 6.18354 11.6701C6.18354 11.987 6.4431 12.244 6.76329 12.244H12.3676C12.6878 12.244 12.9473 11.987 12.9473 11.6701C12.9473 11.3531 12.6878 11.0961 12.3676 11.0961H6.76329ZM6.18354 8.60985C6.18354 8.29287 6.4431 8.03591 6.76329 8.03591H12.3676C12.6878 8.03591 12.9473 8.29287 12.9473 8.60985C12.9473 8.92684 12.6878 9.1838 12.3676 9.1838H6.76329C6.4431 9.1838 6.18354 8.92684 6.18354 8.60985ZM3.67118 5.5483C3.67118 5.23132 3.93075 4.97436 4.25093 4.97436H4.63743C4.95762 4.97436 5.21719 5.23132 5.21719 5.5483C5.21719 5.86528 4.95762 6.12224 4.63743 6.12224H4.25093C3.93075 6.12224 3.67118 5.86528 3.67118 5.5483ZM4.25093 11.0961C3.93075 11.0961 3.67118 11.3531 3.67118 11.6701C3.67118 11.987 3.93075 12.244 4.25093 12.244H4.63743C4.95762 12.244 5.21719 11.987 5.21719 11.6701C5.21719 11.3531 4.95762 11.0961 4.63743 11.0961H4.25093ZM3.67118 8.60985C3.67118 8.29287 3.93075 8.03591 4.25093 8.03591H4.63743C4.95762 8.03591 5.21719 8.29287 5.21719 8.60985C5.21719 8.92684 4.95762 9.1838 4.63743 9.1838H4.25093C3.93075 9.1838 3.67118 8.92684 3.67118 8.60985ZM4.25093 14.157C3.93075 14.157 3.67118 14.414 3.67118 14.731C3.67118 15.0479 3.93075 15.3049 4.25093 15.3049H4.63743C4.95762 15.3049 5.21719 15.0479 5.21719 14.731C5.21719 14.414 4.95762 14.157 4.63743 14.157H4.25093Z" fill="#EB0203"></path>
            <path fill-rule="evenodd" clip-rule="evenodd" d="M14.6252 13.6363C13.4918 12.6215 11.7817 12.5264 10.6569 13.4792C9.12421 14.7764 9.34841 16.8912 10.4409 18.0122L14.0159 21.6742C14.2197 21.8832 14.4928 22 14.7822 22C15.0737 22 15.3448 21.8852 15.5486 21.6762L19.1236 18.0142C20.214 16.8933 20.4423 14.7785 18.9075 13.4792C17.7827 12.5283 16.0724 12.6217 14.9391 13.6365C14.8855 13.6845 14.8331 13.7345 14.7822 13.7866C14.7313 13.7345 14.6789 13.6843 14.6252 13.6363ZM18.1546 14.3522C19.0973 15.1508 18.9962 16.4896 18.2891 17.2173C18.2888 17.2175 18.2886 17.2177 18.2884 17.218L14.7832 20.8084L11.2753 17.2151C11.2752 17.215 11.2751 17.2149 11.2749 17.2148C10.5677 16.4887 10.4678 15.1495 11.4104 14.3518L11.4108 14.3514C12.0745 13.7892 13.2018 13.82 13.9488 14.5846L14.7822 15.4378L15.6157 14.5846C16.3617 13.8211 17.4896 13.79 18.1545 14.3521" fill="#EB0203"></path>
            </svg>
            <svg class="inactive-content" width="100%" height="100%" viewBox="0 0 20 23" fill="none" xmlns="http://www.w3.org/2000/svg">
            <path fill-rule="evenodd" clip-rule="evenodd" d="M6.18408 5.77914C6.18408 5.46223 6.44363 5.20532 6.7638 5.20532H12.3678C12.6879 5.20532 12.9475 5.46223 12.9475 5.77914C12.9475 6.09606 12.6879 6.35297 12.3678 6.35297H6.7638C6.44363 6.35297 6.18408 6.09606 6.18408 5.77914Z" fill="#EB0203"></path>
            <path fill-rule="evenodd" clip-rule="evenodd" d="M6.18408 11.9034C6.18408 11.5865 6.44363 11.3296 6.7638 11.3296H12.3678C12.6879 11.3296 12.9475 11.5865 12.9475 11.9034C12.9475 12.2202 12.6879 12.4771 12.3678 12.4771H6.7638C6.44363 12.4771 6.18408 12.2202 6.18408 11.9034Z" fill="#EB0203"></path>
            <path fill-rule="evenodd" clip-rule="evenodd" d="M6.18408 8.84116C6.18408 8.52424 6.44363 8.26733 6.7638 8.26733H12.3678C12.6879 8.26733 12.9475 8.52424 12.9475 8.84116C12.9475 9.15807 12.6879 9.41498 12.3678 9.41498H6.7638C6.44363 9.41498 6.18408 9.15807 6.18408 8.84116Z" fill="#EB0203"></path>
            <path fill-rule="evenodd" clip-rule="evenodd" d="M6.18408 14.9655C6.18408 14.6486 6.44363 14.3917 6.7638 14.3917H10.1455C10.4657 14.3917 10.7252 14.6486 10.7252 14.9655C10.7252 15.2825 10.4657 15.5394 10.1455 15.5394H6.7638C6.44363 15.5394 6.18408 15.2825 6.18408 14.9655Z" fill="#EB0203"></path>
            <path fill-rule="evenodd" clip-rule="evenodd" d="M3.67139 5.77914C3.67139 5.46223 3.93094 5.20532 4.25111 5.20532H4.63759C4.95776 5.20532 5.21731 5.46223 5.21731 5.77914C5.21731 6.09606 4.95776 6.35297 4.63759 6.35297H4.25111C3.93094 6.35297 3.67139 6.09606 3.67139 5.77914Z" fill="#EB0203"></path>
            <path fill-rule="evenodd" clip-rule="evenodd" d="M3.67139 11.9034C3.67139 11.5865 3.93094 11.3296 4.25111 11.3296H4.63759C4.95776 11.3296 5.21731 11.5865 5.21731 11.9034C5.21731 12.2202 4.95776 12.4771 4.63759 12.4771H4.25111C3.93094 12.4771 3.67139 12.2202 3.67139 11.9034Z" fill="#EB0203"></path>
            <path fill-rule="evenodd" clip-rule="evenodd" d="M3.67139 8.84116C3.67139 8.52424 3.93094 8.26733 4.25111 8.26733H4.63759C4.95776 8.26733 5.21731 8.52424 5.21731 8.84116C5.21731 9.15807 4.95776 9.41498 4.63759 9.41498H4.25111C3.93094 9.41498 3.67139 9.15807 3.67139 8.84116Z" fill="#EB0203"></path>
            <path fill-rule="evenodd" clip-rule="evenodd" d="M3.67139 14.9655C3.67139 14.6486 3.93094 14.3917 4.25111 14.3917H4.63759C4.95776 14.3917 5.21731 14.6486 5.21731 14.9655C5.21731 15.2825 4.95776 15.5394 4.63759 15.5394H4.25111C3.93094 15.5394 3.67139 15.2825 3.67139 14.9655Z" fill="#EB0203"></path>
            <path fill-rule="evenodd" clip-rule="evenodd" d="M0 1.76033C0 0.914738 0.692131 0.229248 1.54592 0.229248H15.0727C15.9265 0.229248 16.6186 0.914738 16.6186 1.76033V11.2818C16.6186 11.5989 16.3591 11.8559 16.0389 11.8559C15.7187 11.8559 15.4592 11.5989 15.4592 11.2818V1.76033C15.4592 1.54893 15.2862 1.37756 15.0727 1.37756H1.54592C1.33247 1.37756 1.15944 1.54893 1.15944 1.76033V18.985C1.15944 19.1964 1.33247 19.3678 1.54592 19.3678H9.27551C9.59568 19.3678 9.85523 19.6249 9.85523 19.942C9.85523 20.2591 9.59568 20.5161 9.27551 20.5161H1.54592C0.692131 20.5161 0 19.8306 0 18.985V1.76033Z" fill="#EB0203"></path>
            <path fill-rule="evenodd" clip-rule="evenodd" d="M14.6254 13.8718C13.4921 12.8567 11.7821 12.7615 10.6574 13.7147C9.12472 15.0124 9.34891 17.128 10.4413 18.2493L14.0161 21.9126C14.2199 22.1217 14.493 22.2386 14.7824 22.2386C15.0739 22.2386 15.3449 22.1238 15.5487 21.9147L19.1235 18.2514C20.2139 17.13 20.4422 15.0144 18.9075 13.7147C17.7827 12.7634 16.0726 12.8569 14.9392 13.872C14.8856 13.92 14.8333 13.9701 14.7824 14.0222C14.7314 13.97 14.6791 13.9199 14.6254 13.8718ZM18.1546 14.588C19.0972 15.3869 18.9961 16.7262 18.2891 17.4541C18.2888 17.4543 18.2886 17.4546 18.2884 17.4548L14.7834 21.0466L11.2757 17.452C11.2756 17.4519 11.2755 17.4517 11.2753 17.4516C10.5681 16.7252 10.4682 15.3856 11.4108 14.5876L11.4112 14.5872C12.0748 14.0248 13.202 14.0556 13.949 14.8205L14.7824 15.674L15.6158 14.8205C16.3618 14.0567 17.4896 14.0256 18.1545 14.5879" fill="#EB0203"></path>
            </svg>
            </button>
            </div>
            <div class="col-sm-10 col-12">
            <div class="ct-tile-quantity d-none" data-pid="6637464">
            <input type="hidden" class="add-to-cart-url" value="https://www.continente.pt/on/demandware.store/Sites-continente-Site/default/Cart-AddProduct">
            <div class="d-none tile-delete-confirmation-btn" data-pid="6637464" data-delay-time="3000" data-in-cart-msg="no carrinho" data-one-product-added="Adicionado ao carrinho" data-remove-from-cart-msg="Removido do carrinho" data-stay-open="6000.0" data-confirmation-image="{&quot;url&quot;:&quot;https://www.continente.pt/dw/image/v2/BDVS_PRD/on/demandware.static/-/Sites-col-master-catalog/default/dw54117b1a/images/col/663/6637464-frente.jpg?sw=87&amp;sh=80&quot;,&quot;fallbackimage&quot;:{&quot;url&quot;:&quot;https://www.continente.pt/dw/image/v2/BDVS_PRD/on/demandware.static/Sites-continente-Site/-/default/dw7c42b4da/images/noimagelarge_product.png?sw=87&amp;sh=80&quot;,&quot;title&quot;:&quot;Pão de Forma com Côdea&quot;,&quot;alt&quot;:&quot;Pão de Forma com Côdea&quot;},&quot;title&quot;:&quot;Pão de Forma com Côdea&quot;,&quot;alt&quot;:&quot;Pão de Forma com Côdea&quot;}"></div>
            <div class="ct-tile-quantity-update quantity-update product-qty-vue" data-remove-action="https://www.continente.pt/on/demandware.store/Sites-continente-Site/default/Cart-RemoveProductLineItem" data-action="https://www.continente.pt/on/demandware.store/Sites-continente-Site/default/Cart-UpdateQuantity" data-dimension-update="https://www.continente.pt/on/demandware.store/Sites-continente-Site/default/Cart-DimensionUpdate" data-pid="6637464" data-uuid="e6124f46b2c721322ab8122ed9" data-add-delay="500.0" data-measure-options="{&quot;hasConversionRate&quot;:false,&quot;hasAlternativeSaleUnit&quot;:false,&quot;unitConversionRate&quot;:0,&quot;minOrderQuantity&quot;:1,&quot;stepQuantity&quot;:1,&quot;primaryunit&quot;:&quot;un&quot;,&quot;secondaryunit&quot;:&quot;kg&quot;,&quot;selectedunit&quot;:&quot;primary&quot;,&quot;maxNumberOfUnitsPerSale&quot;:50}" data-price-available="null" :data-has-error="isMaxQtyReached || isMinQtyReached || qtySelectedMoreThanOne">
            <template v-show="prodUnits">
            <div class="quantity-input-wrapper has-units">
            <label class="visually-hidden" :for="'quantity-' + pid + additionalTag">
            Quantidade no carrinho
            </label>
            <input :ref="'quantityInput-' + pid + additionalTag" class="add-to-cart-quantity form-control ct-form-input text-center" inputmode="numeric" :class="{'is-invalid': isInvalid}" :data-pid="pid + additionalTag" :name="'quantity-' + pid + additionalTag" type="text" aria-label="Insira a quantidade" title="" v-model="displayValue" @change="updateQuantity" @focus="updateQtyFormat" @blur="restoreQtyFormat" :disabled="!isPriceAvailable">
            <span class="quantity-icon quantity-icon--minus">
            <button class="decrease-quantity-btn" @click="updateQuantity" :disabled="!isPriceAvailable" role="button" aria-label="Reduzir quantidade">
            <i class="css-math-minus"></i>
            </button>
            </span>
            <span class="quantity-icon quantity-icon--plus">
            <button class="increase-quantity-btn" @click="updateQuantity" :disabled="isMaxQtyReached || !isPriceAvailable" role="button" aria-label="Aumentar quantidade">
            <i class="css-math-plus"></i>
            </button>
            <span class="quantity-btn-disabled-placeholder"></span>
            </span>
            <template v-if="isPDP">
            <span class="quantity-error ct-span-error text-sm-center product-max-allocation" v-if="isMaxQtyReached">
            Quantidade máxima atingida
            </span>
            <span class="quantity-error ct-span-product text-sm-center product-allocation" v-if="!isMinQtyReached &amp;&amp; !isMaxQtyReached">
            {{quantitySelected}} no carrinho
            </span>
            <span class="quantity-error ct-span-error text-sm-center product-min-allocation" :data-pid="pid" v-if="isMinQtyReached &amp;&amp; !isMaxQtyReached">
            Quantidade mínima atingida
            </span>
            </template>
            </div>
            <template v-if="showNotes">
            <div class="add-note-link-container ">
            <div class="add-note">
            <a href="/produto/pao-de-forma-com-codea-bimbo-6637464.html?showNote=true" class="ct-add-note-redirect-pdp" aria-label="Adicionar comentário">
            <span class="svg-wrapper svg-icon-notes" style="width:19px; height:20px">
            <svg class="svg-inline icon-notes" viewBox="0 0 28 30" xmlns="http://www.w3.org/2000/svg" width="100%" height="100%"><path d="M21.738 0C22.985 0 24 1.04 24 2.319V12.47c0 .469-.37.848-.828.848-.457 0-.827-.38-.827-.848V2.32c0-.343-.273-.622-.607-.622H2.262c-.334 0-.607.279-.607.622V27.68c0 .343.273.622.607.622h7.81c.457 0 .827.38.827.849 0 .468-.37.848-.827.848h-7.81C1.015 30 0 28.96 0 27.681V2.32C0 1.04 1.015 0 2.262 0h19.476zm2.844 16.004l.227.007c.823.053 1.589.39 2.176.964.64.627.993 1.46.993 2.349 0 .888-.353 1.722-.993 2.348l-6.83 6.665c-.11.108-.247.186-.397.226l-5.032 1.363c-.078.021-.16.032-.241.032-.242 0-.478-.097-.647-.266-.23-.231-.314-.566-.218-.874l1.49-4.798c.044-.139.122-.266.227-.369l6.844-6.677c.64-.625 1.493-.97 2.401-.97zm-2.886 3.94l-4.922 4.802-.947 3.048 3.22-.872 4.897-4.78-2.248-2.197zm2.887-2.174c-.425 0-.824.162-1.124.455l-.484.472 2.248 2.197.484-.472c.62-.606.62-1.591 0-2.197l-.117-.104c-.283-.227-.636-.35-1.007-.35zm-10.839.022c.498 0 .904.396.904.883 0 .488-.406.884-.904.884H5.946c-.499 0-.904-.396-.904-.884 0-.487.405-.883.904-.883zm5.042-4.876c.498 0 .904.397.904.884s-.406.884-.904.884H5.946c-.499 0-.904-.397-.904-.884s.405-.884.904-.884zm0-4.875c.498 0 .904.396.904.884 0 .487-.406.883-.904.883H5.946c-.499 0-.904-.396-.904-.883 0-.488.405-.884.904-.884z" fill="#EB0203" fill-rule="evenodd"></path></svg>
            </span>
            <div class="available-note d-none"></div>
            </a>
            </div>
            </div>
            </template>
            <div class="measurement-unit-section" v-if="isPriceAvailable &amp;&amp; prodUnits ? prodUnits.hasAlternativeUnit : false">
            <div class="ct-form-radio" @click="setDimension">
            <input type="radio" title="" class="ct-form-check-input product-measurement-unit" :data-type="prodUnits.selectedUnit == prodUnits.secondaryUnit ? 'primary' : ''" :id="prodUnits.secondaryUnit + '-' + pid + '-measurement-unit-ptile' + additionalTag" :name="'measurement-unit-' + pid + '-ptile' + additionalTag" :value="prodUnits.secondaryUnit" v-model="prodUnits.selectedUnit">
            <label :class="prodUnits.secondaryUnit + '-label ct-form-check-label mb-0'" :for="prodUnits.secondaryUnit + '-' + pid + '-measurement-unit-ptile' + additionalTag">
            {{prodUnits.secondaryUnit}}
            </label>
            <span class="checkmark"></span>
            </div>
            <div class="ct-form-radio" @click="setDimension">
            <input type="radio" title="" class="ct-form-check-input product-measurement-unit" :data-type="prodUnits.selectedUnit == prodUnits.primaryUnit ? 'primary' : ''" :id="prodUnits.primaryUnit + '-' + pid + '-measurement-unit-ptile' + additionalTag" :name="'measurement-unit-' + pid + '-ptile' + additionalTag" :value="prodUnits.primaryUnit" v-model="prodUnits.selectedUnit">
            <label :class="prodUnits.primaryUnit + '-label ct-form-check-label mb-0'" :for="prodUnits.primaryUnit + '-' + pid + '-measurement-unit-ptile' + additionalTag">
            {{prodUnits.primaryUnit}}
            </label>
            <span class="checkmark"></span>
            </div>
            </div>
            <template v-if="!isPDP &amp;&amp; isPriceAvailable">
            <span class="quantity-error ct-span-error product-max-allocation" v-if="isMaxQtyReached">
            Quantidade máxima atingida
            </span>
            <span class="quantity-error ct-span-product product-allocation" v-if="!isMinQtyReached &amp;&amp; !isMaxQtyReached">
            {{quantitySelected}} no carrinho
            </span>
            <span class="quantity-error ct-span-error product-min-allocation" :data-pid="pid" v-if="isMinQtyReached &amp;&amp; !isMaxQtyReached">
            Quantidade mínima atingida
            </span>
            </template>
            </template>
            </div>
            <input class="quantity-value-mask d-none" name="quantity" type="number" min="0" value="">
            </div>
            <button type="button" class="add-to-cart button js-add-to-cart js-add-to-cart-tile 6637464 button--primary-inactive dynamic-layout-btn" data-toggle="modal" data-target="#chooseBonusProductModal" disabled="" data-pid="6637464" data-quantity-value="null" aria-label="Carrinho">
            <span class="d-block d-sm-none">
            <span class="svg-wrapper svg-icon-cart" style="width:20px; height:20px">
            <svg class="svg-inline icon-cart" xmlns="http://www.w3.org/2000/svg" viewBox="0 0 500 500" width="100%" height="100%"><path fill="#EB0203" fill-rule="evenodd" d="M 485.67317,94.386311 C 476.37798,83.847129 463.09468,78.03348 448.30404,78.03348 H 90.690813 L 87.079511,51.327997 C 83.185582,22.539551 62.962285,0 41.011841,0 H 14.727836 C 6.563151,0 0,6.5286975 0,14.580758 c 0,8.05206 6.5945535,14.580758 14.727836,14.580758 h 26.284005 c 4.710398,0 14.696435,9.855222 16.894619,26.021523 L 100.01739,368.0631 c 1.88416,13.77244 9.01256,26.70549 20.1605,36.37417 8.25889,7.15046 18.02511,11.9071 28.26237,13.89679 -4.17655,7.58572 -6.53175,16.25957 -6.53175,25.493 0,29.53459 24.27424,53.59751 54.13815,53.59751 29.8325,0 54.13814,-24.03184 54.13814,-53.59751 0,-8.79818 -2.19818,-17.09897 -5.9979,-24.43598 h 77.12488 c -3.79973,7.33701 -5.96652,15.6378 -5.96652,24.43598 0,29.53459 24.27424,53.59751 54.13817,53.59751 29.83249,0 54.13814,-24.03184 54.13814,-53.59751 0,-8.79818 -2.1982,-17.09897 -5.9979,-24.43598 h 38.56243 c 8.13328,0 14.72783,-6.5287 14.72783,-14.61183 0,-8.02098 -6.59455,-14.54967 -14.72783,-14.54967 H 159.24277 c -14.38241,0 -28.13677,-11.90711 -30.02092,-26.02153 l -3.07746,-22.88154 h 290.6314 c 14.03698,0 27.94834,-5.28513 39.06488,-14.95381 11.11652,-9.6376 18.27632,-22.57065 20.16048,-36.37417 l 21.10259,-156.78201 c 1.94694,-14.51858 -2.10398,-28.29103 -11.43057,-38.861299 z M 220.76053,443.82706 c 0,13.49265 -11.08513,24.46709 -24.68247,24.46709 -13.62874,0 -24.71387,-10.97444 -24.71387,-24.46709 0,-13.49262 11.08513,-24.43598 24.71387,-24.43598 13.59734,0 24.68247,10.94336 24.68247,24.43598 z m 173.43675,0 c 0,13.49265 -11.08512,24.46709 -24.68245,24.46709 -13.62876,0 -24.71388,-10.97444 -24.71388,-24.46709 0,-13.49262 11.08512,-24.43598 24.71388,-24.43598 13.59733,0 24.68245,10.94336 24.68245,24.43598 z m 73.7648,-314.46558 -21.13397,156.782 c -1.88416,14.11442 -15.63851,26.05261 -30.02091,26.05261 H 122.25046 L 94.616142,107.19499 H 448.33544 c 6.18632,0 11.61896,2.2695 15.23028,6.37326 3.64269,4.13484 5.21283,9.73086 4.39636,15.79323 z"></path></svg>
            </span>
            </span>
            <span class="add-to-cart--text d-none d-sm-block">Indisponível</span>
            </button>
            </div>
            </div>
            </div>
            </div>
            
            <div class="col-12 d-sm-none">
            </div>
            </div>
            </div>
            </div>
            </div>
            <div class="col-12 col-sm-3 col-lg-2 productTile" data-idx="19">
            
            <script type="text/javascript">//<!--
            /* <![CDATA[ */
            (function(){
            try {
                if(window.CQuotient) {
                var cq_params = {};
                
                cq_params.cookieId = window.CQuotient.getCQCookieId();
                cq_params.userId = window.CQuotient.getCQUserId();
                cq_params.emailId = CQuotient.getCQHashedEmail();
                cq_params.loginId = CQuotient.getCQHashedLogin();
                cq_params.accumulate = true;
                cq_params.products = [{
                    id: '7157939',
                    sku: ''
                }];
                cq_params.categoryId = 'padaria-e-pastelaria-padaria-forma';
                cq_params.refinements = '[{\"name\":\"priceMin\",\"value\":\"0.01\"},{\"name\":\"priceMax\",\"value\":\"null\"},{\"name\":\"curr\",\"value\":\"EUR\"},{\"name\":\"Category\",\"value\":\"padaria-e-pastelaria-padaria-forma\"}]';
                cq_params.personalized = 'false';
                cq_params.sortingRule = 'categories top-sellers';
                cq_params.imageUUID = '__UNDEFINED__';
                cq_params.realm = "BDVS";
                cq_params.siteId = "continente";
                cq_params.instanceType = "prd";
                cq_params.queryLocale = "default";
                cq_params.locale = window.CQuotient.locale;
                
                if(window.CQuotient.sendActivity)
                    window.CQuotient.sendActivity(CQuotient.clientId, 'viewCategory', cq_params);
                else
                    window.CQuotient.activities.push({
                        activityType: 'viewCategory',
                        parameters: cq_params
                    });
              }
            } catch(err) {}
            })();
            /* ]]> */
            // -->
            </script>
            <script type="text/javascript">//<!--
            /* <![CDATA[ (viewCategoryProduct-active_data.js) */
            (function(){
            try {
                if (dw.ac) {
                    var search_params = {};
                    search_params.persd = 'false';
                    search_params.refs = '[{\"name\":\"priceMin\",\"value\":\"0.01\"},{\"name\":\"priceMax\",\"value\":\"null\"},{\"name\":\"curr\",\"value\":\"EUR\"},{\"name\":\"Category\",\"value\":\"padaria-e-pastelaria-padaria-forma\"}]';
                    search_params.sort = 'categories top-sellers';
                    search_params.imageUUID = '';
                    search_params.searchID = '79fd584c-cee5-42dd-a07f-04e8467e04c2';
                    search_params.locale = 'default';
                    search_params.queryLocale = 'default';
                    search_params.showProducts = 'true';
                    dw.ac.applyContext({category: "padaria-e-pastelaria-padaria-forma", searchData: search_params});
                    if (typeof dw.ac._scheduleDataSubmission === "function") {
                        dw.ac._scheduleDataSubmission();
                    }
                }
            } catch(err) {}
            })();
            /* ]]> */
            // -->
            </script>
            <script type="text/javascript">//<!--
            /* <![CDATA[ (viewProduct-active_data.js) */
            dw.ac._capture({id: "7157939", type: "searchhit"});
            /* ]]> */
            // -->
            </script>
            <div class="product" data-pid="7157939">
            <div class="product-tile pid-7157939 ct-product-tile data-layer-pushed" data-delay-time="3000" data-variants-mapping="[]" data-in-cart-msg="no carrinho" data-one-product-added="Adicionado ao carrinho" data-remove-from-cart-msg="Removido do carrinho" data-stay-open="6000.0" data-product-tile-impression="{&quot;name&quot;:&quot;7157939&quot;,&quot;id&quot;:&quot;7157939&quot;,&quot;price&quot;:1.85,&quot;brand&quot;:&quot;Continente&quot;,&quot;category&quot;:[{&quot;category_level_1&quot;:&quot;Padaria e Pastelaria&quot;},{&quot;category_level_2&quot;:&quot;Padaria&quot;},{&quot;category_level_3&quot;:&quot;Pão de Forma e Embalado&quot;}],&quot;variant&quot;:&quot;&quot;}">
            <div class="ct-inner-tile-wrap row no-gutters justify-content-center align-content-start">
            
            <div class="ct-image-container col-4 col-sm" data-confirmation-image="{&quot;url&quot;:&quot;https://www.continente.pt/dw/image/v2/BDVS_PRD/on/demandware.static/-/Sites-col-master-catalog/default/dwee3eea10/images/col/715/7157939-frente.jpg?sw=87&amp;sh=80&quot;,&quot;fallbackimage&quot;:{&quot;url&quot;:&quot;https://www.continente.pt/dw/image/v2/BDVS_PRD/on/demandware.static/Sites-continente-Site/-/default/dw7c42b4da/images/noimagelarge_product.png?sw=87&amp;sh=80&quot;,&quot;title&quot;:&quot;Pão de Forma com Côdea Especial Torradas&quot;,&quot;alt&quot;:&quot;Pão de Forma com Côdea Especial Torradas&quot;},&quot;title&quot;:&quot;Pão de Forma com Côdea Especial Torradas&quot;,&quot;alt&quot;:&quot;Pão de Forma com Côdea Especial Torradas&quot;}">
            <a href="https://www.continente.pt/produto/pao-de-forma-com-codea-especial-torradas-continente-7157939.html?cgid=padaria-e-pastelaria-padaria-forma">
            <picture class="intrinsic intrinsic--square">
            <img class="ct-tile-image lazyloaded" loading="lazy" onerror="this.onerror=null;this.src='/on/demandware.static/Sites-continente-Site/-/default/dw7c42b4da/images/noimagelarge_product.png';" data-src="https://www.continente.pt/dw/image/v2/BDVS_PRD/on/demandware.static/-/Sites-col-master-catalog/default/dwee3eea10/images/col/715/7157939-frente.jpg?sw=280&amp;sh=280" alt="Pão de Forma com Côdea Especial Torradas" title="Pão de Forma com Côdea Especial Torradas" src="https://www.continente.pt/dw/image/v2/BDVS_PRD/on/demandware.static/-/Sites-col-master-catalog/default/dwee3eea10/images/col/715/7157939-frente.jpg?sw=280&amp;sh=280">
            </picture>
            </a>
            <div class="color-swatches d-flex" style="margin-left: 5px;">
            <div class="swatches d-flex">
            </div>
            </div>
            </div>
            <div class="ct-tile-body col col-sm-auto ">
            <div class="ct-pdp-details">
            <div class="ct-pdp-link">
            <a class="ct-tile--description" href="https://www.continente.pt/produto/pao-de-forma-com-codea-especial-torradas-continente-7157939.html?cgid=padaria-e-pastelaria-padaria-forma">Pão de Forma com Côdea Especial Torradas</a>
            <div class="ct-tile--favorite-top d-sm-none">
            <button class="wishlist-toggler guest-mode inactive button button--tertiary" data-pid="7157939" data-add-url="https://www.continente.pt/on/demandware.store/Sites-continente-Site/default/Wishlist-AddProduct?pid=7157939" data-toggle="tooltip" aria-label="Adicionar aos favoritos " data-original-title="Adicionar aos favoritos" data-placement="top">
            <svg class="active-content" width="100%" height="100%" viewBox="0 0 20 22" fill="none" xmlns="http://www.w3.org/2000/svg">
            <path fill-rule="evenodd" clip-rule="evenodd" d="M0 1.53052C0 0.685236 0.692171 0 1.54601 0H15.0736C15.9274 0 16.6196 0.685235 16.6196 1.53052V13.4064L15.8127 13.922L14.2658 14.2658L12.7189 13.4064L10.6054 14.3818C10.4994 14.2451 10.3327 14.157 10.1452 14.157H6.76329C6.4431 14.157 6.18354 14.414 6.18354 14.731C6.18354 15.0479 6.4431 15.3049 6.76329 15.3049H10.1452C10.2478 15.3049 10.3441 15.2785 10.4277 15.2322L10.3126 16.8439L13.2345 20.2793H1.54601C0.69217 20.2793 0 19.5941 0 18.7488V1.53052ZM6.18354 5.5483C6.18354 5.23132 6.4431 4.97436 6.76329 4.97436H12.3676C12.6878 4.97436 12.9473 5.23132 12.9473 5.5483C12.9473 5.86528 12.6878 6.12224 12.3676 6.12224H6.76329C6.4431 6.12224 6.18354 5.86528 6.18354 5.5483ZM6.76329 11.0961C6.4431 11.0961 6.18354 11.3531 6.18354 11.6701C6.18354 11.987 6.4431 12.244 6.76329 12.244H12.3676C12.6878 12.244 12.9473 11.987 12.9473 11.6701C12.9473 11.3531 12.6878 11.0961 12.3676 11.0961H6.76329ZM6.18354 8.60985C6.18354 8.29287 6.4431 8.03591 6.76329 8.03591H12.3676C12.6878 8.03591 12.9473 8.29287 12.9473 8.60985C12.9473 8.92684 12.6878 9.1838 12.3676 9.1838H6.76329C6.4431 9.1838 6.18354 8.92684 6.18354 8.60985ZM3.67118 5.5483C3.67118 5.23132 3.93075 4.97436 4.25093 4.97436H4.63743C4.95762 4.97436 5.21719 5.23132 5.21719 5.5483C5.21719 5.86528 4.95762 6.12224 4.63743 6.12224H4.25093C3.93075 6.12224 3.67118 5.86528 3.67118 5.5483ZM4.25093 11.0961C3.93075 11.0961 3.67118 11.3531 3.67118 11.6701C3.67118 11.987 3.93075 12.244 4.25093 12.244H4.63743C4.95762 12.244 5.21719 11.987 5.21719 11.6701C5.21719 11.3531 4.95762 11.0961 4.63743 11.0961H4.25093ZM3.67118 8.60985C3.67118 8.29287 3.93075 8.03591 4.25093 8.03591H4.63743C4.95762 8.03591 5.21719 8.29287 5.21719 8.60985C5.21719 8.92684 4.95762 9.1838 4.63743 9.1838H4.25093C3.93075 9.1838 3.67118 8.92684 3.67118 8.60985ZM4.25093 14.157C3.93075 14.157 3.67118 14.414 3.67118 14.731C3.67118 15.0479 3.93075 15.3049 4.25093 15.3049H4.63743C4.95762 15.3049 5.21719 15.0479 5.21719 14.731C5.21719 14.414 4.95762 14.157 4.63743 14.157H4.25093Z" fill="#EB0203"></path>
            <path fill-rule="evenodd" clip-rule="evenodd" d="M14.6252 13.6363C13.4918 12.6215 11.7817 12.5264 10.6569 13.4792C9.12421 14.7764 9.34841 16.8912 10.4409 18.0122L14.0159 21.6742C14.2197 21.8832 14.4928 22 14.7822 22C15.0737 22 15.3448 21.8852 15.5486 21.6762L19.1236 18.0142C20.214 16.8933 20.4423 14.7785 18.9075 13.4792C17.7827 12.5283 16.0724 12.6217 14.9391 13.6365C14.8855 13.6845 14.8331 13.7345 14.7822 13.7866C14.7313 13.7345 14.6789 13.6843 14.6252 13.6363ZM18.1546 14.3522C19.0973 15.1508 18.9962 16.4896 18.2891 17.2173C18.2888 17.2175 18.2886 17.2177 18.2884 17.218L14.7832 20.8084L11.2753 17.2151C11.2752 17.215 11.2751 17.2149 11.2749 17.2148C10.5677 16.4887 10.4678 15.1495 11.4104 14.3518L11.4108 14.3514C12.0745 13.7892 13.2018 13.82 13.9488 14.5846L14.7822 15.4378L15.6157 14.5846C16.3617 13.8211 17.4896 13.79 18.1545 14.3521" fill="#EB0203"></path>
            </svg>
            <svg class="inactive-content" width="100%" height="100%" viewBox="0 0 20 23" fill="none" xmlns="http://www.w3.org/2000/svg">
            <path fill-rule="evenodd" clip-rule="evenodd" d="M6.18408 5.77914C6.18408 5.46223 6.44363 5.20532 6.7638 5.20532H12.3678C12.6879 5.20532 12.9475 5.46223 12.9475 5.77914C12.9475 6.09606 12.6879 6.35297 12.3678 6.35297H6.7638C6.44363 6.35297 6.18408 6.09606 6.18408 5.77914Z" fill="#EB0203"></path>
            <path fill-rule="evenodd" clip-rule="evenodd" d="M6.18408 11.9034C6.18408 11.5865 6.44363 11.3296 6.7638 11.3296H12.3678C12.6879 11.3296 12.9475 11.5865 12.9475 11.9034C12.9475 12.2202 12.6879 12.4771 12.3678 12.4771H6.7638C6.44363 12.4771 6.18408 12.2202 6.18408 11.9034Z" fill="#EB0203"></path>
            <path fill-rule="evenodd" clip-rule="evenodd" d="M6.18408 8.84116C6.18408 8.52424 6.44363 8.26733 6.7638 8.26733H12.3678C12.6879 8.26733 12.9475 8.52424 12.9475 8.84116C12.9475 9.15807 12.6879 9.41498 12.3678 9.41498H6.7638C6.44363 9.41498 6.18408 9.15807 6.18408 8.84116Z" fill="#EB0203"></path>
            <path fill-rule="evenodd" clip-rule="evenodd" d="M6.18408 14.9655C6.18408 14.6486 6.44363 14.3917 6.7638 14.3917H10.1455C10.4657 14.3917 10.7252 14.6486 10.7252 14.9655C10.7252 15.2825 10.4657 15.5394 10.1455 15.5394H6.7638C6.44363 15.5394 6.18408 15.2825 6.18408 14.9655Z" fill="#EB0203"></path>
            <path fill-rule="evenodd" clip-rule="evenodd" d="M3.67139 5.77914C3.67139 5.46223 3.93094 5.20532 4.25111 5.20532H4.63759C4.95776 5.20532 5.21731 5.46223 5.21731 5.77914C5.21731 6.09606 4.95776 6.35297 4.63759 6.35297H4.25111C3.93094 6.35297 3.67139 6.09606 3.67139 5.77914Z" fill="#EB0203"></path>
            <path fill-rule="evenodd" clip-rule="evenodd" d="M3.67139 11.9034C3.67139 11.5865 3.93094 11.3296 4.25111 11.3296H4.63759C4.95776 11.3296 5.21731 11.5865 5.21731 11.9034C5.21731 12.2202 4.95776 12.4771 4.63759 12.4771H4.25111C3.93094 12.4771 3.67139 12.2202 3.67139 11.9034Z" fill="#EB0203"></path>
            <path fill-rule="evenodd" clip-rule="evenodd" d="M3.67139 8.84116C3.67139 8.52424 3.93094 8.26733 4.25111 8.26733H4.63759C4.95776 8.26733 5.21731 8.52424 5.21731 8.84116C5.21731 9.15807 4.95776 9.41498 4.63759 9.41498H4.25111C3.93094 9.41498 3.67139 9.15807 3.67139 8.84116Z" fill="#EB0203"></path>
            <path fill-rule="evenodd" clip-rule="evenodd" d="M3.67139 14.9655C3.67139 14.6486 3.93094 14.3917 4.25111 14.3917H4.63759C4.95776 14.3917 5.21731 14.6486 5.21731 14.9655C5.21731 15.2825 4.95776 15.5394 4.63759 15.5394H4.25111C3.93094 15.5394 3.67139 15.2825 3.67139 14.9655Z" fill="#EB0203"></path>
            <path fill-rule="evenodd" clip-rule="evenodd" d="M0 1.76033C0 0.914738 0.692131 0.229248 1.54592 0.229248H15.0727C15.9265 0.229248 16.6186 0.914738 16.6186 1.76033V11.2818C16.6186 11.5989 16.3591 11.8559 16.0389 11.8559C15.7187 11.8559 15.4592 11.5989 15.4592 11.2818V1.76033C15.4592 1.54893 15.2862 1.37756 15.0727 1.37756H1.54592C1.33247 1.37756 1.15944 1.54893 1.15944 1.76033V18.985C1.15944 19.1964 1.33247 19.3678 1.54592 19.3678H9.27551C9.59568 19.3678 9.85523 19.6249 9.85523 19.942C9.85523 20.2591 9.59568 20.5161 9.27551 20.5161H1.54592C0.692131 20.5161 0 19.8306 0 18.985V1.76033Z" fill="#EB0203"></path>
            <path fill-rule="evenodd" clip-rule="evenodd" d="M14.6254 13.8718C13.4921 12.8567 11.7821 12.7615 10.6574 13.7147C9.12472 15.0124 9.34891 17.128 10.4413 18.2493L14.0161 21.9126C14.2199 22.1217 14.493 22.2386 14.7824 22.2386C15.0739 22.2386 15.3449 22.1238 15.5487 21.9147L19.1235 18.2514C20.2139 17.13 20.4422 15.0144 18.9075 13.7147C17.7827 12.7634 16.0726 12.8569 14.9392 13.872C14.8856 13.92 14.8333 13.9701 14.7824 14.0222C14.7314 13.97 14.6791 13.9199 14.6254 13.8718ZM18.1546 14.588C19.0972 15.3869 18.9961 16.7262 18.2891 17.4541C18.2888 17.4543 18.2886 17.4546 18.2884 17.4548L14.7834 21.0466L11.2757 17.452C11.2756 17.4519 11.2755 17.4517 11.2753 17.4516C10.5681 16.7252 10.4682 15.3856 11.4108 14.5876L11.4112 14.5872C12.0748 14.0248 13.202 14.0556 13.949 14.8205L14.7824 15.674L15.6158 14.8205C16.3618 14.0567 17.4896 14.0256 18.1545 14.5879" fill="#EB0203"></path>
            </svg>
            </button>
            </div>
            </div>
            <p class="ct-tile--brand">Continente</p>
            <p class="ct-tile--quantity">emb. 770 gr</p>
            </div>
            <div class="ct-tile-bottom row no-gutters justify-content-between">
            <div class="ct-price-wrap col-8 col-sm-12">
            <div class="price js-product-price">
            <div class="prices-wrapper">
            <span class="sales ct-tile--price-primary ">
            <span class="value" content="1.85">
            <span class="ct-price-formatted">
            €1,85
            </span>
            <span class="ct-m-unit">
            /un
            </span>
            </span>
            </span>
            </div>
            <div class="ct-tile--price-secondary">
            <span class="ct-price-value">
            €2,40
            </span>
            <span class="ct-m-unit">
            /kg
            </span>
            </div>
            </div>
            </div>
            <div class="ct-tile-buy-section d-flex justify-content-center no-gutters col-auto col-sm-12">
            <div class="col-2 d-sm-flex d-none">
            <button class="wishlist-toggler guest-mode inactive button button--tertiary" data-pid="7157939" data-add-url="https://www.continente.pt/on/demandware.store/Sites-continente-Site/default/Wishlist-AddProduct?pid=7157939" data-toggle="tooltip" aria-label="Adicionar aos favoritos " data-original-title="Adicionar aos favoritos" data-placement="top">
            <svg class="active-content" width="100%" height="100%" viewBox="0 0 20 22" fill="none" xmlns="http://www.w3.org/2000/svg">
            <path fill-rule="evenodd" clip-rule="evenodd" d="M0 1.53052C0 0.685236 0.692171 0 1.54601 0H15.0736C15.9274 0 16.6196 0.685235 16.6196 1.53052V13.4064L15.8127 13.922L14.2658 14.2658L12.7189 13.4064L10.6054 14.3818C10.4994 14.2451 10.3327 14.157 10.1452 14.157H6.76329C6.4431 14.157 6.18354 14.414 6.18354 14.731C6.18354 15.0479 6.4431 15.3049 6.76329 15.3049H10.1452C10.2478 15.3049 10.3441 15.2785 10.4277 15.2322L10.3126 16.8439L13.2345 20.2793H1.54601C0.69217 20.2793 0 19.5941 0 18.7488V1.53052ZM6.18354 5.5483C6.18354 5.23132 6.4431 4.97436 6.76329 4.97436H12.3676C12.6878 4.97436 12.9473 5.23132 12.9473 5.5483C12.9473 5.86528 12.6878 6.12224 12.3676 6.12224H6.76329C6.4431 6.12224 6.18354 5.86528 6.18354 5.5483ZM6.76329 11.0961C6.4431 11.0961 6.18354 11.3531 6.18354 11.6701C6.18354 11.987 6.4431 12.244 6.76329 12.244H12.3676C12.6878 12.244 12.9473 11.987 12.9473 11.6701C12.9473 11.3531 12.6878 11.0961 12.3676 11.0961H6.76329ZM6.18354 8.60985C6.18354 8.29287 6.4431 8.03591 6.76329 8.03591H12.3676C12.6878 8.03591 12.9473 8.29287 12.9473 8.60985C12.9473 8.92684 12.6878 9.1838 12.3676 9.1838H6.76329C6.4431 9.1838 6.18354 8.92684 6.18354 8.60985ZM3.67118 5.5483C3.67118 5.23132 3.93075 4.97436 4.25093 4.97436H4.63743C4.95762 4.97436 5.21719 5.23132 5.21719 5.5483C5.21719 5.86528 4.95762 6.12224 4.63743 6.12224H4.25093C3.93075 6.12224 3.67118 5.86528 3.67118 5.5483ZM4.25093 11.0961C3.93075 11.0961 3.67118 11.3531 3.67118 11.6701C3.67118 11.987 3.93075 12.244 4.25093 12.244H4.63743C4.95762 12.244 5.21719 11.987 5.21719 11.6701C5.21719 11.3531 4.95762 11.0961 4.63743 11.0961H4.25093ZM3.67118 8.60985C3.67118 8.29287 3.93075 8.03591 4.25093 8.03591H4.63743C4.95762 8.03591 5.21719 8.29287 5.21719 8.60985C5.21719 8.92684 4.95762 9.1838 4.63743 9.1838H4.25093C3.93075 9.1838 3.67118 8.92684 3.67118 8.60985ZM4.25093 14.157C3.93075 14.157 3.67118 14.414 3.67118 14.731C3.67118 15.0479 3.93075 15.3049 4.25093 15.3049H4.63743C4.95762 15.3049 5.21719 15.0479 5.21719 14.731C5.21719 14.414 4.95762 14.157 4.63743 14.157H4.25093Z" fill="#EB0203"></path>
            <path fill-rule="evenodd" clip-rule="evenodd" d="M14.6252 13.6363C13.4918 12.6215 11.7817 12.5264 10.6569 13.4792C9.12421 14.7764 9.34841 16.8912 10.4409 18.0122L14.0159 21.6742C14.2197 21.8832 14.4928 22 14.7822 22C15.0737 22 15.3448 21.8852 15.5486 21.6762L19.1236 18.0142C20.214 16.8933 20.4423 14.7785 18.9075 13.4792C17.7827 12.5283 16.0724 12.6217 14.9391 13.6365C14.8855 13.6845 14.8331 13.7345 14.7822 13.7866C14.7313 13.7345 14.6789 13.6843 14.6252 13.6363ZM18.1546 14.3522C19.0973 15.1508 18.9962 16.4896 18.2891 17.2173C18.2888 17.2175 18.2886 17.2177 18.2884 17.218L14.7832 20.8084L11.2753 17.2151C11.2752 17.215 11.2751 17.2149 11.2749 17.2148C10.5677 16.4887 10.4678 15.1495 11.4104 14.3518L11.4108 14.3514C12.0745 13.7892 13.2018 13.82 13.9488 14.5846L14.7822 15.4378L15.6157 14.5846C16.3617 13.8211 17.4896 13.79 18.1545 14.3521" fill="#EB0203"></path>
            </svg>
            <svg class="inactive-content" width="100%" height="100%" viewBox="0 0 20 23" fill="none" xmlns="http://www.w3.org/2000/svg">
            <path fill-rule="evenodd" clip-rule="evenodd" d="M6.18408 5.77914C6.18408 5.46223 6.44363 5.20532 6.7638 5.20532H12.3678C12.6879 5.20532 12.9475 5.46223 12.9475 5.77914C12.9475 6.09606 12.6879 6.35297 12.3678 6.35297H6.7638C6.44363 6.35297 6.18408 6.09606 6.18408 5.77914Z" fill="#EB0203"></path>
            <path fill-rule="evenodd" clip-rule="evenodd" d="M6.18408 11.9034C6.18408 11.5865 6.44363 11.3296 6.7638 11.3296H12.3678C12.6879 11.3296 12.9475 11.5865 12.9475 11.9034C12.9475 12.2202 12.6879 12.4771 12.3678 12.4771H6.7638C6.44363 12.4771 6.18408 12.2202 6.18408 11.9034Z" fill="#EB0203"></path>
            <path fill-rule="evenodd" clip-rule="evenodd" d="M6.18408 8.84116C6.18408 8.52424 6.44363 8.26733 6.7638 8.26733H12.3678C12.6879 8.26733 12.9475 8.52424 12.9475 8.84116C12.9475 9.15807 12.6879 9.41498 12.3678 9.41498H6.7638C6.44363 9.41498 6.18408 9.15807 6.18408 8.84116Z" fill="#EB0203"></path>
            <path fill-rule="evenodd" clip-rule="evenodd" d="M6.18408 14.9655C6.18408 14.6486 6.44363 14.3917 6.7638 14.3917H10.1455C10.4657 14.3917 10.7252 14.6486 10.7252 14.9655C10.7252 15.2825 10.4657 15.5394 10.1455 15.5394H6.7638C6.44363 15.5394 6.18408 15.2825 6.18408 14.9655Z" fill="#EB0203"></path>
            <path fill-rule="evenodd" clip-rule="evenodd" d="M3.67139 5.77914C3.67139 5.46223 3.93094 5.20532 4.25111 5.20532H4.63759C4.95776 5.20532 5.21731 5.46223 5.21731 5.77914C5.21731 6.09606 4.95776 6.35297 4.63759 6.35297H4.25111C3.93094 6.35297 3.67139 6.09606 3.67139 5.77914Z" fill="#EB0203"></path>
            <path fill-rule="evenodd" clip-rule="evenodd" d="M3.67139 11.9034C3.67139 11.5865 3.93094 11.3296 4.25111 11.3296H4.63759C4.95776 11.3296 5.21731 11.5865 5.21731 11.9034C5.21731 12.2202 4.95776 12.4771 4.63759 12.4771H4.25111C3.93094 12.4771 3.67139 12.2202 3.67139 11.9034Z" fill="#EB0203"></path>
            <path fill-rule="evenodd" clip-rule="evenodd" d="M3.67139 8.84116C3.67139 8.52424 3.93094 8.26733 4.25111 8.26733H4.63759C4.95776 8.26733 5.21731 8.52424 5.21731 8.84116C5.21731 9.15807 4.95776 9.41498 4.63759 9.41498H4.25111C3.93094 9.41498 3.67139 9.15807 3.67139 8.84116Z" fill="#EB0203"></path>
            <path fill-rule="evenodd" clip-rule="evenodd" d="M3.67139 14.9655C3.67139 14.6486 3.93094 14.3917 4.25111 14.3917H4.63759C4.95776 14.3917 5.21731 14.6486 5.21731 14.9655C5.21731 15.2825 4.95776 15.5394 4.63759 15.5394H4.25111C3.93094 15.5394 3.67139 15.2825 3.67139 14.9655Z" fill="#EB0203"></path>
            <path fill-rule="evenodd" clip-rule="evenodd" d="M0 1.76033C0 0.914738 0.692131 0.229248 1.54592 0.229248H15.0727C15.9265 0.229248 16.6186 0.914738 16.6186 1.76033V11.2818C16.6186 11.5989 16.3591 11.8559 16.0389 11.8559C15.7187 11.8559 15.4592 11.5989 15.4592 11.2818V1.76033C15.4592 1.54893 15.2862 1.37756 15.0727 1.37756H1.54592C1.33247 1.37756 1.15944 1.54893 1.15944 1.76033V18.985C1.15944 19.1964 1.33247 19.3678 1.54592 19.3678H9.27551C9.59568 19.3678 9.85523 19.6249 9.85523 19.942C9.85523 20.2591 9.59568 20.5161 9.27551 20.5161H1.54592C0.692131 20.5161 0 19.8306 0 18.985V1.76033Z" fill="#EB0203"></path>
            <path fill-rule="evenodd" clip-rule="evenodd" d="M14.6254 13.8718C13.4921 12.8567 11.7821 12.7615 10.6574 13.7147C9.12472 15.0124 9.34891 17.128 10.4413 18.2493L14.0161 21.9126C14.2199 22.1217 14.493 22.2386 14.7824 22.2386C15.0739 22.2386 15.3449 22.1238 15.5487 21.9147L19.1235 18.2514C20.2139 17.13 20.4422 15.0144 18.9075 13.7147C17.7827 12.7634 16.0726 12.8569 14.9392 13.872C14.8856 13.92 14.8333 13.9701 14.7824 14.0222C14.7314 13.97 14.6791 13.9199 14.6254 13.8718ZM18.1546 14.588C19.0972 15.3869 18.9961 16.7262 18.2891 17.4541C18.2888 17.4543 18.2886 17.4546 18.2884 17.4548L14.7834 21.0466L11.2757 17.452C11.2756 17.4519 11.2755 17.4517 11.2753 17.4516C10.5681 16.7252 10.4682 15.3856 11.4108 14.5876L11.4112 14.5872C12.0748 14.0248 13.202 14.0556 13.949 14.8205L14.7824 15.674L15.6158 14.8205C16.3618 14.0567 17.4896 14.0256 18.1545 14.5879" fill="#EB0203"></path>
            </svg>
            </button>
            </div>
            <div class="col-sm-10 col-12">
            <div class="ct-tile-quantity d-none" data-pid="7157939">
            <input type="hidden" class="add-to-cart-url" value="https://www.continente.pt/on/demandware.store/Sites-continente-Site/default/Cart-AddProduct">
            <div class="d-none tile-delete-confirmation-btn" data-pid="7157939" data-delay-time="3000" data-in-cart-msg="no carrinho" data-one-product-added="Adicionado ao carrinho" data-remove-from-cart-msg="Removido do carrinho" data-stay-open="6000.0" data-confirmation-image="{&quot;url&quot;:&quot;https://www.continente.pt/dw/image/v2/BDVS_PRD/on/demandware.static/-/Sites-col-master-catalog/default/dwee3eea10/images/col/715/7157939-frente.jpg?sw=87&amp;sh=80&quot;,&quot;fallbackimage&quot;:{&quot;url&quot;:&quot;https://www.continente.pt/dw/image/v2/BDVS_PRD/on/demandware.static/Sites-continente-Site/-/default/dw7c42b4da/images/noimagelarge_product.png?sw=87&amp;sh=80&quot;,&quot;title&quot;:&quot;Pão de Forma com Côdea Especial Torradas&quot;,&quot;alt&quot;:&quot;Pão de Forma com Côdea Especial Torradas&quot;},&quot;title&quot;:&quot;Pão de Forma com Côdea Especial Torradas&quot;,&quot;alt&quot;:&quot;Pão de Forma com Côdea Especial Torradas&quot;}"></div>
            <div class="ct-tile-quantity-update quantity-update product-qty-vue" data-remove-action="https://www.continente.pt/on/demandware.store/Sites-continente-Site/default/Cart-RemoveProductLineItem" data-action="https://www.continente.pt/on/demandware.store/Sites-continente-Site/default/Cart-UpdateQuantity" data-dimension-update="https://www.continente.pt/on/demandware.store/Sites-continente-Site/default/Cart-DimensionUpdate" data-pid="7157939" data-uuid="e4e6af78d409e60999026579b8" data-add-delay="500.0" data-measure-options="{&quot;hasConversionRate&quot;:false,&quot;hasAlternativeSaleUnit&quot;:false,&quot;unitConversionRate&quot;:0,&quot;minOrderQuantity&quot;:1,&quot;stepQuantity&quot;:1,&quot;primaryunit&quot;:&quot;un&quot;,&quot;secondaryunit&quot;:&quot;kg&quot;,&quot;selectedunit&quot;:&quot;primary&quot;,&quot;maxNumberOfUnitsPerSale&quot;:50}" data-price-available="null" :data-has-error="isMaxQtyReached || isMinQtyReached || qtySelectedMoreThanOne">
            <template v-show="prodUnits">
            <div class="quantity-input-wrapper has-units">
            <label class="visually-hidden" :for="'quantity-' + pid + additionalTag">
            Quantidade no carrinho
            </label>
            <input :ref="'quantityInput-' + pid + additionalTag" class="add-to-cart-quantity form-control ct-form-input text-center" inputmode="numeric" :class="{'is-invalid': isInvalid}" :data-pid="pid + additionalTag" :name="'quantity-' + pid + additionalTag" type="text" aria-label="Insira a quantidade" title="" v-model="displayValue" @change="updateQuantity" @focus="updateQtyFormat" @blur="restoreQtyFormat" :disabled="!isPriceAvailable">
            <span class="quantity-icon quantity-icon--minus">
            <button class="decrease-quantity-btn" @click="updateQuantity" :disabled="!isPriceAvailable" role="button" aria-label="Reduzir quantidade">
            <i class="css-math-minus"></i>
            </button>
            </span>
            <span class="quantity-icon quantity-icon--plus">
            <button class="increase-quantity-btn" @click="updateQuantity" :disabled="isMaxQtyReached || !isPriceAvailable" role="button" aria-label="Aumentar quantidade">
            <i class="css-math-plus"></i>
            </button>
            <span class="quantity-btn-disabled-placeholder"></span>
            </span>
            <template v-if="isPDP">
            <span class="quantity-error ct-span-error text-sm-center product-max-allocation" v-if="isMaxQtyReached">
            Quantidade máxima atingida
            </span>
            <span class="quantity-error ct-span-product text-sm-center product-allocation" v-if="!isMinQtyReached &amp;&amp; !isMaxQtyReached">
            {{quantitySelected}} no carrinho
            </span>
            <span class="quantity-error ct-span-error text-sm-center product-min-allocation" :data-pid="pid" v-if="isMinQtyReached &amp;&amp; !isMaxQtyReached">
            Quantidade mínima atingida
            </span>
            </template>
            </div>
            <template v-if="showNotes">
            <div class="add-note-link-container ">
            <div class="add-note">
            <a href="/produto/pao-de-forma-com-codea-especial-torradas-continente-7157939.html?showNote=true" class="ct-add-note-redirect-pdp" aria-label="Adicionar comentário">
            <span class="svg-wrapper svg-icon-notes" style="width:19px; height:20px">
            <svg class="svg-inline icon-notes" viewBox="0 0 28 30" xmlns="http://www.w3.org/2000/svg" width="100%" height="100%"><path d="M21.738 0C22.985 0 24 1.04 24 2.319V12.47c0 .469-.37.848-.828.848-.457 0-.827-.38-.827-.848V2.32c0-.343-.273-.622-.607-.622H2.262c-.334 0-.607.279-.607.622V27.68c0 .343.273.622.607.622h7.81c.457 0 .827.38.827.849 0 .468-.37.848-.827.848h-7.81C1.015 30 0 28.96 0 27.681V2.32C0 1.04 1.015 0 2.262 0h19.476zm2.844 16.004l.227.007c.823.053 1.589.39 2.176.964.64.627.993 1.46.993 2.349 0 .888-.353 1.722-.993 2.348l-6.83 6.665c-.11.108-.247.186-.397.226l-5.032 1.363c-.078.021-.16.032-.241.032-.242 0-.478-.097-.647-.266-.23-.231-.314-.566-.218-.874l1.49-4.798c.044-.139.122-.266.227-.369l6.844-6.677c.64-.625 1.493-.97 2.401-.97zm-2.886 3.94l-4.922 4.802-.947 3.048 3.22-.872 4.897-4.78-2.248-2.197zm2.887-2.174c-.425 0-.824.162-1.124.455l-.484.472 2.248 2.197.484-.472c.62-.606.62-1.591 0-2.197l-.117-.104c-.283-.227-.636-.35-1.007-.35zm-10.839.022c.498 0 .904.396.904.883 0 .488-.406.884-.904.884H5.946c-.499 0-.904-.396-.904-.884 0-.487.405-.883.904-.883zm5.042-4.876c.498 0 .904.397.904.884s-.406.884-.904.884H5.946c-.499 0-.904-.397-.904-.884s.405-.884.904-.884zm0-4.875c.498 0 .904.396.904.884 0 .487-.406.883-.904.883H5.946c-.499 0-.904-.396-.904-.883 0-.488.405-.884.904-.884z" fill="#EB0203" fill-rule="evenodd"></path></svg>
            </span>
            <div class="available-note d-none"></div>
            </a>
            </div>
            </div>
            </template>
            <div class="measurement-unit-section" v-if="isPriceAvailable &amp;&amp; prodUnits ? prodUnits.hasAlternativeUnit : false">
            <div class="ct-form-radio" @click="setDimension">
            <input type="radio" title="" class="ct-form-check-input product-measurement-unit" :data-type="prodUnits.selectedUnit == prodUnits.secondaryUnit ? 'primary' : ''" :id="prodUnits.secondaryUnit + '-' + pid + '-measurement-unit-ptile' + additionalTag" :name="'measurement-unit-' + pid + '-ptile' + additionalTag" :value="prodUnits.secondaryUnit" v-model="prodUnits.selectedUnit">
            <label :class="prodUnits.secondaryUnit + '-label ct-form-check-label mb-0'" :for="prodUnits.secondaryUnit + '-' + pid + '-measurement-unit-ptile' + additionalTag">
            {{prodUnits.secondaryUnit}}
            </label>
            <span class="checkmark"></span>
            </div>
            <div class="ct-form-radio" @click="setDimension">
            <input type="radio" title="" class="ct-form-check-input product-measurement-unit" :data-type="prodUnits.selectedUnit == prodUnits.primaryUnit ? 'primary' : ''" :id="prodUnits.primaryUnit + '-' + pid + '-measurement-unit-ptile' + additionalTag" :name="'measurement-unit-' + pid + '-ptile' + additionalTag" :value="prodUnits.primaryUnit" v-model="prodUnits.selectedUnit">
            <label :class="prodUnits.primaryUnit + '-label ct-form-check-label mb-0'" :for="prodUnits.primaryUnit + '-' + pid + '-measurement-unit-ptile' + additionalTag">
            {{prodUnits.primaryUnit}}
            </label>
            <span class="checkmark"></span>
            </div>
            </div>
            <template v-if="!isPDP &amp;&amp; isPriceAvailable">
            <span class="quantity-error ct-span-error product-max-allocation" v-if="isMaxQtyReached">
            Quantidade máxima atingida
            </span>
            <span class="quantity-error ct-span-product product-allocation" v-if="!isMinQtyReached &amp;&amp; !isMaxQtyReached">
            {{quantitySelected}} no carrinho
            </span>
            <span class="quantity-error ct-span-error product-min-allocation" :data-pid="pid" v-if="isMinQtyReached &amp;&amp; !isMaxQtyReached">
            Quantidade mínima atingida
            </span>
            </template>
            </template>
            </div>
            <input class="quantity-value-mask d-none" name="quantity" type="number" min="0" value="">
            </div>
            <button type="button" class="add-to-cart button js-add-to-cart js-add-to-cart-tile 7157939 button--primary dynamic-layout-btn" data-toggle="modal" data-target="#chooseBonusProductModal" data-pid="7157939" data-quantity-value="null" aria-label="Carrinho">
            <span class="d-block d-sm-none">
            <span class="svg-wrapper svg-icon-cart" style="width:20px; height:20px">
            <svg class="svg-inline icon-cart" xmlns="http://www.w3.org/2000/svg" viewBox="0 0 500 500" width="100%" height="100%"><path fill="#EB0203" fill-rule="evenodd" d="M 485.67317,94.386311 C 476.37798,83.847129 463.09468,78.03348 448.30404,78.03348 H 90.690813 L 87.079511,51.327997 C 83.185582,22.539551 62.962285,0 41.011841,0 H 14.727836 C 6.563151,0 0,6.5286975 0,14.580758 c 0,8.05206 6.5945535,14.580758 14.727836,14.580758 h 26.284005 c 4.710398,0 14.696435,9.855222 16.894619,26.021523 L 100.01739,368.0631 c 1.88416,13.77244 9.01256,26.70549 20.1605,36.37417 8.25889,7.15046 18.02511,11.9071 28.26237,13.89679 -4.17655,7.58572 -6.53175,16.25957 -6.53175,25.493 0,29.53459 24.27424,53.59751 54.13815,53.59751 29.8325,0 54.13814,-24.03184 54.13814,-53.59751 0,-8.79818 -2.19818,-17.09897 -5.9979,-24.43598 h 77.12488 c -3.79973,7.33701 -5.96652,15.6378 -5.96652,24.43598 0,29.53459 24.27424,53.59751 54.13817,53.59751 29.83249,0 54.13814,-24.03184 54.13814,-53.59751 0,-8.79818 -2.1982,-17.09897 -5.9979,-24.43598 h 38.56243 c 8.13328,0 14.72783,-6.5287 14.72783,-14.61183 0,-8.02098 -6.59455,-14.54967 -14.72783,-14.54967 H 159.24277 c -14.38241,0 -28.13677,-11.90711 -30.02092,-26.02153 l -3.07746,-22.88154 h 290.6314 c 14.03698,0 27.94834,-5.28513 39.06488,-14.95381 11.11652,-9.6376 18.27632,-22.57065 20.16048,-36.37417 l 21.10259,-156.78201 c 1.94694,-14.51858 -2.10398,-28.29103 -11.43057,-38.861299 z M 220.76053,443.82706 c 0,13.49265 -11.08513,24.46709 -24.68247,24.46709 -13.62874,0 -24.71387,-10.97444 -24.71387,-24.46709 0,-13.49262 11.08513,-24.43598 24.71387,-24.43598 13.59734,0 24.68247,10.94336 24.68247,24.43598 z m 173.43675,0 c 0,13.49265 -11.08512,24.46709 -24.68245,24.46709 -13.62876,0 -24.71388,-10.97444 -24.71388,-24.46709 0,-13.49262 11.08512,-24.43598 24.71388,-24.43598 13.59733,0 24.68245,10.94336 24.68245,24.43598 z m 73.7648,-314.46558 -21.13397,156.782 c -1.88416,14.11442 -15.63851,26.05261 -30.02091,26.05261 H 122.25046 L 94.616142,107.19499 H 448.33544 c 6.18632,0 11.61896,2.2695 15.23028,6.37326 3.64269,4.13484 5.21283,9.73086 4.39636,15.79323 z"></path></svg>
            </span>
            </span>
            <span class="add-to-cart--text d-none d-sm-block">Carrinho</span>
            </button>
            </div>
            </div>
            </div>
            </div>
            
            <div class="col-12 d-sm-none">
            </div>
            </div>
            </div>
            </div>
            </div>
            <div class="col-12 col-sm-3 col-lg-2 productTile" data-idx="20">
            
            <script type="text/javascript">//<!--
            /* <![CDATA[ */
            (function(){
            try {
                if(window.CQuotient) {
                var cq_params = {};
                
                cq_params.cookieId = window.CQuotient.getCQCookieId();
                cq_params.userId = window.CQuotient.getCQUserId();
                cq_params.emailId = CQuotient.getCQHashedEmail();
                cq_params.loginId = CQuotient.getCQHashedLogin();
                cq_params.accumulate = true;
                cq_params.products = [{
                    id: '3061069',
                    sku: ''
                }];
                cq_params.categoryId = 'padaria-e-pastelaria-padaria-forma';
                cq_params.refinements = '[{\"name\":\"priceMin\",\"value\":\"0.01\"},{\"name\":\"priceMax\",\"value\":\"null\"},{\"name\":\"curr\",\"value\":\"EUR\"},{\"name\":\"Category\",\"value\":\"padaria-e-pastelaria-padaria-forma\"}]';
                cq_params.personalized = 'false';
                cq_params.sortingRule = 'categories top-sellers';
                cq_params.imageUUID = '__UNDEFINED__';
                cq_params.realm = "BDVS";
                cq_params.siteId = "continente";
                cq_params.instanceType = "prd";
                cq_params.queryLocale = "default";
                cq_params.locale = window.CQuotient.locale;
                
                if(window.CQuotient.sendActivity)
                    window.CQuotient.sendActivity(CQuotient.clientId, 'viewCategory', cq_params);
                else
                    window.CQuotient.activities.push({
                        activityType: 'viewCategory',
                        parameters: cq_params
                    });
              }
            } catch(err) {}
            })();
            /* ]]> */
            // -->
            </script>
            <script type="text/javascript">//<!--
            /* <![CDATA[ (viewCategoryProduct-active_data.js) */
            (function(){
            try {
                if (dw.ac) {
                    var search_params = {};
                    search_params.persd = 'false';
                    search_params.refs = '[{\"name\":\"priceMin\",\"value\":\"0.01\"},{\"name\":\"priceMax\",\"value\":\"null\"},{\"name\":\"curr\",\"value\":\"EUR\"},{\"name\":\"Category\",\"value\":\"padaria-e-pastelaria-padaria-forma\"}]';
                    search_params.sort = 'categories top-sellers';
                    search_params.imageUUID = '';
                    search_params.searchID = '79fd584c-cee5-42dd-a07f-04e8467e04c2';
                    search_params.locale = 'default';
                    search_params.queryLocale = 'default';
                    search_params.showProducts = 'true';
                    dw.ac.applyContext({category: "padaria-e-pastelaria-padaria-forma", searchData: search_params});
                    if (typeof dw.ac._scheduleDataSubmission === "function") {
                        dw.ac._scheduleDataSubmission();
                    }
                }
            } catch(err) {}
            })();
            /* ]]> */
            // -->
            </script>
            <script type="text/javascript">//<!--
            /* <![CDATA[ (viewProduct-active_data.js) */
            dw.ac._capture({id: "3061069", type: "searchhit"});
            /* ]]> */
            // -->
            </script>
            <div class="product" data-pid="3061069">
            <div class="product-tile pid-3061069 ct-product-tile data-layer-pushed" data-delay-time="3000" data-variants-mapping="[]" data-in-cart-msg="no carrinho" data-one-product-added="Adicionado ao carrinho" data-remove-from-cart-msg="Removido do carrinho" data-stay-open="6000.0" data-product-tile-impression="{&quot;name&quot;:&quot;3061069&quot;,&quot;id&quot;:&quot;3061069&quot;,&quot;price&quot;:1.89,&quot;brand&quot;:&quot;Panrico&quot;,&quot;category&quot;:[{&quot;category_level_1&quot;:&quot;Padaria e Pastelaria&quot;},{&quot;category_level_2&quot;:&quot;Padaria&quot;},{&quot;category_level_3&quot;:&quot;Pão de Forma e Embalado&quot;}],&quot;variant&quot;:&quot;&quot;}">
            <div class="ct-inner-tile-wrap row no-gutters justify-content-center align-content-start">
            
            <div class="ct-image-container col-4 col-sm" data-confirmation-image="{&quot;url&quot;:&quot;https://www.continente.pt/dw/image/v2/BDVS_PRD/on/demandware.static/-/Sites-col-master-catalog/default/dw955ee1e3/images/col/306/3061069-frente.jpg?sw=87&amp;sh=80&quot;,&quot;fallbackimage&quot;:{&quot;url&quot;:&quot;https://www.continente.pt/dw/image/v2/BDVS_PRD/on/demandware.static/Sites-continente-Site/-/default/dw7c42b4da/images/noimagelarge_product.png?sw=87&amp;sh=80&quot;,&quot;title&quot;:&quot;Pão de Forma com Côdea&quot;,&quot;alt&quot;:&quot;Pão de Forma com Côdea&quot;},&quot;title&quot;:&quot;Pão de Forma com Côdea&quot;,&quot;alt&quot;:&quot;Pão de Forma com Côdea&quot;}">
            <a href="https://www.continente.pt/produto/pao-de-forma-com-codea-panrico-3061069.html?cgid=padaria-e-pastelaria-padaria-forma">
            <picture class="intrinsic intrinsic--square">
            <img class="ct-tile-image lazyloaded" loading="lazy" onerror="this.onerror=null;this.src='/on/demandware.static/Sites-continente-Site/-/default/dw7c42b4da/images/noimagelarge_product.png';" data-src="https://www.continente.pt/dw/image/v2/BDVS_PRD/on/demandware.static/-/Sites-col-master-catalog/default/dw955ee1e3/images/col/306/3061069-frente.jpg?sw=280&amp;sh=280" alt="Pão de Forma com Côdea" title="Pão de Forma com Côdea" src="https://www.continente.pt/dw/image/v2/BDVS_PRD/on/demandware.static/-/Sites-col-master-catalog/default/dw955ee1e3/images/col/306/3061069-frente.jpg?sw=280&amp;sh=280">
            </picture>
            </a>
            <div class="color-swatches d-flex" style="margin-left: 5px;">
            <div class="swatches d-flex">
            </div>
            </div>
            </div>
            <div class="ct-tile-body col col-sm-auto ">
            <div class="ct-pdp-details">
            <div class="ct-pdp-link">
            <a class="ct-tile--description" href="https://www.continente.pt/produto/pao-de-forma-com-codea-panrico-3061069.html?cgid=padaria-e-pastelaria-padaria-forma">Pão de Forma com Côdea</a>
            <div class="ct-tile--favorite-top d-sm-none">
            <button class="wishlist-toggler guest-mode inactive button button--tertiary" data-pid="3061069" data-add-url="https://www.continente.pt/on/demandware.store/Sites-continente-Site/default/Wishlist-AddProduct?pid=3061069" data-toggle="tooltip" aria-label="Adicionar aos favoritos " data-original-title="Adicionar aos favoritos" data-placement="top">
            <svg class="active-content" width="100%" height="100%" viewBox="0 0 20 22" fill="none" xmlns="http://www.w3.org/2000/svg">
            <path fill-rule="evenodd" clip-rule="evenodd" d="M0 1.53052C0 0.685236 0.692171 0 1.54601 0H15.0736C15.9274 0 16.6196 0.685235 16.6196 1.53052V13.4064L15.8127 13.922L14.2658 14.2658L12.7189 13.4064L10.6054 14.3818C10.4994 14.2451 10.3327 14.157 10.1452 14.157H6.76329C6.4431 14.157 6.18354 14.414 6.18354 14.731C6.18354 15.0479 6.4431 15.3049 6.76329 15.3049H10.1452C10.2478 15.3049 10.3441 15.2785 10.4277 15.2322L10.3126 16.8439L13.2345 20.2793H1.54601C0.69217 20.2793 0 19.5941 0 18.7488V1.53052ZM6.18354 5.5483C6.18354 5.23132 6.4431 4.97436 6.76329 4.97436H12.3676C12.6878 4.97436 12.9473 5.23132 12.9473 5.5483C12.9473 5.86528 12.6878 6.12224 12.3676 6.12224H6.76329C6.4431 6.12224 6.18354 5.86528 6.18354 5.5483ZM6.76329 11.0961C6.4431 11.0961 6.18354 11.3531 6.18354 11.6701C6.18354 11.987 6.4431 12.244 6.76329 12.244H12.3676C12.6878 12.244 12.9473 11.987 12.9473 11.6701C12.9473 11.3531 12.6878 11.0961 12.3676 11.0961H6.76329ZM6.18354 8.60985C6.18354 8.29287 6.4431 8.03591 6.76329 8.03591H12.3676C12.6878 8.03591 12.9473 8.29287 12.9473 8.60985C12.9473 8.92684 12.6878 9.1838 12.3676 9.1838H6.76329C6.4431 9.1838 6.18354 8.92684 6.18354 8.60985ZM3.67118 5.5483C3.67118 5.23132 3.93075 4.97436 4.25093 4.97436H4.63743C4.95762 4.97436 5.21719 5.23132 5.21719 5.5483C5.21719 5.86528 4.95762 6.12224 4.63743 6.12224H4.25093C3.93075 6.12224 3.67118 5.86528 3.67118 5.5483ZM4.25093 11.0961C3.93075 11.0961 3.67118 11.3531 3.67118 11.6701C3.67118 11.987 3.93075 12.244 4.25093 12.244H4.63743C4.95762 12.244 5.21719 11.987 5.21719 11.6701C5.21719 11.3531 4.95762 11.0961 4.63743 11.0961H4.25093ZM3.67118 8.60985C3.67118 8.29287 3.93075 8.03591 4.25093 8.03591H4.63743C4.95762 8.03591 5.21719 8.29287 5.21719 8.60985C5.21719 8.92684 4.95762 9.1838 4.63743 9.1838H4.25093C3.93075 9.1838 3.67118 8.92684 3.67118 8.60985ZM4.25093 14.157C3.93075 14.157 3.67118 14.414 3.67118 14.731C3.67118 15.0479 3.93075 15.3049 4.25093 15.3049H4.63743C4.95762 15.3049 5.21719 15.0479 5.21719 14.731C5.21719 14.414 4.95762 14.157 4.63743 14.157H4.25093Z" fill="#EB0203"></path>
            <path fill-rule="evenodd" clip-rule="evenodd" d="M14.6252 13.6363C13.4918 12.6215 11.7817 12.5264 10.6569 13.4792C9.12421 14.7764 9.34841 16.8912 10.4409 18.0122L14.0159 21.6742C14.2197 21.8832 14.4928 22 14.7822 22C15.0737 22 15.3448 21.8852 15.5486 21.6762L19.1236 18.0142C20.214 16.8933 20.4423 14.7785 18.9075 13.4792C17.7827 12.5283 16.0724 12.6217 14.9391 13.6365C14.8855 13.6845 14.8331 13.7345 14.7822 13.7866C14.7313 13.7345 14.6789 13.6843 14.6252 13.6363ZM18.1546 14.3522C19.0973 15.1508 18.9962 16.4896 18.2891 17.2173C18.2888 17.2175 18.2886 17.2177 18.2884 17.218L14.7832 20.8084L11.2753 17.2151C11.2752 17.215 11.2751 17.2149 11.2749 17.2148C10.5677 16.4887 10.4678 15.1495 11.4104 14.3518L11.4108 14.3514C12.0745 13.7892 13.2018 13.82 13.9488 14.5846L14.7822 15.4378L15.6157 14.5846C16.3617 13.8211 17.4896 13.79 18.1545 14.3521" fill="#EB0203"></path>
            </svg>
            <svg class="inactive-content" width="100%" height="100%" viewBox="0 0 20 23" fill="none" xmlns="http://www.w3.org/2000/svg">
            <path fill-rule="evenodd" clip-rule="evenodd" d="M6.18408 5.77914C6.18408 5.46223 6.44363 5.20532 6.7638 5.20532H12.3678C12.6879 5.20532 12.9475 5.46223 12.9475 5.77914C12.9475 6.09606 12.6879 6.35297 12.3678 6.35297H6.7638C6.44363 6.35297 6.18408 6.09606 6.18408 5.77914Z" fill="#EB0203"></path>
            <path fill-rule="evenodd" clip-rule="evenodd" d="M6.18408 11.9034C6.18408 11.5865 6.44363 11.3296 6.7638 11.3296H12.3678C12.6879 11.3296 12.9475 11.5865 12.9475 11.9034C12.9475 12.2202 12.6879 12.4771 12.3678 12.4771H6.7638C6.44363 12.4771 6.18408 12.2202 6.18408 11.9034Z" fill="#EB0203"></path>
            <path fill-rule="evenodd" clip-rule="evenodd" d="M6.18408 8.84116C6.18408 8.52424 6.44363 8.26733 6.7638 8.26733H12.3678C12.6879 8.26733 12.9475 8.52424 12.9475 8.84116C12.9475 9.15807 12.6879 9.41498 12.3678 9.41498H6.7638C6.44363 9.41498 6.18408 9.15807 6.18408 8.84116Z" fill="#EB0203"></path>
            <path fill-rule="evenodd" clip-rule="evenodd" d="M6.18408 14.9655C6.18408 14.6486 6.44363 14.3917 6.7638 14.3917H10.1455C10.4657 14.3917 10.7252 14.6486 10.7252 14.9655C10.7252 15.2825 10.4657 15.5394 10.1455 15.5394H6.7638C6.44363 15.5394 6.18408 15.2825 6.18408 14.9655Z" fill="#EB0203"></path>
            <path fill-rule="evenodd" clip-rule="evenodd" d="M3.67139 5.77914C3.67139 5.46223 3.93094 5.20532 4.25111 5.20532H4.63759C4.95776 5.20532 5.21731 5.46223 5.21731 5.77914C5.21731 6.09606 4.95776 6.35297 4.63759 6.35297H4.25111C3.93094 6.35297 3.67139 6.09606 3.67139 5.77914Z" fill="#EB0203"></path>
            <path fill-rule="evenodd" clip-rule="evenodd" d="M3.67139 11.9034C3.67139 11.5865 3.93094 11.3296 4.25111 11.3296H4.63759C4.95776 11.3296 5.21731 11.5865 5.21731 11.9034C5.21731 12.2202 4.95776 12.4771 4.63759 12.4771H4.25111C3.93094 12.4771 3.67139 12.2202 3.67139 11.9034Z" fill="#EB0203"></path>
            <path fill-rule="evenodd" clip-rule="evenodd" d="M3.67139 8.84116C3.67139 8.52424 3.93094 8.26733 4.25111 8.26733H4.63759C4.95776 8.26733 5.21731 8.52424 5.21731 8.84116C5.21731 9.15807 4.95776 9.41498 4.63759 9.41498H4.25111C3.93094 9.41498 3.67139 9.15807 3.67139 8.84116Z" fill="#EB0203"></path>
            <path fill-rule="evenodd" clip-rule="evenodd" d="M3.67139 14.9655C3.67139 14.6486 3.93094 14.3917 4.25111 14.3917H4.63759C4.95776 14.3917 5.21731 14.6486 5.21731 14.9655C5.21731 15.2825 4.95776 15.5394 4.63759 15.5394H4.25111C3.93094 15.5394 3.67139 15.2825 3.67139 14.9655Z" fill="#EB0203"></path>
            <path fill-rule="evenodd" clip-rule="evenodd" d="M0 1.76033C0 0.914738 0.692131 0.229248 1.54592 0.229248H15.0727C15.9265 0.229248 16.6186 0.914738 16.6186 1.76033V11.2818C16.6186 11.5989 16.3591 11.8559 16.0389 11.8559C15.7187 11.8559 15.4592 11.5989 15.4592 11.2818V1.76033C15.4592 1.54893 15.2862 1.37756 15.0727 1.37756H1.54592C1.33247 1.37756 1.15944 1.54893 1.15944 1.76033V18.985C1.15944 19.1964 1.33247 19.3678 1.54592 19.3678H9.27551C9.59568 19.3678 9.85523 19.6249 9.85523 19.942C9.85523 20.2591 9.59568 20.5161 9.27551 20.5161H1.54592C0.692131 20.5161 0 19.8306 0 18.985V1.76033Z" fill="#EB0203"></path>
            <path fill-rule="evenodd" clip-rule="evenodd" d="M14.6254 13.8718C13.4921 12.8567 11.7821 12.7615 10.6574 13.7147C9.12472 15.0124 9.34891 17.128 10.4413 18.2493L14.0161 21.9126C14.2199 22.1217 14.493 22.2386 14.7824 22.2386C15.0739 22.2386 15.3449 22.1238 15.5487 21.9147L19.1235 18.2514C20.2139 17.13 20.4422 15.0144 18.9075 13.7147C17.7827 12.7634 16.0726 12.8569 14.9392 13.872C14.8856 13.92 14.8333 13.9701 14.7824 14.0222C14.7314 13.97 14.6791 13.9199 14.6254 13.8718ZM18.1546 14.588C19.0972 15.3869 18.9961 16.7262 18.2891 17.4541C18.2888 17.4543 18.2886 17.4546 18.2884 17.4548L14.7834 21.0466L11.2757 17.452C11.2756 17.4519 11.2755 17.4517 11.2753 17.4516C10.5681 16.7252 10.4682 15.3856 11.4108 14.5876L11.4112 14.5872C12.0748 14.0248 13.202 14.0556 13.949 14.8205L14.7824 15.674L15.6158 14.8205C16.3618 14.0567 17.4896 14.0256 18.1545 14.5879" fill="#EB0203"></path>
            </svg>
            </button>
            </div>
            </div>
            <p class="ct-tile--brand">Panrico</p>
            <p class="ct-tile--quantity">emb. 500 gr</p>
            </div>
             <div class="ct-tile-bottom row no-gutters justify-content-between">
            <div class="ct-price-wrap col-8 col-sm-12">
            <div class="price js-product-price">
            <div class="prices-wrapper">
            <span class="sales ct-tile--price-primary ">
            <span class="value" content="1.89">
            <span class="ct-price-formatted">
            €1,89
            </span>
            <span class="ct-m-unit">
            /un
            </span>
            </span>
            </span>
            </div>
            <div class="ct-tile--price-secondary">
            <span class="ct-price-value">
            €3,78
            </span>
            <span class="ct-m-unit">
            /kg
            </span>
            </div>
            </div>
            </div>
            <div class="ct-tile-buy-section d-flex justify-content-center no-gutters col-auto col-sm-12">
            <div class="col-2 d-sm-flex d-none">
            <button class="wishlist-toggler guest-mode inactive button button--tertiary" data-pid="3061069" data-add-url="https://www.continente.pt/on/demandware.store/Sites-continente-Site/default/Wishlist-AddProduct?pid=3061069" data-toggle="tooltip" aria-label="Adicionar aos favoritos " data-original-title="Adicionar aos favoritos" data-placement="top">
            <svg class="active-content" width="100%" height="100%" viewBox="0 0 20 22" fill="none" xmlns="http://www.w3.org/2000/svg">
            <path fill-rule="evenodd" clip-rule="evenodd" d="M0 1.53052C0 0.685236 0.692171 0 1.54601 0H15.0736C15.9274 0 16.6196 0.685235 16.6196 1.53052V13.4064L15.8127 13.922L14.2658 14.2658L12.7189 13.4064L10.6054 14.3818C10.4994 14.2451 10.3327 14.157 10.1452 14.157H6.76329C6.4431 14.157 6.18354 14.414 6.18354 14.731C6.18354 15.0479 6.4431 15.3049 6.76329 15.3049H10.1452C10.2478 15.3049 10.3441 15.2785 10.4277 15.2322L10.3126 16.8439L13.2345 20.2793H1.54601C0.69217 20.2793 0 19.5941 0 18.7488V1.53052ZM6.18354 5.5483C6.18354 5.23132 6.4431 4.97436 6.76329 4.97436H12.3676C12.6878 4.97436 12.9473 5.23132 12.9473 5.5483C12.9473 5.86528 12.6878 6.12224 12.3676 6.12224H6.76329C6.4431 6.12224 6.18354 5.86528 6.18354 5.5483ZM6.76329 11.0961C6.4431 11.0961 6.18354 11.3531 6.18354 11.6701C6.18354 11.987 6.4431 12.244 6.76329 12.244H12.3676C12.6878 12.244 12.9473 11.987 12.9473 11.6701C12.9473 11.3531 12.6878 11.0961 12.3676 11.0961H6.76329ZM6.18354 8.60985C6.18354 8.29287 6.4431 8.03591 6.76329 8.03591H12.3676C12.6878 8.03591 12.9473 8.29287 12.9473 8.60985C12.9473 8.92684 12.6878 9.1838 12.3676 9.1838H6.76329C6.4431 9.1838 6.18354 8.92684 6.18354 8.60985ZM3.67118 5.5483C3.67118 5.23132 3.93075 4.97436 4.25093 4.97436H4.63743C4.95762 4.97436 5.21719 5.23132 5.21719 5.5483C5.21719 5.86528 4.95762 6.12224 4.63743 6.12224H4.25093C3.93075 6.12224 3.67118 5.86528 3.67118 5.5483ZM4.25093 11.0961C3.93075 11.0961 3.67118 11.3531 3.67118 11.6701C3.67118 11.987 3.93075 12.244 4.25093 12.244H4.63743C4.95762 12.244 5.21719 11.987 5.21719 11.6701C5.21719 11.3531 4.95762 11.0961 4.63743 11.0961H4.25093ZM3.67118 8.60985C3.67118 8.29287 3.93075 8.03591 4.25093 8.03591H4.63743C4.95762 8.03591 5.21719 8.29287 5.21719 8.60985C5.21719 8.92684 4.95762 9.1838 4.63743 9.1838H4.25093C3.93075 9.1838 3.67118 8.92684 3.67118 8.60985ZM4.25093 14.157C3.93075 14.157 3.67118 14.414 3.67118 14.731C3.67118 15.0479 3.93075 15.3049 4.25093 15.3049H4.63743C4.95762 15.3049 5.21719 15.0479 5.21719 14.731C5.21719 14.414 4.95762 14.157 4.63743 14.157H4.25093Z" fill="#EB0203"></path>
            <path fill-rule="evenodd" clip-rule="evenodd" d="M14.6252 13.6363C13.4918 12.6215 11.7817 12.5264 10.6569 13.4792C9.12421 14.7764 9.34841 16.8912 10.4409 18.0122L14.0159 21.6742C14.2197 21.8832 14.4928 22 14.7822 22C15.0737 22 15.3448 21.8852 15.5486 21.6762L19.1236 18.0142C20.214 16.8933 20.4423 14.7785 18.9075 13.4792C17.7827 12.5283 16.0724 12.6217 14.9391 13.6365C14.8855 13.6845 14.8331 13.7345 14.7822 13.7866C14.7313 13.7345 14.6789 13.6843 14.6252 13.6363ZM18.1546 14.3522C19.0973 15.1508 18.9962 16.4896 18.2891 17.2173C18.2888 17.2175 18.2886 17.2177 18.2884 17.218L14.7832 20.8084L11.2753 17.2151C11.2752 17.215 11.2751 17.2149 11.2749 17.2148C10.5677 16.4887 10.4678 15.1495 11.4104 14.3518L11.4108 14.3514C12.0745 13.7892 13.2018 13.82 13.9488 14.5846L14.7822 15.4378L15.6157 14.5846C16.3617 13.8211 17.4896 13.79 18.1545 14.3521" fill="#EB0203"></path>
            </svg>
            <svg class="inactive-content" width="100%" height="100%" viewBox="0 0 20 23" fill="none" xmlns="http://www.w3.org/2000/svg">
            <path fill-rule="evenodd" clip-rule="evenodd" d="M6.18408 5.77914C6.18408 5.46223 6.44363 5.20532 6.7638 5.20532H12.3678C12.6879 5.20532 12.9475 5.46223 12.9475 5.77914C12.9475 6.09606 12.6879 6.35297 12.3678 6.35297H6.7638C6.44363 6.35297 6.18408 6.09606 6.18408 5.77914Z" fill="#EB0203"></path>
            <path fill-rule="evenodd" clip-rule="evenodd" d="M6.18408 11.9034C6.18408 11.5865 6.44363 11.3296 6.7638 11.3296H12.3678C12.6879 11.3296 12.9475 11.5865 12.9475 11.9034C12.9475 12.2202 12.6879 12.4771 12.3678 12.4771H6.7638C6.44363 12.4771 6.18408 12.2202 6.18408 11.9034Z" fill="#EB0203"></path>
            <path fill-rule="evenodd" clip-rule="evenodd" d="M6.18408 8.84116C6.18408 8.52424 6.44363 8.26733 6.7638 8.26733H12.3678C12.6879 8.26733 12.9475 8.52424 12.9475 8.84116C12.9475 9.15807 12.6879 9.41498 12.3678 9.41498H6.7638C6.44363 9.41498 6.18408 9.15807 6.18408 8.84116Z" fill="#EB0203"></path>
            <path fill-rule="evenodd" clip-rule="evenodd" d="M6.18408 14.9655C6.18408 14.6486 6.44363 14.3917 6.7638 14.3917H10.1455C10.4657 14.3917 10.7252 14.6486 10.7252 14.9655C10.7252 15.2825 10.4657 15.5394 10.1455 15.5394H6.7638C6.44363 15.5394 6.18408 15.2825 6.18408 14.9655Z" fill="#EB0203"></path>
            <path fill-rule="evenodd" clip-rule="evenodd" d="M3.67139 5.77914C3.67139 5.46223 3.93094 5.20532 4.25111 5.20532H4.63759C4.95776 5.20532 5.21731 5.46223 5.21731 5.77914C5.21731 6.09606 4.95776 6.35297 4.63759 6.35297H4.25111C3.93094 6.35297 3.67139 6.09606 3.67139 5.77914Z" fill="#EB0203"></path>
            <path fill-rule="evenodd" clip-rule="evenodd" d="M3.67139 11.9034C3.67139 11.5865 3.93094 11.3296 4.25111 11.3296H4.63759C4.95776 11.3296 5.21731 11.5865 5.21731 11.9034C5.21731 12.2202 4.95776 12.4771 4.63759 12.4771H4.25111C3.93094 12.4771 3.67139 12.2202 3.67139 11.9034Z" fill="#EB0203"></path>
            <path fill-rule="evenodd" clip-rule="evenodd" d="M3.67139 8.84116C3.67139 8.52424 3.93094 8.26733 4.25111 8.26733H4.63759C4.95776 8.26733 5.21731 8.52424 5.21731 8.84116C5.21731 9.15807 4.95776 9.41498 4.63759 9.41498H4.25111C3.93094 9.41498 3.67139 9.15807 3.67139 8.84116Z" fill="#EB0203"></path>
            <path fill-rule="evenodd" clip-rule="evenodd" d="M3.67139 14.9655C3.67139 14.6486 3.93094 14.3917 4.25111 14.3917H4.63759C4.95776 14.3917 5.21731 14.6486 5.21731 14.9655C5.21731 15.2825 4.95776 15.5394 4.63759 15.5394H4.25111C3.93094 15.5394 3.67139 15.2825 3.67139 14.9655Z" fill="#EB0203"></path>
            <path fill-rule="evenodd" clip-rule="evenodd" d="M0 1.76033C0 0.914738 0.692131 0.229248 1.54592 0.229248H15.0727C15.9265 0.229248 16.6186 0.914738 16.6186 1.76033V11.2818C16.6186 11.5989 16.3591 11.8559 16.0389 11.8559C15.7187 11.8559 15.4592 11.5989 15.4592 11.2818V1.76033C15.4592 1.54893 15.2862 1.37756 15.0727 1.37756H1.54592C1.33247 1.37756 1.15944 1.54893 1.15944 1.76033V18.985C1.15944 19.1964 1.33247 19.3678 1.54592 19.3678H9.27551C9.59568 19.3678 9.85523 19.6249 9.85523 19.942C9.85523 20.2591 9.59568 20.5161 9.27551 20.5161H1.54592C0.692131 20.5161 0 19.8306 0 18.985V1.76033Z" fill="#EB0203"></path>
            <path fill-rule="evenodd" clip-rule="evenodd" d="M14.6254 13.8718C13.4921 12.8567 11.7821 12.7615 10.6574 13.7147C9.12472 15.0124 9.34891 17.128 10.4413 18.2493L14.0161 21.9126C14.2199 22.1217 14.493 22.2386 14.7824 22.2386C15.0739 22.2386 15.3449 22.1238 15.5487 21.9147L19.1235 18.2514C20.2139 17.13 20.4422 15.0144 18.9075 13.7147C17.7827 12.7634 16.0726 12.8569 14.9392 13.872C14.8856 13.92 14.8333 13.9701 14.7824 14.0222C14.7314 13.97 14.6791 13.9199 14.6254 13.8718ZM18.1546 14.588C19.0972 15.3869 18.9961 16.7262 18.2891 17.4541C18.2888 17.4543 18.2886 17.4546 18.2884 17.4548L14.7834 21.0466L11.2757 17.452C11.2756 17.4519 11.2755 17.4517 11.2753 17.4516C10.5681 16.7252 10.4682 15.3856 11.4108 14.5876L11.4112 14.5872C12.0748 14.0248 13.202 14.0556 13.949 14.8205L14.7824 15.674L15.6158 14.8205C16.3618 14.0567 17.4896 14.0256 18.1545 14.5879" fill="#EB0203"></path>
            </svg>
            </button>
            </div>
            <div class="col-sm-10 col-12">
            <div class="ct-tile-quantity d-none" data-pid="3061069">
            <input type="hidden" class="add-to-cart-url" value="https://www.continente.pt/on/demandware.store/Sites-continente-Site/default/Cart-AddProduct">
            <div class="d-none tile-delete-confirmation-btn" data-pid="3061069" data-delay-time="3000" data-in-cart-msg="no carrinho" data-one-product-added="Adicionado ao carrinho" data-remove-from-cart-msg="Removido do carrinho" data-stay-open="6000.0" data-confirmation-image="{&quot;url&quot;:&quot;https://www.continente.pt/dw/image/v2/BDVS_PRD/on/demandware.static/-/Sites-col-master-catalog/default/dw955ee1e3/images/col/306/3061069-frente.jpg?sw=87&amp;sh=80&quot;,&quot;fallbackimage&quot;:{&quot;url&quot;:&quot;https://www.continente.pt/dw/image/v2/BDVS_PRD/on/demandware.static/Sites-continente-Site/-/default/dw7c42b4da/images/noimagelarge_product.png?sw=87&amp;sh=80&quot;,&quot;title&quot;:&quot;Pão de Forma com Côdea&quot;,&quot;alt&quot;:&quot;Pão de Forma com Côdea&quot;},&quot;title&quot;:&quot;Pão de Forma com Côdea&quot;,&quot;alt&quot;:&quot;Pão de Forma com Côdea&quot;}"></div>
            <div class="ct-tile-quantity-update quantity-update product-qty-vue" data-remove-action="https://www.continente.pt/on/demandware.store/Sites-continente-Site/default/Cart-RemoveProductLineItem" data-action="https://www.continente.pt/on/demandware.store/Sites-continente-Site/default/Cart-UpdateQuantity" data-dimension-update="https://www.continente.pt/on/demandware.store/Sites-continente-Site/default/Cart-DimensionUpdate" data-pid="3061069" data-uuid="8daf47f56d18926ce937e29875" data-add-delay="500.0" data-measure-options="{&quot;hasConversionRate&quot;:false,&quot;hasAlternativeSaleUnit&quot;:false,&quot;unitConversionRate&quot;:0,&quot;minOrderQuantity&quot;:1,&quot;stepQuantity&quot;:1,&quot;primaryunit&quot;:&quot;un&quot;,&quot;secondaryunit&quot;:&quot;kg&quot;,&quot;selectedunit&quot;:&quot;primary&quot;,&quot;maxNumberOfUnitsPerSale&quot;:50}" data-price-available="null" :data-has-error="isMaxQtyReached || isMinQtyReached || qtySelectedMoreThanOne">
            <template v-show="prodUnits">
            <div class="quantity-input-wrapper has-units">
            <label class="visually-hidden" :for="'quantity-' + pid + additionalTag">
            Quantidade no carrinho
            </label>
            <input :ref="'quantityInput-' + pid + additionalTag" class="add-to-cart-quantity form-control ct-form-input text-center" inputmode="numeric" :class="{'is-invalid': isInvalid}" :data-pid="pid + additionalTag" :name="'quantity-' + pid + additionalTag" type="text" aria-label="Insira a quantidade" title="" v-model="displayValue" @change="updateQuantity" @focus="updateQtyFormat" @blur="restoreQtyFormat" :disabled="!isPriceAvailable">
            <span class="quantity-icon quantity-icon--minus">
            <button class="decrease-quantity-btn" @click="updateQuantity" :disabled="!isPriceAvailable" role="button" aria-label="Reduzir quantidade">
            <i class="css-math-minus"></i>
            </button>
            </span>
            <span class="quantity-icon quantity-icon--plus">
            <button class="increase-quantity-btn" @click="updateQuantity" :disabled="isMaxQtyReached || !isPriceAvailable" role="button" aria-label="Aumentar quantidade">
            <i class="css-math-plus"></i>
            </button>
            <span class="quantity-btn-disabled-placeholder"></span>
            </span>
            <template v-if="isPDP">
            <span class="quantity-error ct-span-error text-sm-center product-max-allocation" v-if="isMaxQtyReached">
            Quantidade máxima atingida
            </span>
            <span class="quantity-error ct-span-product text-sm-center product-allocation" v-if="!isMinQtyReached &amp;&amp; !isMaxQtyReached">
            {{quantitySelected}} no carrinho
            </span>
            <span class="quantity-error ct-span-error text-sm-center product-min-allocation" :data-pid="pid" v-if="isMinQtyReached &amp;&amp; !isMaxQtyReached">
            Quantidade mínima atingida
            </span>
            </template>
            </div>
            <template v-if="showNotes">
            <div class="add-note-link-container ">
            <div class="add-note">
            <a href="/produto/pao-de-forma-com-codea-panrico-3061069.html?showNote=true" class="ct-add-note-redirect-pdp" aria-label="Adicionar comentário">
            <span class="svg-wrapper svg-icon-notes" style="width:19px; height:20px">
            <svg class="svg-inline icon-notes" viewBox="0 0 28 30" xmlns="http://www.w3.org/2000/svg" width="100%" height="100%"><path d="M21.738 0C22.985 0 24 1.04 24 2.319V12.47c0 .469-.37.848-.828.848-.457 0-.827-.38-.827-.848V2.32c0-.343-.273-.622-.607-.622H2.262c-.334 0-.607.279-.607.622V27.68c0 .343.273.622.607.622h7.81c.457 0 .827.38.827.849 0 .468-.37.848-.827.848h-7.81C1.015 30 0 28.96 0 27.681V2.32C0 1.04 1.015 0 2.262 0h19.476zm2.844 16.004l.227.007c.823.053 1.589.39 2.176.964.64.627.993 1.46.993 2.349 0 .888-.353 1.722-.993 2.348l-6.83 6.665c-.11.108-.247.186-.397.226l-5.032 1.363c-.078.021-.16.032-.241.032-.242 0-.478-.097-.647-.266-.23-.231-.314-.566-.218-.874l1.49-4.798c.044-.139.122-.266.227-.369l6.844-6.677c.64-.625 1.493-.97 2.401-.97zm-2.886 3.94l-4.922 4.802-.947 3.048 3.22-.872 4.897-4.78-2.248-2.197zm2.887-2.174c-.425 0-.824.162-1.124.455l-.484.472 2.248 2.197.484-.472c.62-.606.62-1.591 0-2.197l-.117-.104c-.283-.227-.636-.35-1.007-.35zm-10.839.022c.498 0 .904.396.904.883 0 .488-.406.884-.904.884H5.946c-.499 0-.904-.396-.904-.884 0-.487.405-.883.904-.883zm5.042-4.876c.498 0 .904.397.904.884s-.406.884-.904.884H5.946c-.499 0-.904-.397-.904-.884s.405-.884.904-.884zm0-4.875c.498 0 .904.396.904.884 0 .487-.406.883-.904.883H5.946c-.499 0-.904-.396-.904-.883 0-.488.405-.884.904-.884z" fill="#EB0203" fill-rule="evenodd"></path></svg>
            </span>
            <div class="available-note d-none"></div>
            </a>
            </div>
            </div>
            </template>
            <div class="measurement-unit-section" v-if="isPriceAvailable &amp;&amp; prodUnits ? prodUnits.hasAlternativeUnit : false">
            <div class="ct-form-radio" @click="setDimension">
            <input type="radio" title="" class="ct-form-check-input product-measurement-unit" :data-type="prodUnits.selectedUnit == prodUnits.secondaryUnit ? 'primary' : ''" :id="prodUnits.secondaryUnit + '-' + pid + '-measurement-unit-ptile' + additionalTag" :name="'measurement-unit-' + pid + '-ptile' + additionalTag" :value="prodUnits.secondaryUnit" v-model="prodUnits.selectedUnit">
            <label :class="prodUnits.secondaryUnit + '-label ct-form-check-label mb-0'" :for="prodUnits.secondaryUnit + '-' + pid + '-measurement-unit-ptile' + additionalTag">
            {{prodUnits.secondaryUnit}}
            </label>
            <span class="checkmark"></span>
            </div>
            <div class="ct-form-radio" @click="setDimension">
            <input type="radio" title="" class="ct-form-check-input product-measurement-unit" :data-type="prodUnits.selectedUnit == prodUnits.primaryUnit ? 'primary' : ''" :id="prodUnits.primaryUnit + '-' + pid + '-measurement-unit-ptile' + additionalTag" :name="'measurement-unit-' + pid + '-ptile' + additionalTag" :value="prodUnits.primaryUnit" v-model="prodUnits.selectedUnit">
            <label :class="prodUnits.primaryUnit + '-label ct-form-check-label mb-0'" :for="prodUnits.primaryUnit + '-' + pid + '-measurement-unit-ptile' + additionalTag">
            {{prodUnits.primaryUnit}}
            </label>
            <span class="checkmark"></span>
            </div>
            </div>
            <template v-if="!isPDP &amp;&amp; isPriceAvailable">
            <span class="quantity-error ct-span-error product-max-allocation" v-if="isMaxQtyReached">
            Quantidade máxima atingida
            </span>
            <span class="quantity-error ct-span-product product-allocation" v-if="!isMinQtyReached &amp;&amp; !isMaxQtyReached">
            {{quantitySelected}} no carrinho
            </span>
            <span class="quantity-error ct-span-error product-min-allocation" :data-pid="pid" v-if="isMinQtyReached &amp;&amp; !isMaxQtyReached">
            Quantidade mínima atingida
            </span>
            </template>
            </template>
            </div>
            <input class="quantity-value-mask d-none" name="quantity" type="number" min="0" value="">
            </div>
            <button type="button" class="add-to-cart button js-add-to-cart js-add-to-cart-tile 3061069 button--primary dynamic-layout-btn" data-toggle="modal" data-target="#chooseBonusProductModal" data-pid="3061069" data-quantity-value="null" aria-label="Carrinho">
            <span class="d-block d-sm-none">
            <span class="svg-wrapper svg-icon-cart" style="width:20px; height:20px">
            <svg class="svg-inline icon-cart" xmlns="http://www.w3.org/2000/svg" viewBox="0 0 500 500" width="100%" height="100%"><path fill="#EB0203" fill-rule="evenodd" d="M 485.67317,94.386311 C 476.37798,83.847129 463.09468,78.03348 448.30404,78.03348 H 90.690813 L 87.079511,51.327997 C 83.185582,22.539551 62.962285,0 41.011841,0 H 14.727836 C 6.563151,0 0,6.5286975 0,14.580758 c 0,8.05206 6.5945535,14.580758 14.727836,14.580758 h 26.284005 c 4.710398,0 14.696435,9.855222 16.894619,26.021523 L 100.01739,368.0631 c 1.88416,13.77244 9.01256,26.70549 20.1605,36.37417 8.25889,7.15046 18.02511,11.9071 28.26237,13.89679 -4.17655,7.58572 -6.53175,16.25957 -6.53175,25.493 0,29.53459 24.27424,53.59751 54.13815,53.59751 29.8325,0 54.13814,-24.03184 54.13814,-53.59751 0,-8.79818 -2.19818,-17.09897 -5.9979,-24.43598 h 77.12488 c -3.79973,7.33701 -5.96652,15.6378 -5.96652,24.43598 0,29.53459 24.27424,53.59751 54.13817,53.59751 29.83249,0 54.13814,-24.03184 54.13814,-53.59751 0,-8.79818 -2.1982,-17.09897 -5.9979,-24.43598 h 38.56243 c 8.13328,0 14.72783,-6.5287 14.72783,-14.61183 0,-8.02098 -6.59455,-14.54967 -14.72783,-14.54967 H 159.24277 c -14.38241,0 -28.13677,-11.90711 -30.02092,-26.02153 l -3.07746,-22.88154 h 290.6314 c 14.03698,0 27.94834,-5.28513 39.06488,-14.95381 11.11652,-9.6376 18.27632,-22.57065 20.16048,-36.37417 l 21.10259,-156.78201 c 1.94694,-14.51858 -2.10398,-28.29103 -11.43057,-38.861299 z M 220.76053,443.82706 c 0,13.49265 -11.08513,24.46709 -24.68247,24.46709 -13.62874,0 -24.71387,-10.97444 -24.71387,-24.46709 0,-13.49262 11.08513,-24.43598 24.71387,-24.43598 13.59734,0 24.68247,10.94336 24.68247,24.43598 z m 173.43675,0 c 0,13.49265 -11.08512,24.46709 -24.68245,24.46709 -13.62876,0 -24.71388,-10.97444 -24.71388,-24.46709 0,-13.49262 11.08512,-24.43598 24.71388,-24.43598 13.59733,0 24.68245,10.94336 24.68245,24.43598 z m 73.7648,-314.46558 -21.13397,156.782 c -1.88416,14.11442 -15.63851,26.05261 -30.02091,26.05261 H 122.25046 L 94.616142,107.19499 H 448.33544 c 6.18632,0 11.61896,2.2695 15.23028,6.37326 3.64269,4.13484 5.21283,9.73086 4.39636,15.79323 z"></path></svg>
            </span>
            </span>
            <span class="add-to-cart--text d-none d-sm-block">Carrinho</span>
            </button>
            </div>
            </div>
            </div>
            </div>
            
            <div class="col-12 d-sm-none">
            </div>
            </div>
            </div>
            </div>
            </div>
            <div class="col-12 col-sm-3 col-lg-2 productTile" data-idx="21">
            
            <script type="text/javascript">//<!--
            /* <![CDATA[ */
            (function(){
            try {
                if(window.CQuotient) {
                var cq_params = {};
                
                cq_params.cookieId = window.CQuotient.getCQCookieId();
                cq_params.userId = window.CQuotient.getCQUserId();
                cq_params.emailId = CQuotient.getCQHashedEmail();
                cq_params.loginId = CQuotient.getCQHashedLogin();
                cq_params.accumulate = true;
                cq_params.products = [{
                    id: '7479987',
                    sku: ''
                }];
                cq_params.categoryId = 'padaria-e-pastelaria-padaria-forma';
                cq_params.refinements = '[{\"name\":\"priceMin\",\"value\":\"0.01\"},{\"name\":\"priceMax\",\"value\":\"null\"},{\"name\":\"curr\",\"value\":\"EUR\"},{\"name\":\"Category\",\"value\":\"padaria-e-pastelaria-padaria-forma\"}]';
                cq_params.personalized = 'false';
                cq_params.sortingRule = 'categories top-sellers';
                cq_params.imageUUID = '__UNDEFINED__';
                cq_params.realm = "BDVS";
                cq_params.siteId = "continente";
                cq_params.instanceType = "prd";
                cq_params.queryLocale = "default";
                cq_params.locale = window.CQuotient.locale;
                
                if(window.CQuotient.sendActivity)
                    window.CQuotient.sendActivity(CQuotient.clientId, 'viewCategory', cq_params);
                else
                    window.CQuotient.activities.push({
                        activityType: 'viewCategory',
                        parameters: cq_params
                    });
              }
            } catch(err) {}
            })();
            /* ]]> */
            // -->
            </script>
            <script type="text/javascript">//<!--
            /* <![CDATA[ (viewCategoryProduct-active_data.js) */
            (function(){
            try {
                if (dw.ac) {
                    var search_params = {};
                    search_params.persd = 'false';
                    search_params.refs = '[{\"name\":\"priceMin\",\"value\":\"0.01\"},{\"name\":\"priceMax\",\"value\":\"null\"},{\"name\":\"curr\",\"value\":\"EUR\"},{\"name\":\"Category\",\"value\":\"padaria-e-pastelaria-padaria-forma\"}]';
                    search_params.sort = 'categories top-sellers';
                    search_params.imageUUID = '';
                    search_params.searchID = '79fd584c-cee5-42dd-a07f-04e8467e04c2';
                    search_params.locale = 'default';
                    search_params.queryLocale = 'default';
                    search_params.showProducts = 'true';
                    dw.ac.applyContext({category: "padaria-e-pastelaria-padaria-forma", searchData: search_params});
                    if (typeof dw.ac._scheduleDataSubmission === "function") {
                        dw.ac._scheduleDataSubmission();
                    }
                }
            } catch(err) {}
            })();
            /* ]]> */
            // -->
            </script>
            <script type="text/javascript">//<!--
            /* <![CDATA[ (viewProduct-active_data.js) */
            dw.ac._capture({id: "7479987", type: "searchhit"});
            /* ]]> */
            // -->
            </script>
            <div class="product" data-pid="7479987">
            <div class="product-tile pid-7479987 ct-product-tile data-layer-pushed" data-delay-time="3000" data-variants-mapping="[]" data-in-cart-msg="no carrinho" data-one-product-added="Adicionado ao carrinho" data-remove-from-cart-msg="Removido do carrinho" data-stay-open="6000.0" data-product-tile-impression="{&quot;name&quot;:&quot;7479987&quot;,&quot;id&quot;:&quot;7479987&quot;,&quot;price&quot;:2.39,&quot;brand&quot;:&quot;Bimbo&quot;,&quot;category&quot;:[{&quot;category_level_1&quot;:&quot;Padaria e Pastelaria&quot;},{&quot;category_level_2&quot;:&quot;Padaria&quot;},{&quot;category_level_3&quot;:&quot;Pão de Hambúrguer, Cachorro e Wraps&quot;}],&quot;variant&quot;:&quot;&quot;}">
            <div class="ct-inner-tile-wrap row no-gutters justify-content-center align-content-start">
            
            <div class="ct-image-container col-4 col-sm" data-confirmation-image="{&quot;url&quot;:&quot;https://www.continente.pt/dw/image/v2/BDVS_PRD/on/demandware.static/-/Sites-col-master-catalog/default/dw5d0cd1bd/images/col/747/7479987-frente.jpg?sw=87&amp;sh=80&quot;,&quot;fallbackimage&quot;:{&quot;url&quot;:&quot;https://www.continente.pt/dw/image/v2/BDVS_PRD/on/demandware.static/Sites-continente-Site/-/default/dw7c42b4da/images/noimagelarge_product.png?sw=87&amp;sh=80&quot;,&quot;title&quot;:&quot;Bagels Clássico&quot;,&quot;alt&quot;:&quot;Bagels Clássico&quot;},&quot;title&quot;:&quot;Bagels Clássico&quot;,&quot;alt&quot;:&quot;Bagels Clássico&quot;}">
            <a href="https://www.continente.pt/produto/bagels-classico-bimbo-7479987.html?cgid=padaria-e-pastelaria-padaria-forma">
            <picture class="intrinsic intrinsic--square">
            <img class="ct-tile-image lazyloaded" loading="lazy" onerror="this.onerror=null;this.src='/on/demandware.static/Sites-continente-Site/-/default/dw7c42b4da/images/noimagelarge_product.png';" data-src="https://www.continente.pt/dw/image/v2/BDVS_PRD/on/demandware.static/-/Sites-col-master-catalog/default/dw5d0cd1bd/images/col/747/7479987-frente.jpg?sw=280&amp;sh=280" alt="Bagels Clássico" title="Bagels Clássico" src="https://www.continente.pt/dw/image/v2/BDVS_PRD/on/demandware.static/-/Sites-col-master-catalog/default/dw5d0cd1bd/images/col/747/7479987-frente.jpg?sw=280&amp;sh=280">
            </picture>
            </a>
            <div class="color-swatches d-flex" style="margin-left: 5px;">
            <div class="swatches d-flex">
            </div>
            </div>
            </div>
            <div class="ct-tile-body col col-sm-auto ">
            <div class="ct-pdp-details">
            <div class="ct-pdp-link">
            <a class="ct-tile--description" href="https://www.continente.pt/produto/bagels-classico-bimbo-7479987.html?cgid=padaria-e-pastelaria-padaria-forma">Bagels Clássico</a>
            <div class="ct-tile--favorite-top d-sm-none">
            <button class="wishlist-toggler guest-mode inactive button button--tertiary" data-pid="7479987" data-add-url="https://www.continente.pt/on/demandware.store/Sites-continente-Site/default/Wishlist-AddProduct?pid=7479987" data-toggle="tooltip" aria-label="Adicionar aos favoritos " data-original-title="Adicionar aos favoritos" data-placement="top">
            <svg class="active-content" width="100%" height="100%" viewBox="0 0 20 22" fill="none" xmlns="http://www.w3.org/2000/svg">
            <path fill-rule="evenodd" clip-rule="evenodd" d="M0 1.53052C0 0.685236 0.692171 0 1.54601 0H15.0736C15.9274 0 16.6196 0.685235 16.6196 1.53052V13.4064L15.8127 13.922L14.2658 14.2658L12.7189 13.4064L10.6054 14.3818C10.4994 14.2451 10.3327 14.157 10.1452 14.157H6.76329C6.4431 14.157 6.18354 14.414 6.18354 14.731C6.18354 15.0479 6.4431 15.3049 6.76329 15.3049H10.1452C10.2478 15.3049 10.3441 15.2785 10.4277 15.2322L10.3126 16.8439L13.2345 20.2793H1.54601C0.69217 20.2793 0 19.5941 0 18.7488V1.53052ZM6.18354 5.5483C6.18354 5.23132 6.4431 4.97436 6.76329 4.97436H12.3676C12.6878 4.97436 12.9473 5.23132 12.9473 5.5483C12.9473 5.86528 12.6878 6.12224 12.3676 6.12224H6.76329C6.4431 6.12224 6.18354 5.86528 6.18354 5.5483ZM6.76329 11.0961C6.4431 11.0961 6.18354 11.3531 6.18354 11.6701C6.18354 11.987 6.4431 12.244 6.76329 12.244H12.3676C12.6878 12.244 12.9473 11.987 12.9473 11.6701C12.9473 11.3531 12.6878 11.0961 12.3676 11.0961H6.76329ZM6.18354 8.60985C6.18354 8.29287 6.4431 8.03591 6.76329 8.03591H12.3676C12.6878 8.03591 12.9473 8.29287 12.9473 8.60985C12.9473 8.92684 12.6878 9.1838 12.3676 9.1838H6.76329C6.4431 9.1838 6.18354 8.92684 6.18354 8.60985ZM3.67118 5.5483C3.67118 5.23132 3.93075 4.97436 4.25093 4.97436H4.63743C4.95762 4.97436 5.21719 5.23132 5.21719 5.5483C5.21719 5.86528 4.95762 6.12224 4.63743 6.12224H4.25093C3.93075 6.12224 3.67118 5.86528 3.67118 5.5483ZM4.25093 11.0961C3.93075 11.0961 3.67118 11.3531 3.67118 11.6701C3.67118 11.987 3.93075 12.244 4.25093 12.244H4.63743C4.95762 12.244 5.21719 11.987 5.21719 11.6701C5.21719 11.3531 4.95762 11.0961 4.63743 11.0961H4.25093ZM3.67118 8.60985C3.67118 8.29287 3.93075 8.03591 4.25093 8.03591H4.63743C4.95762 8.03591 5.21719 8.29287 5.21719 8.60985C5.21719 8.92684 4.95762 9.1838 4.63743 9.1838H4.25093C3.93075 9.1838 3.67118 8.92684 3.67118 8.60985ZM4.25093 14.157C3.93075 14.157 3.67118 14.414 3.67118 14.731C3.67118 15.0479 3.93075 15.3049 4.25093 15.3049H4.63743C4.95762 15.3049 5.21719 15.0479 5.21719 14.731C5.21719 14.414 4.95762 14.157 4.63743 14.157H4.25093Z" fill="#EB0203"></path>
            <path fill-rule="evenodd" clip-rule="evenodd" d="M14.6252 13.6363C13.4918 12.6215 11.7817 12.5264 10.6569 13.4792C9.12421 14.7764 9.34841 16.8912 10.4409 18.0122L14.0159 21.6742C14.2197 21.8832 14.4928 22 14.7822 22C15.0737 22 15.3448 21.8852 15.5486 21.6762L19.1236 18.0142C20.214 16.8933 20.4423 14.7785 18.9075 13.4792C17.7827 12.5283 16.0724 12.6217 14.9391 13.6365C14.8855 13.6845 14.8331 13.7345 14.7822 13.7866C14.7313 13.7345 14.6789 13.6843 14.6252 13.6363ZM18.1546 14.3522C19.0973 15.1508 18.9962 16.4896 18.2891 17.2173C18.2888 17.2175 18.2886 17.2177 18.2884 17.218L14.7832 20.8084L11.2753 17.2151C11.2752 17.215 11.2751 17.2149 11.2749 17.2148C10.5677 16.4887 10.4678 15.1495 11.4104 14.3518L11.4108 14.3514C12.0745 13.7892 13.2018 13.82 13.9488 14.5846L14.7822 15.4378L15.6157 14.5846C16.3617 13.8211 17.4896 13.79 18.1545 14.3521" fill="#EB0203"></path>
            </svg>
            <svg class="inactive-content" width="100%" height="100%" viewBox="0 0 20 23" fill="none" xmlns="http://www.w3.org/2000/svg">
            <path fill-rule="evenodd" clip-rule="evenodd" d="M6.18408 5.77914C6.18408 5.46223 6.44363 5.20532 6.7638 5.20532H12.3678C12.6879 5.20532 12.9475 5.46223 12.9475 5.77914C12.9475 6.09606 12.6879 6.35297 12.3678 6.35297H6.7638C6.44363 6.35297 6.18408 6.09606 6.18408 5.77914Z" fill="#EB0203"></path>
            <path fill-rule="evenodd" clip-rule="evenodd" d="M6.18408 11.9034C6.18408 11.5865 6.44363 11.3296 6.7638 11.3296H12.3678C12.6879 11.3296 12.9475 11.5865 12.9475 11.9034C12.9475 12.2202 12.6879 12.4771 12.3678 12.4771H6.7638C6.44363 12.4771 6.18408 12.2202 6.18408 11.9034Z" fill="#EB0203"></path>
            <path fill-rule="evenodd" clip-rule="evenodd" d="M6.18408 8.84116C6.18408 8.52424 6.44363 8.26733 6.7638 8.26733H12.3678C12.6879 8.26733 12.9475 8.52424 12.9475 8.84116C12.9475 9.15807 12.6879 9.41498 12.3678 9.41498H6.7638C6.44363 9.41498 6.18408 9.15807 6.18408 8.84116Z" fill="#EB0203"></path>
            <path fill-rule="evenodd" clip-rule="evenodd" d="M6.18408 14.9655C6.18408 14.6486 6.44363 14.3917 6.7638 14.3917H10.1455C10.4657 14.3917 10.7252 14.6486 10.7252 14.9655C10.7252 15.2825 10.4657 15.5394 10.1455 15.5394H6.7638C6.44363 15.5394 6.18408 15.2825 6.18408 14.9655Z" fill="#EB0203"></path>
            <path fill-rule="evenodd" clip-rule="evenodd" d="M3.67139 5.77914C3.67139 5.46223 3.93094 5.20532 4.25111 5.20532H4.63759C4.95776 5.20532 5.21731 5.46223 5.21731 5.77914C5.21731 6.09606 4.95776 6.35297 4.63759 6.35297H4.25111C3.93094 6.35297 3.67139 6.09606 3.67139 5.77914Z" fill="#EB0203"></path>
            <path fill-rule="evenodd" clip-rule="evenodd" d="M3.67139 11.9034C3.67139 11.5865 3.93094 11.3296 4.25111 11.3296H4.63759C4.95776 11.3296 5.21731 11.5865 5.21731 11.9034C5.21731 12.2202 4.95776 12.4771 4.63759 12.4771H4.25111C3.93094 12.4771 3.67139 12.2202 3.67139 11.9034Z" fill="#EB0203"></path>
            <path fill-rule="evenodd" clip-rule="evenodd" d="M3.67139 8.84116C3.67139 8.52424 3.93094 8.26733 4.25111 8.26733H4.63759C4.95776 8.26733 5.21731 8.52424 5.21731 8.84116C5.21731 9.15807 4.95776 9.41498 4.63759 9.41498H4.25111C3.93094 9.41498 3.67139 9.15807 3.67139 8.84116Z" fill="#EB0203"></path>
            <path fill-rule="evenodd" clip-rule="evenodd" d="M3.67139 14.9655C3.67139 14.6486 3.93094 14.3917 4.25111 14.3917H4.63759C4.95776 14.3917 5.21731 14.6486 5.21731 14.9655C5.21731 15.2825 4.95776 15.5394 4.63759 15.5394H4.25111C3.93094 15.5394 3.67139 15.2825 3.67139 14.9655Z" fill="#EB0203"></path>
            <path fill-rule="evenodd" clip-rule="evenodd" d="M0 1.76033C0 0.914738 0.692131 0.229248 1.54592 0.229248H15.0727C15.9265 0.229248 16.6186 0.914738 16.6186 1.76033V11.2818C16.6186 11.5989 16.3591 11.8559 16.0389 11.8559C15.7187 11.8559 15.4592 11.5989 15.4592 11.2818V1.76033C15.4592 1.54893 15.2862 1.37756 15.0727 1.37756H1.54592C1.33247 1.37756 1.15944 1.54893 1.15944 1.76033V18.985C1.15944 19.1964 1.33247 19.3678 1.54592 19.3678H9.27551C9.59568 19.3678 9.85523 19.6249 9.85523 19.942C9.85523 20.2591 9.59568 20.5161 9.27551 20.5161H1.54592C0.692131 20.5161 0 19.8306 0 18.985V1.76033Z" fill="#EB0203"></path>
            <path fill-rule="evenodd" clip-rule="evenodd" d="M14.6254 13.8718C13.4921 12.8567 11.7821 12.7615 10.6574 13.7147C9.12472 15.0124 9.34891 17.128 10.4413 18.2493L14.0161 21.9126C14.2199 22.1217 14.493 22.2386 14.7824 22.2386C15.0739 22.2386 15.3449 22.1238 15.5487 21.9147L19.1235 18.2514C20.2139 17.13 20.4422 15.0144 18.9075 13.7147C17.7827 12.7634 16.0726 12.8569 14.9392 13.872C14.8856 13.92 14.8333 13.9701 14.7824 14.0222C14.7314 13.97 14.6791 13.9199 14.6254 13.8718ZM18.1546 14.588C19.0972 15.3869 18.9961 16.7262 18.2891 17.4541C18.2888 17.4543 18.2886 17.4546 18.2884 17.4548L14.7834 21.0466L11.2757 17.452C11.2756 17.4519 11.2755 17.4517 11.2753 17.4516C10.5681 16.7252 10.4682 15.3856 11.4108 14.5876L11.4112 14.5872C12.0748 14.0248 13.202 14.0556 13.949 14.8205L14.7824 15.674L15.6158 14.8205C16.3618 14.0567 17.4896 14.0256 18.1545 14.5879" fill="#EB0203"></path>
            </svg>
            </button>
            </div>
            </div>
            <p class="ct-tile--brand">Bimbo</p>
            <p class="ct-tile--quantity">emb. 4 un</p>
            </div>
            <div class="ct-tile-bottom row no-gutters justify-content-between">
            <div class="ct-price-wrap col-8 col-sm-12">
            <div class="price js-product-price">
            <div class="prices-wrapper">
            <span class="sales ct-tile--price-primary ">
            <span class="value" content="2.39">
            <span class="ct-price-formatted">
            €2,39
            </span>
            <span class="ct-m-unit">
            /un
            </span>
            </span>
            </span>
            </div>
            <div class="ct-tile--price-secondary">
            <span class="ct-price-value">
            €7,97
            </span>
            <span class="ct-m-unit">
            /kg
            </span>
            </div>
            </div>
            </div>
             <div class="ct-tile-buy-section d-flex justify-content-center no-gutters col-auto col-sm-12">
            <div class="col-2 d-sm-flex d-none">
            <button class="wishlist-toggler guest-mode inactive button button--tertiary" data-pid="7479987" data-add-url="https://www.continente.pt/on/demandware.store/Sites-continente-Site/default/Wishlist-AddProduct?pid=7479987" data-toggle="tooltip" aria-label="Adicionar aos favoritos " data-original-title="Adicionar aos favoritos" data-placement="top">
            <svg class="active-content" width="100%" height="100%" viewBox="0 0 20 22" fill="none" xmlns="http://www.w3.org/2000/svg">
            <path fill-rule="evenodd" clip-rule="evenodd" d="M0 1.53052C0 0.685236 0.692171 0 1.54601 0H15.0736C15.9274 0 16.6196 0.685235 16.6196 1.53052V13.4064L15.8127 13.922L14.2658 14.2658L12.7189 13.4064L10.6054 14.3818C10.4994 14.2451 10.3327 14.157 10.1452 14.157H6.76329C6.4431 14.157 6.18354 14.414 6.18354 14.731C6.18354 15.0479 6.4431 15.3049 6.76329 15.3049H10.1452C10.2478 15.3049 10.3441 15.2785 10.4277 15.2322L10.3126 16.8439L13.2345 20.2793H1.54601C0.69217 20.2793 0 19.5941 0 18.7488V1.53052ZM6.18354 5.5483C6.18354 5.23132 6.4431 4.97436 6.76329 4.97436H12.3676C12.6878 4.97436 12.9473 5.23132 12.9473 5.5483C12.9473 5.86528 12.6878 6.12224 12.3676 6.12224H6.76329C6.4431 6.12224 6.18354 5.86528 6.18354 5.5483ZM6.76329 11.0961C6.4431 11.0961 6.18354 11.3531 6.18354 11.6701C6.18354 11.987 6.4431 12.244 6.76329 12.244H12.3676C12.6878 12.244 12.9473 11.987 12.9473 11.6701C12.9473 11.3531 12.6878 11.0961 12.3676 11.0961H6.76329ZM6.18354 8.60985C6.18354 8.29287 6.4431 8.03591 6.76329 8.03591H12.3676C12.6878 8.03591 12.9473 8.29287 12.9473 8.60985C12.9473 8.92684 12.6878 9.1838 12.3676 9.1838H6.76329C6.4431 9.1838 6.18354 8.92684 6.18354 8.60985ZM3.67118 5.5483C3.67118 5.23132 3.93075 4.97436 4.25093 4.97436H4.63743C4.95762 4.97436 5.21719 5.23132 5.21719 5.5483C5.21719 5.86528 4.95762 6.12224 4.63743 6.12224H4.25093C3.93075 6.12224 3.67118 5.86528 3.67118 5.5483ZM4.25093 11.0961C3.93075 11.0961 3.67118 11.3531 3.67118 11.6701C3.67118 11.987 3.93075 12.244 4.25093 12.244H4.63743C4.95762 12.244 5.21719 11.987 5.21719 11.6701C5.21719 11.3531 4.95762 11.0961 4.63743 11.0961H4.25093ZM3.67118 8.60985C3.67118 8.29287 3.93075 8.03591 4.25093 8.03591H4.63743C4.95762 8.03591 5.21719 8.29287 5.21719 8.60985C5.21719 8.92684 4.95762 9.1838 4.63743 9.1838H4.25093C3.93075 9.1838 3.67118 8.92684 3.67118 8.60985ZM4.25093 14.157C3.93075 14.157 3.67118 14.414 3.67118 14.731C3.67118 15.0479 3.93075 15.3049 4.25093 15.3049H4.63743C4.95762 15.3049 5.21719 15.0479 5.21719 14.731C5.21719 14.414 4.95762 14.157 4.63743 14.157H4.25093Z" fill="#EB0203"></path>
            <path fill-rule="evenodd" clip-rule="evenodd" d="M14.6252 13.6363C13.4918 12.6215 11.7817 12.5264 10.6569 13.4792C9.12421 14.7764 9.34841 16.8912 10.4409 18.0122L14.0159 21.6742C14.2197 21.8832 14.4928 22 14.7822 22C15.0737 22 15.3448 21.8852 15.5486 21.6762L19.1236 18.0142C20.214 16.8933 20.4423 14.7785 18.9075 13.4792C17.7827 12.5283 16.0724 12.6217 14.9391 13.6365C14.8855 13.6845 14.8331 13.7345 14.7822 13.7866C14.7313 13.7345 14.6789 13.6843 14.6252 13.6363ZM18.1546 14.3522C19.0973 15.1508 18.9962 16.4896 18.2891 17.2173C18.2888 17.2175 18.2886 17.2177 18.2884 17.218L14.7832 20.8084L11.2753 17.2151C11.2752 17.215 11.2751 17.2149 11.2749 17.2148C10.5677 16.4887 10.4678 15.1495 11.4104 14.3518L11.4108 14.3514C12.0745 13.7892 13.2018 13.82 13.9488 14.5846L14.7822 15.4378L15.6157 14.5846C16.3617 13.8211 17.4896 13.79 18.1545 14.3521" fill="#EB0203"></path>
            </svg>
            <svg class="inactive-content" width="100%" height="100%" viewBox="0 0 20 23" fill="none" xmlns="http://www.w3.org/2000/svg">
            <path fill-rule="evenodd" clip-rule="evenodd" d="M6.18408 5.77914C6.18408 5.46223 6.44363 5.20532 6.7638 5.20532H12.3678C12.6879 5.20532 12.9475 5.46223 12.9475 5.77914C12.9475 6.09606 12.6879 6.35297 12.3678 6.35297H6.7638C6.44363 6.35297 6.18408 6.09606 6.18408 5.77914Z" fill="#EB0203"></path>
            <path fill-rule="evenodd" clip-rule="evenodd" d="M6.18408 11.9034C6.18408 11.5865 6.44363 11.3296 6.7638 11.3296H12.3678C12.6879 11.3296 12.9475 11.5865 12.9475 11.9034C12.9475 12.2202 12.6879 12.4771 12.3678 12.4771H6.7638C6.44363 12.4771 6.18408 12.2202 6.18408 11.9034Z" fill="#EB0203"></path>
            <path fill-rule="evenodd" clip-rule="evenodd" d="M6.18408 8.84116C6.18408 8.52424 6.44363 8.26733 6.7638 8.26733H12.3678C12.6879 8.26733 12.9475 8.52424 12.9475 8.84116C12.9475 9.15807 12.6879 9.41498 12.3678 9.41498H6.7638C6.44363 9.41498 6.18408 9.15807 6.18408 8.84116Z" fill="#EB0203"></path>
            <path fill-rule="evenodd" clip-rule="evenodd" d="M6.18408 14.9655C6.18408 14.6486 6.44363 14.3917 6.7638 14.3917H10.1455C10.4657 14.3917 10.7252 14.6486 10.7252 14.9655C10.7252 15.2825 10.4657 15.5394 10.1455 15.5394H6.7638C6.44363 15.5394 6.18408 15.2825 6.18408 14.9655Z" fill="#EB0203"></path>
            <path fill-rule="evenodd" clip-rule="evenodd" d="M3.67139 5.77914C3.67139 5.46223 3.93094 5.20532 4.25111 5.20532H4.63759C4.95776 5.20532 5.21731 5.46223 5.21731 5.77914C5.21731 6.09606 4.95776 6.35297 4.63759 6.35297H4.25111C3.93094 6.35297 3.67139 6.09606 3.67139 5.77914Z" fill="#EB0203"></path>
            <path fill-rule="evenodd" clip-rule="evenodd" d="M3.67139 11.9034C3.67139 11.5865 3.93094 11.3296 4.25111 11.3296H4.63759C4.95776 11.3296 5.21731 11.5865 5.21731 11.9034C5.21731 12.2202 4.95776 12.4771 4.63759 12.4771H4.25111C3.93094 12.4771 3.67139 12.2202 3.67139 11.9034Z" fill="#EB0203"></path>
            <path fill-rule="evenodd" clip-rule="evenodd" d="M3.67139 8.84116C3.67139 8.52424 3.93094 8.26733 4.25111 8.26733H4.63759C4.95776 8.26733 5.21731 8.52424 5.21731 8.84116C5.21731 9.15807 4.95776 9.41498 4.63759 9.41498H4.25111C3.93094 9.41498 3.67139 9.15807 3.67139 8.84116Z" fill="#EB0203"></path>
            <path fill-rule="evenodd" clip-rule="evenodd" d="M3.67139 14.9655C3.67139 14.6486 3.93094 14.3917 4.25111 14.3917H4.63759C4.95776 14.3917 5.21731 14.6486 5.21731 14.9655C5.21731 15.2825 4.95776 15.5394 4.63759 15.5394H4.25111C3.93094 15.5394 3.67139 15.2825 3.67139 14.9655Z" fill="#EB0203"></path>
            <path fill-rule="evenodd" clip-rule="evenodd" d="M0 1.76033C0 0.914738 0.692131 0.229248 1.54592 0.229248H15.0727C15.9265 0.229248 16.6186 0.914738 16.6186 1.76033V11.2818C16.6186 11.5989 16.3591 11.8559 16.0389 11.8559C15.7187 11.8559 15.4592 11.5989 15.4592 11.2818V1.76033C15.4592 1.54893 15.2862 1.37756 15.0727 1.37756H1.54592C1.33247 1.37756 1.15944 1.54893 1.15944 1.76033V18.985C1.15944 19.1964 1.33247 19.3678 1.54592 19.3678H9.27551C9.59568 19.3678 9.85523 19.6249 9.85523 19.942C9.85523 20.2591 9.59568 20.5161 9.27551 20.5161H1.54592C0.692131 20.5161 0 19.8306 0 18.985V1.76033Z" fill="#EB0203"></path>
            <path fill-rule="evenodd" clip-rule="evenodd" d="M14.6254 13.8718C13.4921 12.8567 11.7821 12.7615 10.6574 13.7147C9.12472 15.0124 9.34891 17.128 10.4413 18.2493L14.0161 21.9126C14.2199 22.1217 14.493 22.2386 14.7824 22.2386C15.0739 22.2386 15.3449 22.1238 15.5487 21.9147L19.1235 18.2514C20.2139 17.13 20.4422 15.0144 18.9075 13.7147C17.7827 12.7634 16.0726 12.8569 14.9392 13.872C14.8856 13.92 14.8333 13.9701 14.7824 14.0222C14.7314 13.97 14.6791 13.9199 14.6254 13.8718ZM18.1546 14.588C19.0972 15.3869 18.9961 16.7262 18.2891 17.4541C18.2888 17.4543 18.2886 17.4546 18.2884 17.4548L14.7834 21.0466L11.2757 17.452C11.2756 17.4519 11.2755 17.4517 11.2753 17.4516C10.5681 16.7252 10.4682 15.3856 11.4108 14.5876L11.4112 14.5872C12.0748 14.0248 13.202 14.0556 13.949 14.8205L14.7824 15.674L15.6158 14.8205C16.3618 14.0567 17.4896 14.0256 18.1545 14.5879" fill="#EB0203"></path>
            </svg>
            </button>
            </div>
            <div class="col-sm-10 col-12">
            <div class="ct-tile-quantity d-none" data-pid="7479987">
            <input type="hidden" class="add-to-cart-url" value="https://www.continente.pt/on/demandware.store/Sites-continente-Site/default/Cart-AddProduct">
            <div class="d-none tile-delete-confirmation-btn" data-pid="7479987" data-delay-time="3000" data-in-cart-msg="no carrinho" data-one-product-added="Adicionado ao carrinho" data-remove-from-cart-msg="Removido do carrinho" data-stay-open="6000.0" data-confirmation-image="{&quot;url&quot;:&quot;https://www.continente.pt/dw/image/v2/BDVS_PRD/on/demandware.static/-/Sites-col-master-catalog/default/dw5d0cd1bd/images/col/747/7479987-frente.jpg?sw=87&amp;sh=80&quot;,&quot;fallbackimage&quot;:{&quot;url&quot;:&quot;https://www.continente.pt/dw/image/v2/BDVS_PRD/on/demandware.static/Sites-continente-Site/-/default/dw7c42b4da/images/noimagelarge_product.png?sw=87&amp;sh=80&quot;,&quot;title&quot;:&quot;Bagels Clássico&quot;,&quot;alt&quot;:&quot;Bagels Clássico&quot;},&quot;title&quot;:&quot;Bagels Clássico&quot;,&quot;alt&quot;:&quot;Bagels Clássico&quot;}"></div>
            <div class="ct-tile-quantity-update quantity-update product-qty-vue" data-remove-action="https://www.continente.pt/on/demandware.store/Sites-continente-Site/default/Cart-RemoveProductLineItem" data-action="https://www.continente.pt/on/demandware.store/Sites-continente-Site/default/Cart-UpdateQuantity" data-dimension-update="https://www.continente.pt/on/demandware.store/Sites-continente-Site/default/Cart-DimensionUpdate" data-pid="7479987" data-uuid="96cf7f36a637f48e604fe09ccb" data-add-delay="500.0" data-measure-options="{&quot;hasConversionRate&quot;:false,&quot;hasAlternativeSaleUnit&quot;:false,&quot;unitConversionRate&quot;:0,&quot;minOrderQuantity&quot;:1,&quot;stepQuantity&quot;:1,&quot;primaryunit&quot;:&quot;un&quot;,&quot;secondaryunit&quot;:&quot;kg&quot;,&quot;selectedunit&quot;:&quot;primary&quot;,&quot;maxNumberOfUnitsPerSale&quot;:50}" data-price-available="null" :data-has-error="isMaxQtyReached || isMinQtyReached || qtySelectedMoreThanOne">
            <template v-show="prodUnits">
            <div class="quantity-input-wrapper has-units">
            <label class="visually-hidden" :for="'quantity-' + pid + additionalTag">
            Quantidade no carrinho
            </label>
            <input :ref="'quantityInput-' + pid + additionalTag" class="add-to-cart-quantity form-control ct-form-input text-center" inputmode="numeric" :class="{'is-invalid': isInvalid}" :data-pid="pid + additionalTag" :name="'quantity-' + pid + additionalTag" type="text" aria-label="Insira a quantidade" title="" v-model="displayValue" @change="updateQuantity" @focus="updateQtyFormat" @blur="restoreQtyFormat" :disabled="!isPriceAvailable">
            <span class="quantity-icon quantity-icon--minus">
            <button class="decrease-quantity-btn" @click="updateQuantity" :disabled="!isPriceAvailable" role="button" aria-label="Reduzir quantidade">
            <i class="css-math-minus"></i>
            </button>
            </span>
            <span class="quantity-icon quantity-icon--plus">
            <button class="increase-quantity-btn" @click="updateQuantity" :disabled="isMaxQtyReached || !isPriceAvailable" role="button" aria-label="Aumentar quantidade">
            <i class="css-math-plus"></i>
            </button>
            <span class="quantity-btn-disabled-placeholder"></span>
            </span>
            <template v-if="isPDP">
            <span class="quantity-error ct-span-error text-sm-center product-max-allocation" v-if="isMaxQtyReached">
            Quantidade máxima atingida
            </span>
            <span class="quantity-error ct-span-product text-sm-center product-allocation" v-if="!isMinQtyReached &amp;&amp; !isMaxQtyReached">
            {{quantitySelected}} no carrinho
            </span>
            <span class="quantity-error ct-span-error text-sm-center product-min-allocation" :data-pid="pid" v-if="isMinQtyReached &amp;&amp; !isMaxQtyReached">
            Quantidade mínima atingida
            </span>
            </template>
            </div>
            <template v-if="showNotes">
            <div class="add-note-link-container ">
            <div class="add-note">
            <a href="/produto/bagels-classico-bimbo-7479987.html?showNote=true" class="ct-add-note-redirect-pdp" aria-label="Adicionar comentário">
            <span class="svg-wrapper svg-icon-notes" style="width:19px; height:20px">
            <svg class="svg-inline icon-notes" viewBox="0 0 28 30" xmlns="http://www.w3.org/2000/svg" width="100%" height="100%"><path d="M21.738 0C22.985 0 24 1.04 24 2.319V12.47c0 .469-.37.848-.828.848-.457 0-.827-.38-.827-.848V2.32c0-.343-.273-.622-.607-.622H2.262c-.334 0-.607.279-.607.622V27.68c0 .343.273.622.607.622h7.81c.457 0 .827.38.827.849 0 .468-.37.848-.827.848h-7.81C1.015 30 0 28.96 0 27.681V2.32C0 1.04 1.015 0 2.262 0h19.476zm2.844 16.004l.227.007c.823.053 1.589.39 2.176.964.64.627.993 1.46.993 2.349 0 .888-.353 1.722-.993 2.348l-6.83 6.665c-.11.108-.247.186-.397.226l-5.032 1.363c-.078.021-.16.032-.241.032-.242 0-.478-.097-.647-.266-.23-.231-.314-.566-.218-.874l1.49-4.798c.044-.139.122-.266.227-.369l6.844-6.677c.64-.625 1.493-.97 2.401-.97zm-2.886 3.94l-4.922 4.802-.947 3.048 3.22-.872 4.897-4.78-2.248-2.197zm2.887-2.174c-.425 0-.824.162-1.124.455l-.484.472 2.248 2.197.484-.472c.62-.606.62-1.591 0-2.197l-.117-.104c-.283-.227-.636-.35-1.007-.35zm-10.839.022c.498 0 .904.396.904.883 0 .488-.406.884-.904.884H5.946c-.499 0-.904-.396-.904-.884 0-.487.405-.883.904-.883zm5.042-4.876c.498 0 .904.397.904.884s-.406.884-.904.884H5.946c-.499 0-.904-.397-.904-.884s.405-.884.904-.884zm0-4.875c.498 0 .904.396.904.884 0 .487-.406.883-.904.883H5.946c-.499 0-.904-.396-.904-.883 0-.488.405-.884.904-.884z" fill="#EB0203" fill-rule="evenodd"></path></svg>
            </span>
            <div class="available-note d-none"></div>
            </a>
            </div>
            </div>
            </template>
            <div class="measurement-unit-section" v-if="isPriceAvailable &amp;&amp; prodUnits ? prodUnits.hasAlternativeUnit : false">
            <div class="ct-form-radio" @click="setDimension">
            <input type="radio" title="" class="ct-form-check-input product-measurement-unit" :data-type="prodUnits.selectedUnit == prodUnits.secondaryUnit ? 'primary' : ''" :id="prodUnits.secondaryUnit + '-' + pid + '-measurement-unit-ptile' + additionalTag" :name="'measurement-unit-' + pid + '-ptile' + additionalTag" :value="prodUnits.secondaryUnit" v-model="prodUnits.selectedUnit">
            <label :class="prodUnits.secondaryUnit + '-label ct-form-check-label mb-0'" :for="prodUnits.secondaryUnit + '-' + pid + '-measurement-unit-ptile' + additionalTag">
            {{prodUnits.secondaryUnit}}
            </label>
            <span class="checkmark"></span>
            </div>
            <div class="ct-form-radio" @click="setDimension">
            <input type="radio" title="" class="ct-form-check-input product-measurement-unit" :data-type="prodUnits.selectedUnit == prodUnits.primaryUnit ? 'primary' : ''" :id="prodUnits.primaryUnit + '-' + pid + '-measurement-unit-ptile' + additionalTag" :name="'measurement-unit-' + pid + '-ptile' + additionalTag" :value="prodUnits.primaryUnit" v-model="prodUnits.selectedUnit">
            <label :class="prodUnits.primaryUnit + '-label ct-form-check-label mb-0'" :for="prodUnits.primaryUnit + '-' + pid + '-measurement-unit-ptile' + additionalTag">
            {{prodUnits.primaryUnit}}
            </label>
            <span class="checkmark"></span>
            </div>
            </div>
            <template v-if="!isPDP &amp;&amp; isPriceAvailable">
            <span class="quantity-error ct-span-error product-max-allocation" v-if="isMaxQtyReached">
            Quantidade máxima atingida
            </span>
            <span class="quantity-error ct-span-product product-allocation" v-if="!isMinQtyReached &amp;&amp; !isMaxQtyReached">
            {{quantitySelected}} no carrinho
            </span>
            <span class="quantity-error ct-span-error product-min-allocation" :data-pid="pid" v-if="isMinQtyReached &amp;&amp; !isMaxQtyReached">
            Quantidade mínima atingida
            </span>
            </template>
            </template>
            </div>
            <input class="quantity-value-mask d-none" name="quantity" type="number" min="0" value="">
            </div>
            <button type="button" class="add-to-cart button js-add-to-cart js-add-to-cart-tile 7479987 button--primary dynamic-layout-btn" data-toggle="modal" data-target="#chooseBonusProductModal" data-pid="7479987" data-quantity-value="null" aria-label="Carrinho">
            <span class="d-block d-sm-none">
            <span class="svg-wrapper svg-icon-cart" style="width:20px; height:20px">
            <svg class="svg-inline icon-cart" xmlns="http://www.w3.org/2000/svg" viewBox="0 0 500 500" width="100%" height="100%"><path fill="#EB0203" fill-rule="evenodd" d="M 485.67317,94.386311 C 476.37798,83.847129 463.09468,78.03348 448.30404,78.03348 H 90.690813 L 87.079511,51.327997 C 83.185582,22.539551 62.962285,0 41.011841,0 H 14.727836 C 6.563151,0 0,6.5286975 0,14.580758 c 0,8.05206 6.5945535,14.580758 14.727836,14.580758 h 26.284005 c 4.710398,0 14.696435,9.855222 16.894619,26.021523 L 100.01739,368.0631 c 1.88416,13.77244 9.01256,26.70549 20.1605,36.37417 8.25889,7.15046 18.02511,11.9071 28.26237,13.89679 -4.17655,7.58572 -6.53175,16.25957 -6.53175,25.493 0,29.53459 24.27424,53.59751 54.13815,53.59751 29.8325,0 54.13814,-24.03184 54.13814,-53.59751 0,-8.79818 -2.19818,-17.09897 -5.9979,-24.43598 h 77.12488 c -3.79973,7.33701 -5.96652,15.6378 -5.96652,24.43598 0,29.53459 24.27424,53.59751 54.13817,53.59751 29.83249,0 54.13814,-24.03184 54.13814,-53.59751 0,-8.79818 -2.1982,-17.09897 -5.9979,-24.43598 h 38.56243 c 8.13328,0 14.72783,-6.5287 14.72783,-14.61183 0,-8.02098 -6.59455,-14.54967 -14.72783,-14.54967 H 159.24277 c -14.38241,0 -28.13677,-11.90711 -30.02092,-26.02153 l -3.07746,-22.88154 h 290.6314 c 14.03698,0 27.94834,-5.28513 39.06488,-14.95381 11.11652,-9.6376 18.27632,-22.57065 20.16048,-36.37417 l 21.10259,-156.78201 c 1.94694,-14.51858 -2.10398,-28.29103 -11.43057,-38.861299 z M 220.76053,443.82706 c 0,13.49265 -11.08513,24.46709 -24.68247,24.46709 -13.62874,0 -24.71387,-10.97444 -24.71387,-24.46709 0,-13.49262 11.08513,-24.43598 24.71387,-24.43598 13.59734,0 24.68247,10.94336 24.68247,24.43598 z m 173.43675,0 c 0,13.49265 -11.08512,24.46709 -24.68245,24.46709 -13.62876,0 -24.71388,-10.97444 -24.71388,-24.46709 0,-13.49262 11.08512,-24.43598 24.71388,-24.43598 13.59733,0 24.68245,10.94336 24.68245,24.43598 z m 73.7648,-314.46558 -21.13397,156.782 c -1.88416,14.11442 -15.63851,26.05261 -30.02091,26.05261 H 122.25046 L 94.616142,107.19499 H 448.33544 c 6.18632,0 11.61896,2.2695 15.23028,6.37326 3.64269,4.13484 5.21283,9.73086 4.39636,15.79323 z"></path></svg>
            </span>
            </span>
            
            <span class="add-to-cart--text d-none d-sm-block">Carrinho</span>
            </button>
            </div>
            </div>
            </div>
            </div>
            
            <div class="col-12 d-sm-none">
            </div>
            </div>
            </div>
            </div>
            </div>
            <div class="col-12 col-sm-3 col-lg-2 productTile" data-idx="22">
            
            <script type="text/javascript">//<!--
            /* <![CDATA[ */
            (function(){
            try {
                if(window.CQuotient) {
                var cq_params = {};
                
                cq_params.cookieId = window.CQuotient.getCQCookieId();
                cq_params.userId = window.CQuotient.getCQUserId();
                cq_params.emailId = CQuotient.getCQHashedEmail();
                cq_params.loginId = CQuotient.getCQHashedLogin();
                cq_params.accumulate = true;
                cq_params.products = [{
                    id: '6578853',
                    sku: ''
                }];
                cq_params.categoryId = 'padaria-e-pastelaria-padaria-forma';
                cq_params.refinements = '[{\"name\":\"priceMin\",\"value\":\"0.01\"},{\"name\":\"priceMax\",\"value\":\"null\"},{\"name\":\"curr\",\"value\":\"EUR\"},{\"name\":\"Category\",\"value\":\"padaria-e-pastelaria-padaria-forma\"}]';
                cq_params.personalized = 'false';
                cq_params.sortingRule = 'categories top-sellers';
                cq_params.imageUUID = '__UNDEFINED__';
                cq_params.realm = "BDVS";
                cq_params.siteId = "continente";
                cq_params.instanceType = "prd";
                cq_params.queryLocale = "default";
                cq_params.locale = window.CQuotient.locale;
                
                if(window.CQuotient.sendActivity)
                    window.CQuotient.sendActivity(CQuotient.clientId, 'viewCategory', cq_params);
                else
                    window.CQuotient.activities.push({
                        activityType: 'viewCategory',
                        parameters: cq_params
                    });
              }
            } catch(err) {}
            })();
            /* ]]> */
            // -->
            </script>
            <script type="text/javascript">//<!--
            /* <![CDATA[ (viewCategoryProduct-active_data.js) */
            (function(){
            try {
                if (dw.ac) {
                    var search_params = {};
                    search_params.persd = 'false';
                    search_params.refs = '[{\"name\":\"priceMin\",\"value\":\"0.01\"},{\"name\":\"priceMax\",\"value\":\"null\"},{\"name\":\"curr\",\"value\":\"EUR\"},{\"name\":\"Category\",\"value\":\"padaria-e-pastelaria-padaria-forma\"}]';
                    search_params.sort = 'categories top-sellers';
                    search_params.imageUUID = '';
                    search_params.searchID = '79fd584c-cee5-42dd-a07f-04e8467e04c2';
                    search_params.locale = 'default';
                    search_params.queryLocale = 'default';
                    search_params.showProducts = 'true';
                    dw.ac.applyContext({category: "padaria-e-pastelaria-padaria-forma", searchData: search_params});
                    if (typeof dw.ac._scheduleDataSubmission === "function") {
                        dw.ac._scheduleDataSubmission();
                    }
                }
            } catch(err) {}
            })();
            /* ]]> */
            // -->
            </script>
            <script type="text/javascript">//<!--
            /* <![CDATA[ (viewProduct-active_data.js) */
            dw.ac._capture({id: "6578853", type: "searchhit"});
            /* ]]> */
            // -->
            </script>
            <div class="product" data-pid="6578853">
            <div class="product-tile pid-6578853 ct-product-tile data-layer-pushed" data-delay-time="3000" data-variants-mapping="[]" data-in-cart-msg="no carrinho" data-one-product-added="Adicionado ao carrinho" data-remove-from-cart-msg="Removido do carrinho" data-stay-open="6000.0" data-product-tile-impression="{&quot;name&quot;:&quot;6578853&quot;,&quot;id&quot;:&quot;6578853&quot;,&quot;price&quot;:2.19,&quot;brand&quot;:&quot;Panrico&quot;,&quot;category&quot;:[{&quot;category_level_1&quot;:&quot;Padaria e Pastelaria&quot;},{&quot;category_level_2&quot;:&quot;Padaria&quot;},{&quot;category_level_3&quot;:&quot;Pão de Forma e Embalado&quot;}],&quot;variant&quot;:&quot;&quot;}">
            <div class="ct-inner-tile-wrap row no-gutters justify-content-center align-content-start">
            
            <div class="ct-image-container col-4 col-sm" data-confirmation-image="{&quot;url&quot;:&quot;https://www.continente.pt/dw/image/v2/BDVS_PRD/on/demandware.static/-/Sites-col-master-catalog/default/dw27411e98/images/col/657/6578853-frente.jpg?sw=87&amp;sh=80&quot;,&quot;fallbackimage&quot;:{&quot;url&quot;:&quot;https://www.continente.pt/dw/image/v2/BDVS_PRD/on/demandware.static/Sites-continente-Site/-/default/dw7c42b4da/images/noimagelarge_product.png?sw=87&amp;sh=80&quot;,&quot;title&quot;:&quot;Pão de Forma com Côdea&quot;,&quot;alt&quot;:&quot;Pão de Forma com Côdea&quot;},&quot;title&quot;:&quot;Pão de Forma com Côdea&quot;,&quot;alt&quot;:&quot;Pão de Forma com Côdea&quot;}">
            <a href="https://www.continente.pt/produto/pao-de-forma-com-codea-panrico-6578853.html?cgid=padaria-e-pastelaria-padaria-forma">
            <picture class="intrinsic intrinsic--square">
            <img class="ct-tile-image lazyloaded" loading="lazy" onerror="this.onerror=null;this.src='/on/demandware.static/Sites-continente-Site/-/default/dw7c42b4da/images/noimagelarge_product.png';" data-src="https://www.continente.pt/dw/image/v2/BDVS_PRD/on/demandware.static/-/Sites-col-master-catalog/default/dw27411e98/images/col/657/6578853-frente.jpg?sw=280&amp;sh=280" alt="Pão de Forma com Côdea" title="Pão de Forma com Côdea" src="https://www.continente.pt/dw/image/v2/BDVS_PRD/on/demandware.static/-/Sites-col-master-catalog/default/dw27411e98/images/col/657/6578853-frente.jpg?sw=280&amp;sh=280">
            </picture>
            </a>
            <div class="color-swatches d-flex" style="margin-left: 5px;">
            <div class="swatches d-flex">
            </div>
            </div>
            </div>
            <div class="ct-tile-body col col-sm-auto ">
            <div class="ct-pdp-details">
            <div class="ct-pdp-link">
            <a class="ct-tile--description" href="https://www.continente.pt/produto/pao-de-forma-com-codea-panrico-6578853.html?cgid=padaria-e-pastelaria-padaria-forma">Pão de Forma com Côdea</a>
            <div class="ct-tile--favorite-top d-sm-none">
            <button class="wishlist-toggler guest-mode inactive button button--tertiary" data-pid="6578853" data-add-url="https://www.continente.pt/on/demandware.store/Sites-continente-Site/default/Wishlist-AddProduct?pid=6578853" data-toggle="tooltip" aria-label="Adicionar aos favoritos " data-original-title="Adicionar aos favoritos" data-placement="top">
            <svg class="active-content" width="100%" height="100%" viewBox="0 0 20 22" fill="none" xmlns="http://www.w3.org/2000/svg">
            <path fill-rule="evenodd" clip-rule="evenodd" d="M0 1.53052C0 0.685236 0.692171 0 1.54601 0H15.0736C15.9274 0 16.6196 0.685235 16.6196 1.53052V13.4064L15.8127 13.922L14.2658 14.2658L12.7189 13.4064L10.6054 14.3818C10.4994 14.2451 10.3327 14.157 10.1452 14.157H6.76329C6.4431 14.157 6.18354 14.414 6.18354 14.731C6.18354 15.0479 6.4431 15.3049 6.76329 15.3049H10.1452C10.2478 15.3049 10.3441 15.2785 10.4277 15.2322L10.3126 16.8439L13.2345 20.2793H1.54601C0.69217 20.2793 0 19.5941 0 18.7488V1.53052ZM6.18354 5.5483C6.18354 5.23132 6.4431 4.97436 6.76329 4.97436H12.3676C12.6878 4.97436 12.9473 5.23132 12.9473 5.5483C12.9473 5.86528 12.6878 6.12224 12.3676 6.12224H6.76329C6.4431 6.12224 6.18354 5.86528 6.18354 5.5483ZM6.76329 11.0961C6.4431 11.0961 6.18354 11.3531 6.18354 11.6701C6.18354 11.987 6.4431 12.244 6.76329 12.244H12.3676C12.6878 12.244 12.9473 11.987 12.9473 11.6701C12.9473 11.3531 12.6878 11.0961 12.3676 11.0961H6.76329ZM6.18354 8.60985C6.18354 8.29287 6.4431 8.03591 6.76329 8.03591H12.3676C12.6878 8.03591 12.9473 8.29287 12.9473 8.60985C12.9473 8.92684 12.6878 9.1838 12.3676 9.1838H6.76329C6.4431 9.1838 6.18354 8.92684 6.18354 8.60985ZM3.67118 5.5483C3.67118 5.23132 3.93075 4.97436 4.25093 4.97436H4.63743C4.95762 4.97436 5.21719 5.23132 5.21719 5.5483C5.21719 5.86528 4.95762 6.12224 4.63743 6.12224H4.25093C3.93075 6.12224 3.67118 5.86528 3.67118 5.5483ZM4.25093 11.0961C3.93075 11.0961 3.67118 11.3531 3.67118 11.6701C3.67118 11.987 3.93075 12.244 4.25093 12.244H4.63743C4.95762 12.244 5.21719 11.987 5.21719 11.6701C5.21719 11.3531 4.95762 11.0961 4.63743 11.0961H4.25093ZM3.67118 8.60985C3.67118 8.29287 3.93075 8.03591 4.25093 8.03591H4.63743C4.95762 8.03591 5.21719 8.29287 5.21719 8.60985C5.21719 8.92684 4.95762 9.1838 4.63743 9.1838H4.25093C3.93075 9.1838 3.67118 8.92684 3.67118 8.60985ZM4.25093 14.157C3.93075 14.157 3.67118 14.414 3.67118 14.731C3.67118 15.0479 3.93075 15.3049 4.25093 15.3049H4.63743C4.95762 15.3049 5.21719 15.0479 5.21719 14.731C5.21719 14.414 4.95762 14.157 4.63743 14.157H4.25093Z" fill="#EB0203"></path>
            <path fill-rule="evenodd" clip-rule="evenodd" d="M14.6252 13.6363C13.4918 12.6215 11.7817 12.5264 10.6569 13.4792C9.12421 14.7764 9.34841 16.8912 10.4409 18.0122L14.0159 21.6742C14.2197 21.8832 14.4928 22 14.7822 22C15.0737 22 15.3448 21.8852 15.5486 21.6762L19.1236 18.0142C20.214 16.8933 20.4423 14.7785 18.9075 13.4792C17.7827 12.5283 16.0724 12.6217 14.9391 13.6365C14.8855 13.6845 14.8331 13.7345 14.7822 13.7866C14.7313 13.7345 14.6789 13.6843 14.6252 13.6363ZM18.1546 14.3522C19.0973 15.1508 18.9962 16.4896 18.2891 17.2173C18.2888 17.2175 18.2886 17.2177 18.2884 17.218L14.7832 20.8084L11.2753 17.2151C11.2752 17.215 11.2751 17.2149 11.2749 17.2148C10.5677 16.4887 10.4678 15.1495 11.4104 14.3518L11.4108 14.3514C12.0745 13.7892 13.2018 13.82 13.9488 14.5846L14.7822 15.4378L15.6157 14.5846C16.3617 13.8211 17.4896 13.79 18.1545 14.3521" fill="#EB0203"></path>
            </svg>
            <svg class="inactive-content" width="100%" height="100%" viewBox="0 0 20 23" fill="none" xmlns="http://www.w3.org/2000/svg">
            <path fill-rule="evenodd" clip-rule="evenodd" d="M6.18408 5.77914C6.18408 5.46223 6.44363 5.20532 6.7638 5.20532H12.3678C12.6879 5.20532 12.9475 5.46223 12.9475 5.77914C12.9475 6.09606 12.6879 6.35297 12.3678 6.35297H6.7638C6.44363 6.35297 6.18408 6.09606 6.18408 5.77914Z" fill="#EB0203"></path>
            <path fill-rule="evenodd" clip-rule="evenodd" d="M6.18408 11.9034C6.18408 11.5865 6.44363 11.3296 6.7638 11.3296H12.3678C12.6879 11.3296 12.9475 11.5865 12.9475 11.9034C12.9475 12.2202 12.6879 12.4771 12.3678 12.4771H6.7638C6.44363 12.4771 6.18408 12.2202 6.18408 11.9034Z" fill="#EB0203"></path>
            <path fill-rule="evenodd" clip-rule="evenodd" d="M6.18408 8.84116C6.18408 8.52424 6.44363 8.26733 6.7638 8.26733H12.3678C12.6879 8.26733 12.9475 8.52424 12.9475 8.84116C12.9475 9.15807 12.6879 9.41498 12.3678 9.41498H6.7638C6.44363 9.41498 6.18408 9.15807 6.18408 8.84116Z" fill="#EB0203"></path>
            <path fill-rule="evenodd" clip-rule="evenodd" d="M6.18408 14.9655C6.18408 14.6486 6.44363 14.3917 6.7638 14.3917H10.1455C10.4657 14.3917 10.7252 14.6486 10.7252 14.9655C10.7252 15.2825 10.4657 15.5394 10.1455 15.5394H6.7638C6.44363 15.5394 6.18408 15.2825 6.18408 14.9655Z" fill="#EB0203"></path>
            <path fill-rule="evenodd" clip-rule="evenodd" d="M3.67139 5.77914C3.67139 5.46223 3.93094 5.20532 4.25111 5.20532H4.63759C4.95776 5.20532 5.21731 5.46223 5.21731 5.77914C5.21731 6.09606 4.95776 6.35297 4.63759 6.35297H4.25111C3.93094 6.35297 3.67139 6.09606 3.67139 5.77914Z" fill="#EB0203"></path>
            <path fill-rule="evenodd" clip-rule="evenodd" d="M3.67139 11.9034C3.67139 11.5865 3.93094 11.3296 4.25111 11.3296H4.63759C4.95776 11.3296 5.21731 11.5865 5.21731 11.9034C5.21731 12.2202 4.95776 12.4771 4.63759 12.4771H4.25111C3.93094 12.4771 3.67139 12.2202 3.67139 11.9034Z" fill="#EB0203"></path>
            <path fill-rule="evenodd" clip-rule="evenodd" d="M3.67139 8.84116C3.67139 8.52424 3.93094 8.26733 4.25111 8.26733H4.63759C4.95776 8.26733 5.21731 8.52424 5.21731 8.84116C5.21731 9.15807 4.95776 9.41498 4.63759 9.41498H4.25111C3.93094 9.41498 3.67139 9.15807 3.67139 8.84116Z" fill="#EB0203"></path>
            <path fill-rule="evenodd" clip-rule="evenodd" d="M3.67139 14.9655C3.67139 14.6486 3.93094 14.3917 4.25111 14.3917H4.63759C4.95776 14.3917 5.21731 14.6486 5.21731 14.9655C5.21731 15.2825 4.95776 15.5394 4.63759 15.5394H4.25111C3.93094 15.5394 3.67139 15.2825 3.67139 14.9655Z" fill="#EB0203"></path>
            <path fill-rule="evenodd" clip-rule="evenodd" d="M0 1.76033C0 0.914738 0.692131 0.229248 1.54592 0.229248H15.0727C15.9265 0.229248 16.6186 0.914738 16.6186 1.76033V11.2818C16.6186 11.5989 16.3591 11.8559 16.0389 11.8559C15.7187 11.8559 15.4592 11.5989 15.4592 11.2818V1.76033C15.4592 1.54893 15.2862 1.37756 15.0727 1.37756H1.54592C1.33247 1.37756 1.15944 1.54893 1.15944 1.76033V18.985C1.15944 19.1964 1.33247 19.3678 1.54592 19.3678H9.27551C9.59568 19.3678 9.85523 19.6249 9.85523 19.942C9.85523 20.2591 9.59568 20.5161 9.27551 20.5161H1.54592C0.692131 20.5161 0 19.8306 0 18.985V1.76033Z" fill="#EB0203"></path>
            <path fill-rule="evenodd" clip-rule="evenodd" d="M14.6254 13.8718C13.4921 12.8567 11.7821 12.7615 10.6574 13.7147C9.12472 15.0124 9.34891 17.128 10.4413 18.2493L14.0161 21.9126C14.2199 22.1217 14.493 22.2386 14.7824 22.2386C15.0739 22.2386 15.3449 22.1238 15.5487 21.9147L19.1235 18.2514C20.2139 17.13 20.4422 15.0144 18.9075 13.7147C17.7827 12.7634 16.0726 12.8569 14.9392 13.872C14.8856 13.92 14.8333 13.9701 14.7824 14.0222C14.7314 13.97 14.6791 13.9199 14.6254 13.8718ZM18.1546 14.588C19.0972 15.3869 18.9961 16.7262 18.2891 17.4541C18.2888 17.4543 18.2886 17.4546 18.2884 17.4548L14.7834 21.0466L11.2757 17.452C11.2756 17.4519 11.2755 17.4517 11.2753 17.4516C10.5681 16.7252 10.4682 15.3856 11.4108 14.5876L11.4112 14.5872C12.0748 14.0248 13.202 14.0556 13.949 14.8205L14.7824 15.674L15.6158 14.8205C16.3618 14.0567 17.4896 14.0256 18.1545 14.5879" fill="#EB0203"></path>
            </svg>
            </button>
            </div>
            </div>
            <p class="ct-tile--brand">Panrico</p>
            <p class="ct-tile--quantity">emb. 750 gr</p>
            </div>
            <div class="ct-tile-bottom row no-gutters justify-content-between">
            <div class="ct-price-wrap col-8 col-sm-12">
            <div class="price js-product-price">
            <div class="prices-wrapper">
            <span class="sales ct-tile--price-primary ">
            <span class="value" content="2.19">
            <span class="ct-price-formatted">
            €2,19
            </span>
            <span class="ct-m-unit">
            /un
            </span>
            </span>
            </span>
            </div>
            <div class="ct-tile--price-secondary">
            <span class="ct-price-value">
            €2,92
            </span>
            <span class="ct-m-unit">
            /kg
            </span>
            </div>
            </div>
            </div>
            <div class="ct-tile-buy-section d-flex justify-content-center no-gutters col-auto col-sm-12">
            <div class="col-2 d-sm-flex d-none">
            <button class="wishlist-toggler guest-mode inactive button button--tertiary" data-pid="6578853" data-add-url="https://www.continente.pt/on/demandware.store/Sites-continente-Site/default/Wishlist-AddProduct?pid=6578853" data-toggle="tooltip" aria-label="Adicionar aos favoritos " data-original-title="Adicionar aos favoritos" data-placement="top">
            <svg class="active-content" width="100%" height="100%" viewBox="0 0 20 22" fill="none" xmlns="http://www.w3.org/2000/svg">
            <path fill-rule="evenodd" clip-rule="evenodd" d="M0 1.53052C0 0.685236 0.692171 0 1.54601 0H15.0736C15.9274 0 16.6196 0.685235 16.6196 1.53052V13.4064L15.8127 13.922L14.2658 14.2658L12.7189 13.4064L10.6054 14.3818C10.4994 14.2451 10.3327 14.157 10.1452 14.157H6.76329C6.4431 14.157 6.18354 14.414 6.18354 14.731C6.18354 15.0479 6.4431 15.3049 6.76329 15.3049H10.1452C10.2478 15.3049 10.3441 15.2785 10.4277 15.2322L10.3126 16.8439L13.2345 20.2793H1.54601C0.69217 20.2793 0 19.5941 0 18.7488V1.53052ZM6.18354 5.5483C6.18354 5.23132 6.4431 4.97436 6.76329 4.97436H12.3676C12.6878 4.97436 12.9473 5.23132 12.9473 5.5483C12.9473 5.86528 12.6878 6.12224 12.3676 6.12224H6.76329C6.4431 6.12224 6.18354 5.86528 6.18354 5.5483ZM6.76329 11.0961C6.4431 11.0961 6.18354 11.3531 6.18354 11.6701C6.18354 11.987 6.4431 12.244 6.76329 12.244H12.3676C12.6878 12.244 12.9473 11.987 12.9473 11.6701C12.9473 11.3531 12.6878 11.0961 12.3676 11.0961H6.76329ZM6.18354 8.60985C6.18354 8.29287 6.4431 8.03591 6.76329 8.03591H12.3676C12.6878 8.03591 12.9473 8.29287 12.9473 8.60985C12.9473 8.92684 12.6878 9.1838 12.3676 9.1838H6.76329C6.4431 9.1838 6.18354 8.92684 6.18354 8.60985ZM3.67118 5.5483C3.67118 5.23132 3.93075 4.97436 4.25093 4.97436H4.63743C4.95762 4.97436 5.21719 5.23132 5.21719 5.5483C5.21719 5.86528 4.95762 6.12224 4.63743 6.12224H4.25093C3.93075 6.12224 3.67118 5.86528 3.67118 5.5483ZM4.25093 11.0961C3.93075 11.0961 3.67118 11.3531 3.67118 11.6701C3.67118 11.987 3.93075 12.244 4.25093 12.244H4.63743C4.95762 12.244 5.21719 11.987 5.21719 11.6701C5.21719 11.3531 4.95762 11.0961 4.63743 11.0961H4.25093ZM3.67118 8.60985C3.67118 8.29287 3.93075 8.03591 4.25093 8.03591H4.63743C4.95762 8.03591 5.21719 8.29287 5.21719 8.60985C5.21719 8.92684 4.95762 9.1838 4.63743 9.1838H4.25093C3.93075 9.1838 3.67118 8.92684 3.67118 8.60985ZM4.25093 14.157C3.93075 14.157 3.67118 14.414 3.67118 14.731C3.67118 15.0479 3.93075 15.3049 4.25093 15.3049H4.63743C4.95762 15.3049 5.21719 15.0479 5.21719 14.731C5.21719 14.414 4.95762 14.157 4.63743 14.157H4.25093Z" fill="#EB0203"></path>
            <path fill-rule="evenodd" clip-rule="evenodd" d="M14.6252 13.6363C13.4918 12.6215 11.7817 12.5264 10.6569 13.4792C9.12421 14.7764 9.34841 16.8912 10.4409 18.0122L14.0159 21.6742C14.2197 21.8832 14.4928 22 14.7822 22C15.0737 22 15.3448 21.8852 15.5486 21.6762L19.1236 18.0142C20.214 16.8933 20.4423 14.7785 18.9075 13.4792C17.7827 12.5283 16.0724 12.6217 14.9391 13.6365C14.8855 13.6845 14.8331 13.7345 14.7822 13.7866C14.7313 13.7345 14.6789 13.6843 14.6252 13.6363ZM18.1546 14.3522C19.0973 15.1508 18.9962 16.4896 18.2891 17.2173C18.2888 17.2175 18.2886 17.2177 18.2884 17.218L14.7832 20.8084L11.2753 17.2151C11.2752 17.215 11.2751 17.2149 11.2749 17.2148C10.5677 16.4887 10.4678 15.1495 11.4104 14.3518L11.4108 14.3514C12.0745 13.7892 13.2018 13.82 13.9488 14.5846L14.7822 15.4378L15.6157 14.5846C16.3617 13.8211 17.4896 13.79 18.1545 14.3521" fill="#EB0203"></path>
            </svg>
            <svg class="inactive-content" width="100%" height="100%" viewBox="0 0 20 23" fill="none" xmlns="http://www.w3.org/2000/svg">
            <path fill-rule="evenodd" clip-rule="evenodd" d="M6.18408 5.77914C6.18408 5.46223 6.44363 5.20532 6.7638 5.20532H12.3678C12.6879 5.20532 12.9475 5.46223 12.9475 5.77914C12.9475 6.09606 12.6879 6.35297 12.3678 6.35297H6.7638C6.44363 6.35297 6.18408 6.09606 6.18408 5.77914Z" fill="#EB0203"></path>
            <path fill-rule="evenodd" clip-rule="evenodd" d="M6.18408 11.9034C6.18408 11.5865 6.44363 11.3296 6.7638 11.3296H12.3678C12.6879 11.3296 12.9475 11.5865 12.9475 11.9034C12.9475 12.2202 12.6879 12.4771 12.3678 12.4771H6.7638C6.44363 12.4771 6.18408 12.2202 6.18408 11.9034Z" fill="#EB0203"></path>
            <path fill-rule="evenodd" clip-rule="evenodd" d="M6.18408 8.84116C6.18408 8.52424 6.44363 8.26733 6.7638 8.26733H12.3678C12.6879 8.26733 12.9475 8.52424 12.9475 8.84116C12.9475 9.15807 12.6879 9.41498 12.3678 9.41498H6.7638C6.44363 9.41498 6.18408 9.15807 6.18408 8.84116Z" fill="#EB0203"></path>
            <path fill-rule="evenodd" clip-rule="evenodd" d="M6.18408 14.9655C6.18408 14.6486 6.44363 14.3917 6.7638 14.3917H10.1455C10.4657 14.3917 10.7252 14.6486 10.7252 14.9655C10.7252 15.2825 10.4657 15.5394 10.1455 15.5394H6.7638C6.44363 15.5394 6.18408 15.2825 6.18408 14.9655Z" fill="#EB0203"></path>
            <path fill-rule="evenodd" clip-rule="evenodd" d="M3.67139 5.77914C3.67139 5.46223 3.93094 5.20532 4.25111 5.20532H4.63759C4.95776 5.20532 5.21731 5.46223 5.21731 5.77914C5.21731 6.09606 4.95776 6.35297 4.63759 6.35297H4.25111C3.93094 6.35297 3.67139 6.09606 3.67139 5.77914Z" fill="#EB0203"></path>
            <path fill-rule="evenodd" clip-rule="evenodd" d="M3.67139 11.9034C3.67139 11.5865 3.93094 11.3296 4.25111 11.3296H4.63759C4.95776 11.3296 5.21731 11.5865 5.21731 11.9034C5.21731 12.2202 4.95776 12.4771 4.63759 12.4771H4.25111C3.93094 12.4771 3.67139 12.2202 3.67139 11.9034Z" fill="#EB0203"></path>
            <path fill-rule="evenodd" clip-rule="evenodd" d="M3.67139 8.84116C3.67139 8.52424 3.93094 8.26733 4.25111 8.26733H4.63759C4.95776 8.26733 5.21731 8.52424 5.21731 8.84116C5.21731 9.15807 4.95776 9.41498 4.63759 9.41498H4.25111C3.93094 9.41498 3.67139 9.15807 3.67139 8.84116Z" fill="#EB0203"></path>
            <path fill-rule="evenodd" clip-rule="evenodd" d="M3.67139 14.9655C3.67139 14.6486 3.93094 14.3917 4.25111 14.3917H4.63759C4.95776 14.3917 5.21731 14.6486 5.21731 14.9655C5.21731 15.2825 4.95776 15.5394 4.63759 15.5394H4.25111C3.93094 15.5394 3.67139 15.2825 3.67139 14.9655Z" fill="#EB0203"></path>
            <path fill-rule="evenodd" clip-rule="evenodd" d="M0 1.76033C0 0.914738 0.692131 0.229248 1.54592 0.229248H15.0727C15.9265 0.229248 16.6186 0.914738 16.6186 1.76033V11.2818C16.6186 11.5989 16.3591 11.8559 16.0389 11.8559C15.7187 11.8559 15.4592 11.5989 15.4592 11.2818V1.76033C15.4592 1.54893 15.2862 1.37756 15.0727 1.37756H1.54592C1.33247 1.37756 1.15944 1.54893 1.15944 1.76033V18.985C1.15944 19.1964 1.33247 19.3678 1.54592 19.3678H9.27551C9.59568 19.3678 9.85523 19.6249 9.85523 19.942C9.85523 20.2591 9.59568 20.5161 9.27551 20.5161H1.54592C0.692131 20.5161 0 19.8306 0 18.985V1.76033Z" fill="#EB0203"></path>
            <path fill-rule="evenodd" clip-rule="evenodd" d="M14.6254 13.8718C13.4921 12.8567 11.7821 12.7615 10.6574 13.7147C9.12472 15.0124 9.34891 17.128 10.4413 18.2493L14.0161 21.9126C14.2199 22.1217 14.493 22.2386 14.7824 22.2386C15.0739 22.2386 15.3449 22.1238 15.5487 21.9147L19.1235 18.2514C20.2139 17.13 20.4422 15.0144 18.9075 13.7147C17.7827 12.7634 16.0726 12.8569 14.9392 13.872C14.8856 13.92 14.8333 13.9701 14.7824 14.0222C14.7314 13.97 14.6791 13.9199 14.6254 13.8718ZM18.1546 14.588C19.0972 15.3869 18.9961 16.7262 18.2891 17.4541C18.2888 17.4543 18.2886 17.4546 18.2884 17.4548L14.7834 21.0466L11.2757 17.452C11.2756 17.4519 11.2755 17.4517 11.2753 17.4516C10.5681 16.7252 10.4682 15.3856 11.4108 14.5876L11.4112 14.5872C12.0748 14.0248 13.202 14.0556 13.949 14.8205L14.7824 15.674L15.6158 14.8205C16.3618 14.0567 17.4896 14.0256 18.1545 14.5879" fill="#EB0203"></path>
            </svg>
            </button>
            </div>
            <div class="col-sm-10 col-12">
            <div class="ct-tile-quantity d-none" data-pid="6578853">
            <input type="hidden" class="add-to-cart-url" value="https://www.continente.pt/on/demandware.store/Sites-continente-Site/default/Cart-AddProduct">
            <div class="d-none tile-delete-confirmation-btn" data-pid="6578853" data-delay-time="3000" data-in-cart-msg="no carrinho" data-one-product-added="Adicionado ao carrinho" data-remove-from-cart-msg="Removido do carrinho" data-stay-open="6000.0" data-confirmation-image="{&quot;url&quot;:&quot;https://www.continente.pt/dw/image/v2/BDVS_PRD/on/demandware.static/-/Sites-col-master-catalog/default/dw27411e98/images/col/657/6578853-frente.jpg?sw=87&amp;sh=80&quot;,&quot;fallbackimage&quot;:{&quot;url&quot;:&quot;https://www.continente.pt/dw/image/v2/BDVS_PRD/on/demandware.static/Sites-continente-Site/-/default/dw7c42b4da/images/noimagelarge_product.png?sw=87&amp;sh=80&quot;,&quot;title&quot;:&quot;Pão de Forma com Côdea&quot;,&quot;alt&quot;:&quot;Pão de Forma com Côdea&quot;},&quot;title&quot;:&quot;Pão de Forma com Côdea&quot;,&quot;alt&quot;:&quot;Pão de Forma com Côdea&quot;}"></div>
            <div class="ct-tile-quantity-update quantity-update product-qty-vue" data-remove-action="https://www.continente.pt/on/demandware.store/Sites-continente-Site/default/Cart-RemoveProductLineItem" data-action="https://www.continente.pt/on/demandware.store/Sites-continente-Site/default/Cart-UpdateQuantity" data-dimension-update="https://www.continente.pt/on/demandware.store/Sites-continente-Site/default/Cart-DimensionUpdate" data-pid="6578853" data-uuid="278f72cd2d39998e7372a4e8f6" data-add-delay="500.0" data-measure-options="{&quot;hasConversionRate&quot;:false,&quot;hasAlternativeSaleUnit&quot;:false,&quot;unitConversionRate&quot;:0,&quot;minOrderQuantity&quot;:1,&quot;stepQuantity&quot;:1,&quot;primaryunit&quot;:&quot;un&quot;,&quot;secondaryunit&quot;:&quot;kg&quot;,&quot;selectedunit&quot;:&quot;primary&quot;,&quot;maxNumberOfUnitsPerSale&quot;:50}" data-price-available="null" :data-has-error="isMaxQtyReached || isMinQtyReached || qtySelectedMoreThanOne">
            <template v-show="prodUnits">
            <div class="quantity-input-wrapper has-units">
            <label class="visually-hidden" :for="'quantity-' + pid + additionalTag">
            Quantidade no carrinho
            </label>
            <input :ref="'quantityInput-' + pid + additionalTag" class="add-to-cart-quantity form-control ct-form-input text-center" inputmode="numeric" :class="{'is-invalid': isInvalid}" :data-pid="pid + additionalTag" :name="'quantity-' + pid + additionalTag" type="text" aria-label="Insira a quantidade" title="" v-model="displayValue" @change="updateQuantity" @focus="updateQtyFormat" @blur="restoreQtyFormat" :disabled="!isPriceAvailable">
            <span class="quantity-icon quantity-icon--minus">
            <button class="decrease-quantity-btn" @click="updateQuantity" :disabled="!isPriceAvailable" role="button" aria-label="Reduzir quantidade">
            <i class="css-math-minus"></i>
            </button>
            </span>
            <span class="quantity-icon quantity-icon--plus">
            <button class="increase-quantity-btn" @click="updateQuantity" :disabled="isMaxQtyReached || !isPriceAvailable" role="button" aria-label="Aumentar quantidade">
            <i class="css-math-plus"></i>
            </button>
            <span class="quantity-btn-disabled-placeholder"></span>
            </span>
            <template v-if="isPDP">
            <span class="quantity-error ct-span-error text-sm-center product-max-allocation" v-if="isMaxQtyReached">
            Quantidade máxima atingida
            </span>
            <span class="quantity-error ct-span-product text-sm-center product-allocation" v-if="!isMinQtyReached &amp;&amp; !isMaxQtyReached">
            {{quantitySelected}} no carrinho
            </span>
            <span class="quantity-error ct-span-error text-sm-center product-min-allocation" :data-pid="pid" v-if="isMinQtyReached &amp;&amp; !isMaxQtyReached">
            Quantidade mínima atingida
            </span>
            </template>
            </div>
            <template v-if="showNotes">
            <div class="add-note-link-container ">
            <div class="add-note">
            <a href="/produto/pao-de-forma-com-codea-panrico-6578853.html?showNote=true" class="ct-add-note-redirect-pdp" aria-label="Adicionar comentário">
            <span class="svg-wrapper svg-icon-notes" style="width:19px; height:20px">
            <svg class="svg-inline icon-notes" viewBox="0 0 28 30" xmlns="http://www.w3.org/2000/svg" width="100%" height="100%"><path d="M21.738 0C22.985 0 24 1.04 24 2.319V12.47c0 .469-.37.848-.828.848-.457 0-.827-.38-.827-.848V2.32c0-.343-.273-.622-.607-.622H2.262c-.334 0-.607.279-.607.622V27.68c0 .343.273.622.607.622h7.81c.457 0 .827.38.827.849 0 .468-.37.848-.827.848h-7.81C1.015 30 0 28.96 0 27.681V2.32C0 1.04 1.015 0 2.262 0h19.476zm2.844 16.004l.227.007c.823.053 1.589.39 2.176.964.64.627.993 1.46.993 2.349 0 .888-.353 1.722-.993 2.348l-6.83 6.665c-.11.108-.247.186-.397.226l-5.032 1.363c-.078.021-.16.032-.241.032-.242 0-.478-.097-.647-.266-.23-.231-.314-.566-.218-.874l1.49-4.798c.044-.139.122-.266.227-.369l6.844-6.677c.64-.625 1.493-.97 2.401-.97zm-2.886 3.94l-4.922 4.802-.947 3.048 3.22-.872 4.897-4.78-2.248-2.197zm2.887-2.174c-.425 0-.824.162-1.124.455l-.484.472 2.248 2.197.484-.472c.62-.606.62-1.591 0-2.197l-.117-.104c-.283-.227-.636-.35-1.007-.35zm-10.839.022c.498 0 .904.396.904.883 0 .488-.406.884-.904.884H5.946c-.499 0-.904-.396-.904-.884 0-.487.405-.883.904-.883zm5.042-4.876c.498 0 .904.397.904.884s-.406.884-.904.884H5.946c-.499 0-.904-.397-.904-.884s.405-.884.904-.884zm0-4.875c.498 0 .904.396.904.884 0 .487-.406.883-.904.883H5.946c-.499 0-.904-.396-.904-.883 0-.488.405-.884.904-.884z" fill="#EB0203" fill-rule="evenodd"></path></svg>
            </span>
            <div class="available-note d-none"></div>
            </a>
            </div>
            </div>
            </template>
            <div class="measurement-unit-section" v-if="isPriceAvailable &amp;&amp; prodUnits ? prodUnits.hasAlternativeUnit : false">
            <div class="ct-form-radio" @click="setDimension">
            <input type="radio" title="" class="ct-form-check-input product-measurement-unit" :data-type="prodUnits.selectedUnit == prodUnits.secondaryUnit ? 'primary' : ''" :id="prodUnits.secondaryUnit + '-' + pid + '-measurement-unit-ptile' + additionalTag" :name="'measurement-unit-' + pid + '-ptile' + additionalTag" :value="prodUnits.secondaryUnit" v-model="prodUnits.selectedUnit">
            <label :class="prodUnits.secondaryUnit + '-label ct-form-check-label mb-0'" :for="prodUnits.secondaryUnit + '-' + pid + '-measurement-unit-ptile' + additionalTag">
            {{prodUnits.secondaryUnit}}
            </label>
            <span class="checkmark"></span>
            </div>
            <div class="ct-form-radio" @click="setDimension">
            <input type="radio" title="" class="ct-form-check-input product-measurement-unit" :data-type="prodUnits.selectedUnit == prodUnits.primaryUnit ? 'primary' : ''" :id="prodUnits.primaryUnit + '-' + pid + '-measurement-unit-ptile' + additionalTag" :name="'measurement-unit-' + pid + '-ptile' + additionalTag" :value="prodUnits.primaryUnit" v-model="prodUnits.selectedUnit">
            <label :class="prodUnits.primaryUnit + '-label ct-form-check-label mb-0'" :for="prodUnits.primaryUnit + '-' + pid + '-measurement-unit-ptile' + additionalTag">
            {{prodUnits.primaryUnit}}
            </label>
            <span class="checkmark"></span>
            </div>
            </div>
            <template v-if="!isPDP &amp;&amp; isPriceAvailable">
            <span class="quantity-error ct-span-error product-max-allocation" v-if="isMaxQtyReached">
            Quantidade máxima atingida
            </span>
            <span class="quantity-error ct-span-product product-allocation" v-if="!isMinQtyReached &amp;&amp; !isMaxQtyReached">
            {{quantitySelected}} no carrinho
            </span>
            <span class="quantity-error ct-span-error product-min-allocation" :data-pid="pid" v-if="isMinQtyReached &amp;&amp; !isMaxQtyReached">
            Quantidade mínima atingida
            </span>
            </template>
            </template>
            </div>
            <input class="quantity-value-mask d-none" name="quantity" type="number" min="0" value="">
            </div>
            <button type="button" class="add-to-cart button js-add-to-cart js-add-to-cart-tile 6578853 button--primary dynamic-layout-btn" data-toggle="modal" data-target="#chooseBonusProductModal" data-pid="6578853" data-quantity-value="null" aria-label="Carrinho">
            <span class="d-block d-sm-none">
            <span class="svg-wrapper svg-icon-cart" style="width:20px; height:20px">
            <svg class="svg-inline icon-cart" xmlns="http://www.w3.org/2000/svg" viewBox="0 0 500 500" width="100%" height="100%"><path fill="#EB0203" fill-rule="evenodd" d="M 485.67317,94.386311 C 476.37798,83.847129 463.09468,78.03348 448.30404,78.03348 H 90.690813 L 87.079511,51.327997 C 83.185582,22.539551 62.962285,0 41.011841,0 H 14.727836 C 6.563151,0 0,6.5286975 0,14.580758 c 0,8.05206 6.5945535,14.580758 14.727836,14.580758 h 26.284005 c 4.710398,0 14.696435,9.855222 16.894619,26.021523 L 100.01739,368.0631 c 1.88416,13.77244 9.01256,26.70549 20.1605,36.37417 8.25889,7.15046 18.02511,11.9071 28.26237,13.89679 -4.17655,7.58572 -6.53175,16.25957 -6.53175,25.493 0,29.53459 24.27424,53.59751 54.13815,53.59751 29.8325,0 54.13814,-24.03184 54.13814,-53.59751 0,-8.79818 -2.19818,-17.09897 -5.9979,-24.43598 h 77.12488 c -3.79973,7.33701 -5.96652,15.6378 -5.96652,24.43598 0,29.53459 24.27424,53.59751 54.13817,53.59751 29.83249,0 54.13814,-24.03184 54.13814,-53.59751 0,-8.79818 -2.1982,-17.09897 -5.9979,-24.43598 h 38.56243 c 8.13328,0 14.72783,-6.5287 14.72783,-14.61183 0,-8.02098 -6.59455,-14.54967 -14.72783,-14.54967 H 159.24277 c -14.38241,0 -28.13677,-11.90711 -30.02092,-26.02153 l -3.07746,-22.88154 h 290.6314 c 14.03698,0 27.94834,-5.28513 39.06488,-14.95381 11.11652,-9.6376 18.27632,-22.57065 20.16048,-36.37417 l 21.10259,-156.78201 c 1.94694,-14.51858 -2.10398,-28.29103 -11.43057,-38.861299 z M 220.76053,443.82706 c 0,13.49265 -11.08513,24.46709 -24.68247,24.46709 -13.62874,0 -24.71387,-10.97444 -24.71387,-24.46709 0,-13.49262 11.08513,-24.43598 24.71387,-24.43598 13.59734,0 24.68247,10.94336 24.68247,24.43598 z m 173.43675,0 c 0,13.49265 -11.08512,24.46709 -24.68245,24.46709 -13.62876,0 -24.71388,-10.97444 -24.71388,-24.46709 0,-13.49262 11.08512,-24.43598 24.71388,-24.43598 13.59733,0 24.68245,10.94336 24.68245,24.43598 z m 73.7648,-314.46558 -21.13397,156.782 c -1.88416,14.11442 -15.63851,26.05261 -30.02091,26.05261 H 122.25046 L 94.616142,107.19499 H 448.33544 c 6.18632,0 11.61896,2.2695 15.23028,6.37326 3.64269,4.13484 5.21283,9.73086 4.39636,15.79323 z"></path></svg>
            </span>
            </span>
            <span class="add-to-cart--text d-none d-sm-block">Carrinho</span>
            </button>
            </div>
            </div>
            </div>
            </div>
            
            <div class="col-12 d-sm-none">
            </div>
            </div>
            </div>
            </div>
            </div>
            <div class="col-12 col-sm-3 col-lg-2 productTile" data-idx="23">
            
            <script type="text/javascript">//<!--
            /* <![CDATA[ */
            (function(){
            try {
                if(window.CQuotient) {
                var cq_params = {};
                
                cq_params.cookieId = window.CQuotient.getCQCookieId();
                cq_params.userId = window.CQuotient.getCQUserId();
                cq_params.emailId = CQuotient.getCQHashedEmail();
                cq_params.loginId = CQuotient.getCQHashedLogin();
                cq_params.accumulate = true;
                cq_params.products = [{
                    id: '6578927',
                    sku: ''
                }];
                cq_params.categoryId = 'padaria-e-pastelaria-padaria-forma';
                cq_params.refinements = '[{\"name\":\"priceMin\",\"value\":\"0.01\"},{\"name\":\"priceMax\",\"value\":\"null\"},{\"name\":\"curr\",\"value\":\"EUR\"},{\"name\":\"Category\",\"value\":\"padaria-e-pastelaria-padaria-forma\"}]';
                cq_params.personalized = 'false';
                cq_params.sortingRule = 'categories top-sellers';
                cq_params.imageUUID = '__UNDEFINED__';
                cq_params.realm = "BDVS";
                cq_params.siteId = "continente";
                cq_params.instanceType = "prd";
                cq_params.queryLocale = "default";
                cq_params.locale = window.CQuotient.locale;
                
                if(window.CQuotient.sendActivity)
                    window.CQuotient.sendActivity(CQuotient.clientId, 'viewCategory', cq_params);
                else
                    window.CQuotient.activities.push({
                        activityType: 'viewCategory',
                        parameters: cq_params
                    });
              }
            } catch(err) {}
            })();
            /* ]]> */
            // -->
            </script>
            <script type="text/javascript">//<!--
            /* <![CDATA[ (viewCategoryProduct-active_data.js) */
            (function(){
            try {
                if (dw.ac) {
                    var search_params = {};
                    search_params.persd = 'false';
                    search_params.refs = '[{\"name\":\"priceMin\",\"value\":\"0.01\"},{\"name\":\"priceMax\",\"value\":\"null\"},{\"name\":\"curr\",\"value\":\"EUR\"},{\"name\":\"Category\",\"value\":\"padaria-e-pastelaria-padaria-forma\"}]';
                    search_params.sort = 'categories top-sellers';
                    search_params.imageUUID = '';
                    search_params.searchID = '79fd584c-cee5-42dd-a07f-04e8467e04c2';
                    search_params.locale = 'default';
                    search_params.queryLocale = 'default';
                    search_params.showProducts = 'true';
                    dw.ac.applyContext({category: "padaria-e-pastelaria-padaria-forma", searchData: search_params});
                    if (typeof dw.ac._scheduleDataSubmission === "function") {
                        dw.ac._scheduleDataSubmission();
                    }
                }
            } catch(err) {}
            })();
            /* ]]> */
            // -->
            </script>
            <script type="text/javascript">//<!--
            /* <![CDATA[ (viewProduct-active_data.js) */
            dw.ac._capture({id: "6578927", type: "searchhit"});
            /* ]]> */
            // -->
            </script>
            <div class="product" data-pid="6578927">
            <div class="product-tile pid-6578927 ct-product-tile data-layer-pushed" data-delay-time="3000" data-variants-mapping="[]" data-in-cart-msg="no carrinho" data-one-product-added="Adicionado ao carrinho" data-remove-from-cart-msg="Removido do carrinho" data-stay-open="6000.0" data-product-tile-impression="{&quot;name&quot;:&quot;6578927&quot;,&quot;id&quot;:&quot;6578927&quot;,&quot;price&quot;:1.79,&quot;brand&quot;:&quot;Panrico&quot;,&quot;category&quot;:[{&quot;category_level_1&quot;:&quot;Padaria e Pastelaria&quot;},{&quot;category_level_2&quot;:&quot;Padaria&quot;},{&quot;category_level_3&quot;:&quot;Pão de Forma e Embalado&quot;}],&quot;variant&quot;:&quot;&quot;}">
            <div class="ct-inner-tile-wrap row no-gutters justify-content-center align-content-start">
            <div class="ct-product-tile-badge ct-product-tile-badge--promotional">
            <img class="img-fluid lazyloaded" loading="lazy" data-src="https://www.continente.pt/dw/image/v2/BDVS_PRD/on/demandware.static/-/Sites-continente-Library/default/dwf5980f2e/images/badges/pvpr/col/pvpr.png?sw=60&amp;sh=42" alt="PVP Recomendado: €2,39/un" title="PVP Recomendado: €2,39/un" src="https://www.continente.pt/dw/image/v2/BDVS_PRD/on/demandware.static/-/Sites-continente-Library/default/dwf5980f2e/images/badges/pvpr/col/pvpr.png?sw=60&amp;sh=42">
            <div class="ct-product-tile-badge-value-wrapper ct-product-tile-badge-value-wrapper--pvpr  ">
            <span class="ct-product-tile-badge-value--pvpr">
            25
             </span>
            <span class="ct-product-tile-badge-value--pvpr-quantifier ">
            %
            </span>
            </div>
            </div>
            
            <div class="ct-image-container col-4 col-sm" data-confirmation-image="{&quot;url&quot;:&quot;https://www.continente.pt/dw/image/v2/BDVS_PRD/on/demandware.static/-/Sites-col-master-catalog/default/dw77397981/images/col/657/6578927-frente.jpg?sw=87&amp;sh=80&quot;,&quot;fallbackimage&quot;:{&quot;url&quot;:&quot;https://www.continente.pt/dw/image/v2/BDVS_PRD/on/demandware.static/Sites-continente-Site/-/default/dw7c42b4da/images/noimagelarge_product.png?sw=87&amp;sh=80&quot;,&quot;title&quot;:&quot;Pão de Forma 9 Cereais com Côdea&quot;,&quot;alt&quot;:&quot;Pão de Forma 9 Cereais com Côdea&quot;},&quot;title&quot;:&quot;Pão de Forma 9 Cereais com Côdea&quot;,&quot;alt&quot;:&quot;Pão de Forma 9 Cereais com Côdea&quot;}">
            <a href="https://www.continente.pt/produto/pao-de-forma-9-cereais-com-codea-panrico-6578927.html?cgid=padaria-e-pastelaria-padaria-forma">
            <picture class="intrinsic intrinsic--square">
            <img class="ct-tile-image lazyloaded" loading="lazy" onerror="this.onerror=null;this.src='/on/demandware.static/Sites-continente-Site/-/default/dw7c42b4da/images/noimagelarge_product.png';" data-src="https://www.continente.pt/dw/image/v2/BDVS_PRD/on/demandware.static/-/Sites-col-master-catalog/default/dw77397981/images/col/657/6578927-frente.jpg?sw=280&amp;sh=280" alt="Pão de Forma 9 Cereais com Côdea" title="Pão de Forma 9 Cereais com Côdea" src="https://www.continente.pt/dw/image/v2/BDVS_PRD/on/demandware.static/-/Sites-col-master-catalog/default/dw77397981/images/col/657/6578927-frente.jpg?sw=280&amp;sh=280">
            </picture>
            </a>
            <div class="color-swatches d-flex" style="margin-left: 5px;">
            <div class="swatches d-flex">
            </div>
            </div>
            </div>
            <div class="ct-tile-body col col-sm-auto ">
            <div class="ct-pdp-details">
            <div class="ct-pdp-link">
            <a class="ct-tile--description" href="https://www.continente.pt/produto/pao-de-forma-9-cereais-com-codea-panrico-6578927.html?cgid=padaria-e-pastelaria-padaria-forma">Pão de Forma 9 Cereais com Côdea</a>
            <div class="ct-tile--favorite-top d-sm-none">
            <button class="wishlist-toggler guest-mode inactive button button--tertiary" data-pid="6578927" data-add-url="https://www.continente.pt/on/demandware.store/Sites-continente-Site/default/Wishlist-AddProduct?pid=6578927" data-toggle="tooltip" aria-label="Adicionar aos favoritos " data-original-title="Adicionar aos favoritos" data-placement="top">
            <svg class="active-content" width="100%" height="100%" viewBox="0 0 20 22" fill="none" xmlns="http://www.w3.org/2000/svg">
            <path fill-rule="evenodd" clip-rule="evenodd" d="M0 1.53052C0 0.685236 0.692171 0 1.54601 0H15.0736C15.9274 0 16.6196 0.685235 16.6196 1.53052V13.4064L15.8127 13.922L14.2658 14.2658L12.7189 13.4064L10.6054 14.3818C10.4994 14.2451 10.3327 14.157 10.1452 14.157H6.76329C6.4431 14.157 6.18354 14.414 6.18354 14.731C6.18354 15.0479 6.4431 15.3049 6.76329 15.3049H10.1452C10.2478 15.3049 10.3441 15.2785 10.4277 15.2322L10.3126 16.8439L13.2345 20.2793H1.54601C0.69217 20.2793 0 19.5941 0 18.7488V1.53052ZM6.18354 5.5483C6.18354 5.23132 6.4431 4.97436 6.76329 4.97436H12.3676C12.6878 4.97436 12.9473 5.23132 12.9473 5.5483C12.9473 5.86528 12.6878 6.12224 12.3676 6.12224H6.76329C6.4431 6.12224 6.18354 5.86528 6.18354 5.5483ZM6.76329 11.0961C6.4431 11.0961 6.18354 11.3531 6.18354 11.6701C6.18354 11.987 6.4431 12.244 6.76329 12.244H12.3676C12.6878 12.244 12.9473 11.987 12.9473 11.6701C12.9473 11.3531 12.6878 11.0961 12.3676 11.0961H6.76329ZM6.18354 8.60985C6.18354 8.29287 6.4431 8.03591 6.76329 8.03591H12.3676C12.6878 8.03591 12.9473 8.29287 12.9473 8.60985C12.9473 8.92684 12.6878 9.1838 12.3676 9.1838H6.76329C6.4431 9.1838 6.18354 8.92684 6.18354 8.60985ZM3.67118 5.5483C3.67118 5.23132 3.93075 4.97436 4.25093 4.97436H4.63743C4.95762 4.97436 5.21719 5.23132 5.21719 5.5483C5.21719 5.86528 4.95762 6.12224 4.63743 6.12224H4.25093C3.93075 6.12224 3.67118 5.86528 3.67118 5.5483ZM4.25093 11.0961C3.93075 11.0961 3.67118 11.3531 3.67118 11.6701C3.67118 11.987 3.93075 12.244 4.25093 12.244H4.63743C4.95762 12.244 5.21719 11.987 5.21719 11.6701C5.21719 11.3531 4.95762 11.0961 4.63743 11.0961H4.25093ZM3.67118 8.60985C3.67118 8.29287 3.93075 8.03591 4.25093 8.03591H4.63743C4.95762 8.03591 5.21719 8.29287 5.21719 8.60985C5.21719 8.92684 4.95762 9.1838 4.63743 9.1838H4.25093C3.93075 9.1838 3.67118 8.92684 3.67118 8.60985ZM4.25093 14.157C3.93075 14.157 3.67118 14.414 3.67118 14.731C3.67118 15.0479 3.93075 15.3049 4.25093 15.3049H4.63743C4.95762 15.3049 5.21719 15.0479 5.21719 14.731C5.21719 14.414 4.95762 14.157 4.63743 14.157H4.25093Z" fill="#EB0203"></path>
            <path fill-rule="evenodd" clip-rule="evenodd" d="M14.6252 13.6363C13.4918 12.6215 11.7817 12.5264 10.6569 13.4792C9.12421 14.7764 9.34841 16.8912 10.4409 18.0122L14.0159 21.6742C14.2197 21.8832 14.4928 22 14.7822 22C15.0737 22 15.3448 21.8852 15.5486 21.6762L19.1236 18.0142C20.214 16.8933 20.4423 14.7785 18.9075 13.4792C17.7827 12.5283 16.0724 12.6217 14.9391 13.6365C14.8855 13.6845 14.8331 13.7345 14.7822 13.7866C14.7313 13.7345 14.6789 13.6843 14.6252 13.6363ZM18.1546 14.3522C19.0973 15.1508 18.9962 16.4896 18.2891 17.2173C18.2888 17.2175 18.2886 17.2177 18.2884 17.218L14.7832 20.8084L11.2753 17.2151C11.2752 17.215 11.2751 17.2149 11.2749 17.2148C10.5677 16.4887 10.4678 15.1495 11.4104 14.3518L11.4108 14.3514C12.0745 13.7892 13.2018 13.82 13.9488 14.5846L14.7822 15.4378L15.6157 14.5846C16.3617 13.8211 17.4896 13.79 18.1545 14.3521" fill="#EB0203"></path>
            </svg>
            <svg class="inactive-content" width="100%" height="100%" viewBox="0 0 20 23" fill="none" xmlns="http://www.w3.org/2000/svg">
            <path fill-rule="evenodd" clip-rule="evenodd" d="M6.18408 5.77914C6.18408 5.46223 6.44363 5.20532 6.7638 5.20532H12.3678C12.6879 5.20532 12.9475 5.46223 12.9475 5.77914C12.9475 6.09606 12.6879 6.35297 12.3678 6.35297H6.7638C6.44363 6.35297 6.18408 6.09606 6.18408 5.77914Z" fill="#EB0203"></path>
            <path fill-rule="evenodd" clip-rule="evenodd" d="M6.18408 11.9034C6.18408 11.5865 6.44363 11.3296 6.7638 11.3296H12.3678C12.6879 11.3296 12.9475 11.5865 12.9475 11.9034C12.9475 12.2202 12.6879 12.4771 12.3678 12.4771H6.7638C6.44363 12.4771 6.18408 12.2202 6.18408 11.9034Z" fill="#EB0203"></path>
            <path fill-rule="evenodd" clip-rule="evenodd" d="M6.18408 8.84116C6.18408 8.52424 6.44363 8.26733 6.7638 8.26733H12.3678C12.6879 8.26733 12.9475 8.52424 12.9475 8.84116C12.9475 9.15807 12.6879 9.41498 12.3678 9.41498H6.7638C6.44363 9.41498 6.18408 9.15807 6.18408 8.84116Z" fill="#EB0203"></path>
            <path fill-rule="evenodd" clip-rule="evenodd" d="M6.18408 14.9655C6.18408 14.6486 6.44363 14.3917 6.7638 14.3917H10.1455C10.4657 14.3917 10.7252 14.6486 10.7252 14.9655C10.7252 15.2825 10.4657 15.5394 10.1455 15.5394H6.7638C6.44363 15.5394 6.18408 15.2825 6.18408 14.9655Z" fill="#EB0203"></path>
            <path fill-rule="evenodd" clip-rule="evenodd" d="M3.67139 5.77914C3.67139 5.46223 3.93094 5.20532 4.25111 5.20532H4.63759C4.95776 5.20532 5.21731 5.46223 5.21731 5.77914C5.21731 6.09606 4.95776 6.35297 4.63759 6.35297H4.25111C3.93094 6.35297 3.67139 6.09606 3.67139 5.77914Z" fill="#EB0203"></path>
            <path fill-rule="evenodd" clip-rule="evenodd" d="M3.67139 11.9034C3.67139 11.5865 3.93094 11.3296 4.25111 11.3296H4.63759C4.95776 11.3296 5.21731 11.5865 5.21731 11.9034C5.21731 12.2202 4.95776 12.4771 4.63759 12.4771H4.25111C3.93094 12.4771 3.67139 12.2202 3.67139 11.9034Z" fill="#EB0203"></path>
            <path fill-rule="evenodd" clip-rule="evenodd" d="M3.67139 8.84116C3.67139 8.52424 3.93094 8.26733 4.25111 8.26733H4.63759C4.95776 8.26733 5.21731 8.52424 5.21731 8.84116C5.21731 9.15807 4.95776 9.41498 4.63759 9.41498H4.25111C3.93094 9.41498 3.67139 9.15807 3.67139 8.84116Z" fill="#EB0203"></path>
            <path fill-rule="evenodd" clip-rule="evenodd" d="M3.67139 14.9655C3.67139 14.6486 3.93094 14.3917 4.25111 14.3917H4.63759C4.95776 14.3917 5.21731 14.6486 5.21731 14.9655C5.21731 15.2825 4.95776 15.5394 4.63759 15.5394H4.25111C3.93094 15.5394 3.67139 15.2825 3.67139 14.9655Z" fill="#EB0203"></path>
            <path fill-rule="evenodd" clip-rule="evenodd" d="M0 1.76033C0 0.914738 0.692131 0.229248 1.54592 0.229248H15.0727C15.9265 0.229248 16.6186 0.914738 16.6186 1.76033V11.2818C16.6186 11.5989 16.3591 11.8559 16.0389 11.8559C15.7187 11.8559 15.4592 11.5989 15.4592 11.2818V1.76033C15.4592 1.54893 15.2862 1.37756 15.0727 1.37756H1.54592C1.33247 1.37756 1.15944 1.54893 1.15944 1.76033V18.985C1.15944 19.1964 1.33247 19.3678 1.54592 19.3678H9.27551C9.59568 19.3678 9.85523 19.6249 9.85523 19.942C9.85523 20.2591 9.59568 20.5161 9.27551 20.5161H1.54592C0.692131 20.5161 0 19.8306 0 18.985V1.76033Z" fill="#EB0203"></path>
            <path fill-rule="evenodd" clip-rule="evenodd" d="M14.6254 13.8718C13.4921 12.8567 11.7821 12.7615 10.6574 13.7147C9.12472 15.0124 9.34891 17.128 10.4413 18.2493L14.0161 21.9126C14.2199 22.1217 14.493 22.2386 14.7824 22.2386C15.0739 22.2386 15.3449 22.1238 15.5487 21.9147L19.1235 18.2514C20.2139 17.13 20.4422 15.0144 18.9075 13.7147C17.7827 12.7634 16.0726 12.8569 14.9392 13.872C14.8856 13.92 14.8333 13.9701 14.7824 14.0222C14.7314 13.97 14.6791 13.9199 14.6254 13.8718ZM18.1546 14.588C19.0972 15.3869 18.9961 16.7262 18.2891 17.4541C18.2888 17.4543 18.2886 17.4546 18.2884 17.4548L14.7834 21.0466L11.2757 17.452C11.2756 17.4519 11.2755 17.4517 11.2753 17.4516C10.5681 16.7252 10.4682 15.3856 11.4108 14.5876L11.4112 14.5872C12.0748 14.0248 13.202 14.0556 13.949 14.8205L14.7824 15.674L15.6158 14.8205C16.3618 14.0567 17.4896 14.0256 18.1545 14.5879" fill="#EB0203"></path>
            </svg>
            </button>
            </div>
            </div>
            <p class="ct-tile--brand">Panrico</p>
            <p class="ct-tile--quantity">emb. 520 gr</p>
            </div>
            <div class="ct-tile-bottom row no-gutters justify-content-between">
            <div class="ct-price-wrap col-8 col-sm-12">
            <div class="price js-product-price">
            <div class="prices-wrapper">
            <span class="sales ct-tile--price-primary ">
            <span class="value" content="1.79">
            <span class="ct-price-formatted">
            €1,79
            </span>
            <span class="ct-m-unit">
            /un
            </span>
            </span>
            </span>
            </div>
            <div class="ct-tile--price-secondary">
            <span class="ct-price-value">
            €3,44
            </span>
            <span class="ct-m-unit">
            /kg
            </span>
            </div>
            <p class="ct-discount-amount ct-discount-amount-pvpr">PVP Recomendado: €2,39/un</p>
            </div>
            </div>
            <div class="ct-tile-buy-section d-flex justify-content-center no-gutters col-auto col-sm-12">
            <div class="col-2 d-sm-flex d-none">
            <button class="wishlist-toggler guest-mode inactive button button--tertiary" data-pid="6578927" data-add-url="https://www.continente.pt/on/demandware.store/Sites-continente-Site/default/Wishlist-AddProduct?pid=6578927" data-toggle="tooltip" aria-label="Adicionar aos favoritos " data-original-title="Adicionar aos favoritos" data-placement="top">
            <svg class="active-content" width="100%" height="100%" viewBox="0 0 20 22" fill="none" xmlns="http://www.w3.org/2000/svg">
            <path fill-rule="evenodd" clip-rule="evenodd" d="M0 1.53052C0 0.685236 0.692171 0 1.54601 0H15.0736C15.9274 0 16.6196 0.685235 16.6196 1.53052V13.4064L15.8127 13.922L14.2658 14.2658L12.7189 13.4064L10.6054 14.3818C10.4994 14.2451 10.3327 14.157 10.1452 14.157H6.76329C6.4431 14.157 6.18354 14.414 6.18354 14.731C6.18354 15.0479 6.4431 15.3049 6.76329 15.3049H10.1452C10.2478 15.3049 10.3441 15.2785 10.4277 15.2322L10.3126 16.8439L13.2345 20.2793H1.54601C0.69217 20.2793 0 19.5941 0 18.7488V1.53052ZM6.18354 5.5483C6.18354 5.23132 6.4431 4.97436 6.76329 4.97436H12.3676C12.6878 4.97436 12.9473 5.23132 12.9473 5.5483C12.9473 5.86528 12.6878 6.12224 12.3676 6.12224H6.76329C6.4431 6.12224 6.18354 5.86528 6.18354 5.5483ZM6.76329 11.0961C6.4431 11.0961 6.18354 11.3531 6.18354 11.6701C6.18354 11.987 6.4431 12.244 6.76329 12.244H12.3676C12.6878 12.244 12.9473 11.987 12.9473 11.6701C12.9473 11.3531 12.6878 11.0961 12.3676 11.0961H6.76329ZM6.18354 8.60985C6.18354 8.29287 6.4431 8.03591 6.76329 8.03591H12.3676C12.6878 8.03591 12.9473 8.29287 12.9473 8.60985C12.9473 8.92684 12.6878 9.1838 12.3676 9.1838H6.76329C6.4431 9.1838 6.18354 8.92684 6.18354 8.60985ZM3.67118 5.5483C3.67118 5.23132 3.93075 4.97436 4.25093 4.97436H4.63743C4.95762 4.97436 5.21719 5.23132 5.21719 5.5483C5.21719 5.86528 4.95762 6.12224 4.63743 6.12224H4.25093C3.93075 6.12224 3.67118 5.86528 3.67118 5.5483ZM4.25093 11.0961C3.93075 11.0961 3.67118 11.3531 3.67118 11.6701C3.67118 11.987 3.93075 12.244 4.25093 12.244H4.63743C4.95762 12.244 5.21719 11.987 5.21719 11.6701C5.21719 11.3531 4.95762 11.0961 4.63743 11.0961H4.25093ZM3.67118 8.60985C3.67118 8.29287 3.93075 8.03591 4.25093 8.03591H4.63743C4.95762 8.03591 5.21719 8.29287 5.21719 8.60985C5.21719 8.92684 4.95762 9.1838 4.63743 9.1838H4.25093C3.93075 9.1838 3.67118 8.92684 3.67118 8.60985ZM4.25093 14.157C3.93075 14.157 3.67118 14.414 3.67118 14.731C3.67118 15.0479 3.93075 15.3049 4.25093 15.3049H4.63743C4.95762 15.3049 5.21719 15.0479 5.21719 14.731C5.21719 14.414 4.95762 14.157 4.63743 14.157H4.25093Z" fill="#EB0203"></path>
            <path fill-rule="evenodd" clip-rule="evenodd" d="M14.6252 13.6363C13.4918 12.6215 11.7817 12.5264 10.6569 13.4792C9.12421 14.7764 9.34841 16.8912 10.4409 18.0122L14.0159 21.6742C14.2197 21.8832 14.4928 22 14.7822 22C15.0737 22 15.3448 21.8852 15.5486 21.6762L19.1236 18.0142C20.214 16.8933 20.4423 14.7785 18.9075 13.4792C17.7827 12.5283 16.0724 12.6217 14.9391 13.6365C14.8855 13.6845 14.8331 13.7345 14.7822 13.7866C14.7313 13.7345 14.6789 13.6843 14.6252 13.6363ZM18.1546 14.3522C19.0973 15.1508 18.9962 16.4896 18.2891 17.2173C18.2888 17.2175 18.2886 17.2177 18.2884 17.218L14.7832 20.8084L11.2753 17.2151C11.2752 17.215 11.2751 17.2149 11.2749 17.2148C10.5677 16.4887 10.4678 15.1495 11.4104 14.3518L11.4108 14.3514C12.0745 13.7892 13.2018 13.82 13.9488 14.5846L14.7822 15.4378L15.6157 14.5846C16.3617 13.8211 17.4896 13.79 18.1545 14.3521" fill="#EB0203"></path>
            </svg>
            <svg class="inactive-content" width="100%" height="100%" viewBox="0 0 20 23" fill="none" xmlns="http://www.w3.org/2000/svg">
            <path fill-rule="evenodd" clip-rule="evenodd" d="M6.18408 5.77914C6.18408 5.46223 6.44363 5.20532 6.7638 5.20532H12.3678C12.6879 5.20532 12.9475 5.46223 12.9475 5.77914C12.9475 6.09606 12.6879 6.35297 12.3678 6.35297H6.7638C6.44363 6.35297 6.18408 6.09606 6.18408 5.77914Z" fill="#EB0203"></path>
            <path fill-rule="evenodd" clip-rule="evenodd" d="M6.18408 11.9034C6.18408 11.5865 6.44363 11.3296 6.7638 11.3296H12.3678C12.6879 11.3296 12.9475 11.5865 12.9475 11.9034C12.9475 12.2202 12.6879 12.4771 12.3678 12.4771H6.7638C6.44363 12.4771 6.18408 12.2202 6.18408 11.9034Z" fill="#EB0203"></path>
            <path fill-rule="evenodd" clip-rule="evenodd" d="M6.18408 8.84116C6.18408 8.52424 6.44363 8.26733 6.7638 8.26733H12.3678C12.6879 8.26733 12.9475 8.52424 12.9475 8.84116C12.9475 9.15807 12.6879 9.41498 12.3678 9.41498H6.7638C6.44363 9.41498 6.18408 9.15807 6.18408 8.84116Z" fill="#EB0203"></path>
            <path fill-rule="evenodd" clip-rule="evenodd" d="M6.18408 14.9655C6.18408 14.6486 6.44363 14.3917 6.7638 14.3917H10.1455C10.4657 14.3917 10.7252 14.6486 10.7252 14.9655C10.7252 15.2825 10.4657 15.5394 10.1455 15.5394H6.7638C6.44363 15.5394 6.18408 15.2825 6.18408 14.9655Z" fill="#EB0203"></path>
            <path fill-rule="evenodd" clip-rule="evenodd" d="M3.67139 5.77914C3.67139 5.46223 3.93094 5.20532 4.25111 5.20532H4.63759C4.95776 5.20532 5.21731 5.46223 5.21731 5.77914C5.21731 6.09606 4.95776 6.35297 4.63759 6.35297H4.25111C3.93094 6.35297 3.67139 6.09606 3.67139 5.77914Z" fill="#EB0203"></path>
            <path fill-rule="evenodd" clip-rule="evenodd" d="M3.67139 11.9034C3.67139 11.5865 3.93094 11.3296 4.25111 11.3296H4.63759C4.95776 11.3296 5.21731 11.5865 5.21731 11.9034C5.21731 12.2202 4.95776 12.4771 4.63759 12.4771H4.25111C3.93094 12.4771 3.67139 12.2202 3.67139 11.9034Z" fill="#EB0203"></path>
            <path fill-rule="evenodd" clip-rule="evenodd" d="M3.67139 8.84116C3.67139 8.52424 3.93094 8.26733 4.25111 8.26733H4.63759C4.95776 8.26733 5.21731 8.52424 5.21731 8.84116C5.21731 9.15807 4.95776 9.41498 4.63759 9.41498H4.25111C3.93094 9.41498 3.67139 9.15807 3.67139 8.84116Z" fill="#EB0203"></path>
            <path fill-rule="evenodd" clip-rule="evenodd" d="M3.67139 14.9655C3.67139 14.6486 3.93094 14.3917 4.25111 14.3917H4.63759C4.95776 14.3917 5.21731 14.6486 5.21731 14.9655C5.21731 15.2825 4.95776 15.5394 4.63759 15.5394H4.25111C3.93094 15.5394 3.67139 15.2825 3.67139 14.9655Z" fill="#EB0203"></path>
            <path fill-rule="evenodd" clip-rule="evenodd" d="M0 1.76033C0 0.914738 0.692131 0.229248 1.54592 0.229248H15.0727C15.9265 0.229248 16.6186 0.914738 16.6186 1.76033V11.2818C16.6186 11.5989 16.3591 11.8559 16.0389 11.8559C15.7187 11.8559 15.4592 11.5989 15.4592 11.2818V1.76033C15.4592 1.54893 15.2862 1.37756 15.0727 1.37756H1.54592C1.33247 1.37756 1.15944 1.54893 1.15944 1.76033V18.985C1.15944 19.1964 1.33247 19.3678 1.54592 19.3678H9.27551C9.59568 19.3678 9.85523 19.6249 9.85523 19.942C9.85523 20.2591 9.59568 20.5161 9.27551 20.5161H1.54592C0.692131 20.5161 0 19.8306 0 18.985V1.76033Z" fill="#EB0203"></path>
            <path fill-rule="evenodd" clip-rule="evenodd" d="M14.6254 13.8718C13.4921 12.8567 11.7821 12.7615 10.6574 13.7147C9.12472 15.0124 9.34891 17.128 10.4413 18.2493L14.0161 21.9126C14.2199 22.1217 14.493 22.2386 14.7824 22.2386C15.0739 22.2386 15.3449 22.1238 15.5487 21.9147L19.1235 18.2514C20.2139 17.13 20.4422 15.0144 18.9075 13.7147C17.7827 12.7634 16.0726 12.8569 14.9392 13.872C14.8856 13.92 14.8333 13.9701 14.7824 14.0222C14.7314 13.97 14.6791 13.9199 14.6254 13.8718ZM18.1546 14.588C19.0972 15.3869 18.9961 16.7262 18.2891 17.4541C18.2888 17.4543 18.2886 17.4546 18.2884 17.4548L14.7834 21.0466L11.2757 17.452C11.2756 17.4519 11.2755 17.4517 11.2753 17.4516C10.5681 16.7252 10.4682 15.3856 11.4108 14.5876L11.4112 14.5872C12.0748 14.0248 13.202 14.0556 13.949 14.8205L14.7824 15.674L15.6158 14.8205C16.3618 14.0567 17.4896 14.0256 18.1545 14.5879" fill="#EB0203"></path>
            </svg>
            </button>
            </div>
            <div class="col-sm-10 col-12">
            <div class="ct-tile-quantity d-none" data-pid="6578927">
            <input type="hidden" class="add-to-cart-url" value="https://www.continente.pt/on/demandware.store/Sites-continente-Site/default/Cart-AddProduct">
            <div class="d-none tile-delete-confirmation-btn" data-pid="6578927" data-delay-time="3000" data-in-cart-msg="no carrinho" data-one-product-added="Adicionado ao carrinho" data-remove-from-cart-msg="Removido do carrinho" data-stay-open="6000.0" data-confirmation-image="{&quot;url&quot;:&quot;https://www.continente.pt/dw/image/v2/BDVS_PRD/on/demandware.static/-/Sites-col-master-catalog/default/dw77397981/images/col/657/6578927-frente.jpg?sw=87&amp;sh=80&quot;,&quot;fallbackimage&quot;:{&quot;url&quot;:&quot;https://www.continente.pt/dw/image/v2/BDVS_PRD/on/demandware.static/Sites-continente-Site/-/default/dw7c42b4da/images/noimagelarge_product.png?sw=87&amp;sh=80&quot;,&quot;title&quot;:&quot;Pão de Forma 9 Cereais com Côdea&quot;,&quot;alt&quot;:&quot;Pão de Forma 9 Cereais com Côdea&quot;},&quot;title&quot;:&quot;Pão de Forma 9 Cereais com Côdea&quot;,&quot;alt&quot;:&quot;Pão de Forma 9 Cereais com Côdea&quot;}"></div>
            <div class="ct-tile-quantity-update quantity-update product-qty-vue" data-remove-action="https://www.continente.pt/on/demandware.store/Sites-continente-Site/default/Cart-RemoveProductLineItem" data-action="https://www.continente.pt/on/demandware.store/Sites-continente-Site/default/Cart-UpdateQuantity" data-dimension-update="https://www.continente.pt/on/demandware.store/Sites-continente-Site/default/Cart-DimensionUpdate" data-pid="6578927" data-uuid="b20a7fbc025d0d607c72c6f057" data-add-delay="500.0" data-measure-options="{&quot;hasConversionRate&quot;:false,&quot;hasAlternativeSaleUnit&quot;:false,&quot;unitConversionRate&quot;:0,&quot;minOrderQuantity&quot;:1,&quot;stepQuantity&quot;:1,&quot;primaryunit&quot;:&quot;un&quot;,&quot;secondaryunit&quot;:&quot;kg&quot;,&quot;selectedunit&quot;:&quot;primary&quot;,&quot;maxNumberOfUnitsPerSale&quot;:50}" data-price-available="null" :data-has-error="isMaxQtyReached || isMinQtyReached || qtySelectedMoreThanOne">
            <template v-show="prodUnits">
            <div class="quantity-input-wrapper has-units">
            <label class="visually-hidden" :for="'quantity-' + pid + additionalTag">
            Quantidade no carrinho
            </label>
            <input :ref="'quantityInput-' + pid + additionalTag" class="add-to-cart-quantity form-control ct-form-input text-center" inputmode="numeric" :class="{'is-invalid': isInvalid}" :data-pid="pid + additionalTag" :name="'quantity-' + pid + additionalTag" type="text" aria-label="Insira a quantidade" title="" v-model="displayValue" @change="updateQuantity" @focus="updateQtyFormat" @blur="restoreQtyFormat" :disabled="!isPriceAvailable">
            <span class="quantity-icon quantity-icon--minus">
            <button class="decrease-quantity-btn" @click="updateQuantity" :disabled="!isPriceAvailable" role="button" aria-label="Reduzir quantidade">
            <i class="css-math-minus"></i>
            </button>
            </span>
            <span class="quantity-icon quantity-icon--plus">
            <button class="increase-quantity-btn" @click="updateQuantity" :disabled="isMaxQtyReached || !isPriceAvailable" role="button" aria-label="Aumentar quantidade">
            <i class="css-math-plus"></i>
            </button>
            <span class="quantity-btn-disabled-placeholder"></span>
            </span>
            <template v-if="isPDP">
            <span class="quantity-error ct-span-error text-sm-center product-max-allocation" v-if="isMaxQtyReached">
            Quantidade máxima atingida
            </span>
            <span class="quantity-error ct-span-product text-sm-center product-allocation" v-if="!isMinQtyReached &amp;&amp; !isMaxQtyReached">
            {{quantitySelected}} no carrinho
            </span>
            <span class="quantity-error ct-span-error text-sm-center product-min-allocation" :data-pid="pid" v-if="isMinQtyReached &amp;&amp; !isMaxQtyReached">
            Quantidade mínima atingida
            </span>
            </template>
            </div>
            <template v-if="showNotes">
            <div class="add-note-link-container ">
            <div class="add-note">
            <a href="/produto/pao-de-forma-9-cereais-com-codea-panrico-6578927.html?showNote=true" class="ct-add-note-redirect-pdp" aria-label="Adicionar comentário">
            <span class="svg-wrapper svg-icon-notes" style="width:19px; height:20px">
            <svg class="svg-inline icon-notes" viewBox="0 0 28 30" xmlns="http://www.w3.org/2000/svg" width="100%" height="100%"><path d="M21.738 0C22.985 0 24 1.04 24 2.319V12.47c0 .469-.37.848-.828.848-.457 0-.827-.38-.827-.848V2.32c0-.343-.273-.622-.607-.622H2.262c-.334 0-.607.279-.607.622V27.68c0 .343.273.622.607.622h7.81c.457 0 .827.38.827.849 0 .468-.37.848-.827.848h-7.81C1.015 30 0 28.96 0 27.681V2.32C0 1.04 1.015 0 2.262 0h19.476zm2.844 16.004l.227.007c.823.053 1.589.39 2.176.964.64.627.993 1.46.993 2.349 0 .888-.353 1.722-.993 2.348l-6.83 6.665c-.11.108-.247.186-.397.226l-5.032 1.363c-.078.021-.16.032-.241.032-.242 0-.478-.097-.647-.266-.23-.231-.314-.566-.218-.874l1.49-4.798c.044-.139.122-.266.227-.369l6.844-6.677c.64-.625 1.493-.97 2.401-.97zm-2.886 3.94l-4.922 4.802-.947 3.048 3.22-.872 4.897-4.78-2.248-2.197zm2.887-2.174c-.425 0-.824.162-1.124.455l-.484.472 2.248 2.197.484-.472c.62-.606.62-1.591 0-2.197l-.117-.104c-.283-.227-.636-.35-1.007-.35zm-10.839.022c.498 0 .904.396.904.883 0 .488-.406.884-.904.884H5.946c-.499 0-.904-.396-.904-.884 0-.487.405-.883.904-.883zm5.042-4.876c.498 0 .904.397.904.884s-.406.884-.904.884H5.946c-.499 0-.904-.397-.904-.884s.405-.884.904-.884zm0-4.875c.498 0 .904.396.904.884 0 .487-.406.883-.904.883H5.946c-.499 0-.904-.396-.904-.883 0-.488.405-.884.904-.884z" fill="#EB0203" fill-rule="evenodd"></path></svg>
            </span>
            <div class="available-note d-none"></div>
            </a>
            </div>
            </div>
            </template>
            <div class="measurement-unit-section" v-if="isPriceAvailable &amp;&amp; prodUnits ? prodUnits.hasAlternativeUnit : false">
            <div class="ct-form-radio" @click="setDimension">
            <input type="radio" title="" class="ct-form-check-input product-measurement-unit" :data-type="prodUnits.selectedUnit == prodUnits.secondaryUnit ? 'primary' : ''" :id="prodUnits.secondaryUnit + '-' + pid + '-measurement-unit-ptile' + additionalTag" :name="'measurement-unit-' + pid + '-ptile' + additionalTag" :value="prodUnits.secondaryUnit" v-model="prodUnits.selectedUnit">
            <label :class="prodUnits.secondaryUnit + '-label ct-form-check-label mb-0'" :for="prodUnits.secondaryUnit + '-' + pid + '-measurement-unit-ptile' + additionalTag">
            {{prodUnits.secondaryUnit}}
            </label>
            <span class="checkmark"></span>
            </div>
            <div class="ct-form-radio" @click="setDimension">
            <input type="radio" title="" class="ct-form-check-input product-measurement-unit" :data-type="prodUnits.selectedUnit == prodUnits.primaryUnit ? 'primary' : ''" :id="prodUnits.primaryUnit + '-' + pid + '-measurement-unit-ptile' + additionalTag" :name="'measurement-unit-' + pid + '-ptile' + additionalTag" :value="prodUnits.primaryUnit" v-model="prodUnits.selectedUnit">
            <label :class="prodUnits.primaryUnit + '-label ct-form-check-label mb-0'" :for="prodUnits.primaryUnit + '-' + pid + '-measurement-unit-ptile' + additionalTag">
            {{prodUnits.primaryUnit}}
            </label>
            <span class="checkmark"></span>
            </div>
            </div>
            <template v-if="!isPDP &amp;&amp; isPriceAvailable">
            <span class="quantity-error ct-span-error product-max-allocation" v-if="isMaxQtyReached">
             Quantidade máxima atingida
            </span>
            <span class="quantity-error ct-span-product product-allocation" v-if="!isMinQtyReached &amp;&amp; !isMaxQtyReached">
            {{quantitySelected}} no carrinho
            </span>
            <span class="quantity-error ct-span-error product-min-allocation" :data-pid="pid" v-if="isMinQtyReached &amp;&amp; !isMaxQtyReached">
            Quantidade mínima atingida
            </span>
            </template>
            </template>
            </div>
            <input class="quantity-value-mask d-none" name="quantity" type="number" min="0" value="">
            </div>
            <button type="button" class="add-to-cart button js-add-to-cart js-add-to-cart-tile 6578927 button--primary dynamic-layout-btn" data-toggle="modal" data-target="#chooseBonusProductModal" data-pid="6578927" data-quantity-value="null" aria-label="Carrinho">
            <span class="d-block d-sm-none">
            <span class="svg-wrapper svg-icon-cart" style="width:20px; height:20px">
            <svg class="svg-inline icon-cart" xmlns="http://www.w3.org/2000/svg" viewBox="0 0 500 500" width="100%" height="100%"><path fill="#EB0203" fill-rule="evenodd" d="M 485.67317,94.386311 C 476.37798,83.847129 463.09468,78.03348 448.30404,78.03348 H 90.690813 L 87.079511,51.327997 C 83.185582,22.539551 62.962285,0 41.011841,0 H 14.727836 C 6.563151,0 0,6.5286975 0,14.580758 c 0,8.05206 6.5945535,14.580758 14.727836,14.580758 h 26.284005 c 4.710398,0 14.696435,9.855222 16.894619,26.021523 L 100.01739,368.0631 c 1.88416,13.77244 9.01256,26.70549 20.1605,36.37417 8.25889,7.15046 18.02511,11.9071 28.26237,13.89679 -4.17655,7.58572 -6.53175,16.25957 -6.53175,25.493 0,29.53459 24.27424,53.59751 54.13815,53.59751 29.8325,0 54.13814,-24.03184 54.13814,-53.59751 0,-8.79818 -2.19818,-17.09897 -5.9979,-24.43598 h 77.12488 c -3.79973,7.33701 -5.96652,15.6378 -5.96652,24.43598 0,29.53459 24.27424,53.59751 54.13817,53.59751 29.83249,0 54.13814,-24.03184 54.13814,-53.59751 0,-8.79818 -2.1982,-17.09897 -5.9979,-24.43598 h 38.56243 c 8.13328,0 14.72783,-6.5287 14.72783,-14.61183 0,-8.02098 -6.59455,-14.54967 -14.72783,-14.54967 H 159.24277 c -14.38241,0 -28.13677,-11.90711 -30.02092,-26.02153 l -3.07746,-22.88154 h 290.6314 c 14.03698,0 27.94834,-5.28513 39.06488,-14.95381 11.11652,-9.6376 18.27632,-22.57065 20.16048,-36.37417 l 21.10259,-156.78201 c 1.94694,-14.51858 -2.10398,-28.29103 -11.43057,-38.861299 z M 220.76053,443.82706 c 0,13.49265 -11.08513,24.46709 -24.68247,24.46709 -13.62874,0 -24.71387,-10.97444 -24.71387,-24.46709 0,-13.49262 11.08513,-24.43598 24.71387,-24.43598 13.59734,0 24.68247,10.94336 24.68247,24.43598 z m 173.43675,0 c 0,13.49265 -11.08512,24.46709 -24.68245,24.46709 -13.62876,0 -24.71388,-10.97444 -24.71388,-24.46709 0,-13.49262 11.08512,-24.43598 24.71388,-24.43598 13.59733,0 24.68245,10.94336 24.68245,24.43598 z m 73.7648,-314.46558 -21.13397,156.782 c -1.88416,14.11442 -15.63851,26.05261 -30.02091,26.05261 H 122.25046 L 94.616142,107.19499 H 448.33544 c 6.18632,0 11.61896,2.2695 15.23028,6.37326 3.64269,4.13484 5.21283,9.73086 4.39636,15.79323 z"></path></svg>
            </span>
            </span>
            <span class="add-to-cart--text d-none d-sm-block">Carrinho</span>
            </button>
            </div>
            </div>
            </div>
            </div>
            
            <div class="col-12 d-sm-none">
            </div>
            </div>
            </div>
            </div>
            </div>
            <div class="col-12 col-sm-3 col-lg-2 productTile" data-idx="24">
            
            <script type="text/javascript">//<!--
            /* <![CDATA[ */
            (function(){
            try {
                if(window.CQuotient) {
                var cq_params = {};
                
                cq_params.cookieId = window.CQuotient.getCQCookieId();
                cq_params.userId = window.CQuotient.getCQUserId();
                cq_params.emailId = CQuotient.getCQHashedEmail();
                cq_params.loginId = CQuotient.getCQHashedLogin();
                cq_params.accumulate = true;
                cq_params.products = [{
                    id: '6255081',
                    sku: ''
                }];
                cq_params.categoryId = 'padaria-e-pastelaria-padaria-forma';
                cq_params.refinements = '[{\"name\":\"priceMin\",\"value\":\"0.01\"},{\"name\":\"priceMax\",\"value\":\"null\"},{\"name\":\"curr\",\"value\":\"EUR\"},{\"name\":\"Category\",\"value\":\"padaria-e-pastelaria-padaria-forma\"}]';
                cq_params.personalized = 'false';
                cq_params.sortingRule = 'categories top-sellers';
                cq_params.imageUUID = '__UNDEFINED__';
                cq_params.realm = "BDVS";
                cq_params.siteId = "continente";
                cq_params.instanceType = "prd";
                cq_params.queryLocale = "default";
                cq_params.locale = window.CQuotient.locale;
                
                if(window.CQuotient.sendActivity)
                    window.CQuotient.sendActivity(CQuotient.clientId, 'viewCategory', cq_params);
                else
                    window.CQuotient.activities.push({
                        activityType: 'viewCategory',
                        parameters: cq_params
                    });
              }
            } catch(err) {}
            })();
            /* ]]> */
            // -->
            </script>
            <script type="text/javascript">//<!--
            /* <![CDATA[ (viewCategoryProduct-active_data.js) */
            (function(){
            try {
                if (dw.ac) {
                    var search_params = {};
                    search_params.persd = 'false';
                    search_params.refs = '[{\"name\":\"priceMin\",\"value\":\"0.01\"},{\"name\":\"priceMax\",\"value\":\"null\"},{\"name\":\"curr\",\"value\":\"EUR\"},{\"name\":\"Category\",\"value\":\"padaria-e-pastelaria-padaria-forma\"}]';
                    search_params.sort = 'categories top-sellers';
                    search_params.imageUUID = '';
                    search_params.searchID = '79fd584c-cee5-42dd-a07f-04e8467e04c2';
                    search_params.locale = 'default';
                    search_params.queryLocale = 'default';
                    search_params.showProducts = 'true';
                    dw.ac.applyContext({category: "padaria-e-pastelaria-padaria-forma", searchData: search_params});
                    if (typeof dw.ac._scheduleDataSubmission === "function") {
                        dw.ac._scheduleDataSubmission();
                    }
                }
            } catch(err) {}
            })();
            /* ]]> */
            // -->
            </script>
            <script type="text/javascript">//<!--
            /* <![CDATA[ (viewProduct-active_data.js) */
            dw.ac._capture({id: "6255081", type: "searchhit"});
            /* ]]> */
            // -->
            </script>
            <div class="product" data-pid="6255081">
            
            <div class="product-tile pid-6255081 ct-product-tile data-layer-pushed" data-delay-time="3000" data-variants-mapping="[]" data-in-cart-msg="no carrinho" data-one-product-added="Adicionado ao carrinho" data-remove-from-cart-msg="Removido do carrinho" data-stay-open="6000.0" data-product-tile-impression="{&quot;name&quot;:&quot;6255081&quot;,&quot;id&quot;:&quot;6255081&quot;,&quot;price&quot;:1.59,&quot;brand&quot;:&quot;Museu do Pão&quot;,&quot;category&quot;:[{&quot;category_level_1&quot;:&quot;Padaria e Pastelaria&quot;},{&quot;category_level_2&quot;:&quot;Padaria&quot;},{&quot;category_level_3&quot;:&quot;Pão de Forma e Embalado&quot;}],&quot;variant&quot;:&quot;&quot;}">
            <div class="ct-inner-tile-wrap row no-gutters justify-content-center align-content-start">
            
            <div class="ct-image-container col-4 col-sm" data-confirmation-image="{&quot;url&quot;:&quot;https://www.continente.pt/dw/image/v2/BDVS_PRD/on/demandware.static/-/Sites-col-master-catalog/default/dwb1da305a/images/col/625/6255081-frente.jpg?sw=87&amp;sh=80&quot;,&quot;fallbackimage&quot;:{&quot;url&quot;:&quot;https://www.continente.pt/dw/image/v2/BDVS_PRD/on/demandware.static/Sites-continente-Site/-/default/dw7c42b4da/images/noimagelarge_product.png?sw=87&amp;sh=80&quot;,&quot;title&quot;:&quot;Pão de Aveia&quot;,&quot;alt&quot;:&quot;Pão de Aveia&quot;},&quot;title&quot;:&quot;Pão de Aveia&quot;,&quot;alt&quot;:&quot;Pão de Aveia&quot;}">
            <a href="https://www.continente.pt/produto/pao-de-aveia-museu-do-pao-6255081.html?cgid=padaria-e-pastelaria-padaria-forma">
            <picture class="intrinsic intrinsic--square">
            <img class="ct-tile-image lazyloaded" loading="lazy" onerror="this.onerror=null;this.src='/on/demandware.static/Sites-continente-Site/-/default/dw7c42b4da/images/noimagelarge_product.png';" data-src="https://www.continente.pt/dw/image/v2/BDVS_PRD/on/demandware.static/-/Sites-col-master-catalog/default/dwb1da305a/images/col/625/6255081-frente.jpg?sw=280&amp;sh=280" alt="Pão de Aveia" title="Pão de Aveia" src="https://www.continente.pt/dw/image/v2/BDVS_PRD/on/demandware.static/-/Sites-col-master-catalog/default/dwb1da305a/images/col/625/6255081-frente.jpg?sw=280&amp;sh=280">
            </picture>
            </a>
            <div class="color-swatches d-flex" style="margin-left: 5px;">
            <div class="swatches d-flex">
            </div>
            </div>
            </div>
            <div class="ct-tile-body col col-sm-auto ">
            <div class="ct-pdp-details">
            <div class="ct-pdp-link">
            <a class="ct-tile--description" href="https://www.continente.pt/produto/pao-de-aveia-museu-do-pao-6255081.html?cgid=padaria-e-pastelaria-padaria-forma">Pão de Aveia</a>
            <div class="ct-tile--favorite-top d-sm-none">
            <button class="wishlist-toggler guest-mode inactive button button--tertiary" data-pid="6255081" data-add-url="https://www.continente.pt/on/demandware.store/Sites-continente-Site/default/Wishlist-AddProduct?pid=6255081" data-toggle="tooltip" aria-label="Adicionar aos favoritos " data-original-title="Adicionar aos favoritos" data-placement="top">
            <svg class="active-content" width="100%" height="100%" viewBox="0 0 20 22" fill="none" xmlns="http://www.w3.org/2000/svg">
            <path fill-rule="evenodd" clip-rule="evenodd" d="M0 1.53052C0 0.685236 0.692171 0 1.54601 0H15.0736C15.9274 0 16.6196 0.685235 16.6196 1.53052V13.4064L15.8127 13.922L14.2658 14.2658L12.7189 13.4064L10.6054 14.3818C10.4994 14.2451 10.3327 14.157 10.1452 14.157H6.76329C6.4431 14.157 6.18354 14.414 6.18354 14.731C6.18354 15.0479 6.4431 15.3049 6.76329 15.3049H10.1452C10.2478 15.3049 10.3441 15.2785 10.4277 15.2322L10.3126 16.8439L13.2345 20.2793H1.54601C0.69217 20.2793 0 19.5941 0 18.7488V1.53052ZM6.18354 5.5483C6.18354 5.23132 6.4431 4.97436 6.76329 4.97436H12.3676C12.6878 4.97436 12.9473 5.23132 12.9473 5.5483C12.9473 5.86528 12.6878 6.12224 12.3676 6.12224H6.76329C6.4431 6.12224 6.18354 5.86528 6.18354 5.5483ZM6.76329 11.0961C6.4431 11.0961 6.18354 11.3531 6.18354 11.6701C6.18354 11.987 6.4431 12.244 6.76329 12.244H12.3676C12.6878 12.244 12.9473 11.987 12.9473 11.6701C12.9473 11.3531 12.6878 11.0961 12.3676 11.0961H6.76329ZM6.18354 8.60985C6.18354 8.29287 6.4431 8.03591 6.76329 8.03591H12.3676C12.6878 8.03591 12.9473 8.29287 12.9473 8.60985C12.9473 8.92684 12.6878 9.1838 12.3676 9.1838H6.76329C6.4431 9.1838 6.18354 8.92684 6.18354 8.60985ZM3.67118 5.5483C3.67118 5.23132 3.93075 4.97436 4.25093 4.97436H4.63743C4.95762 4.97436 5.21719 5.23132 5.21719 5.5483C5.21719 5.86528 4.95762 6.12224 4.63743 6.12224H4.25093C3.93075 6.12224 3.67118 5.86528 3.67118 5.5483ZM4.25093 11.0961C3.93075 11.0961 3.67118 11.3531 3.67118 11.6701C3.67118 11.987 3.93075 12.244 4.25093 12.244H4.63743C4.95762 12.244 5.21719 11.987 5.21719 11.6701C5.21719 11.3531 4.95762 11.0961 4.63743 11.0961H4.25093ZM3.67118 8.60985C3.67118 8.29287 3.93075 8.03591 4.25093 8.03591H4.63743C4.95762 8.03591 5.21719 8.29287 5.21719 8.60985C5.21719 8.92684 4.95762 9.1838 4.63743 9.1838H4.25093C3.93075 9.1838 3.67118 8.92684 3.67118 8.60985ZM4.25093 14.157C3.93075 14.157 3.67118 14.414 3.67118 14.731C3.67118 15.0479 3.93075 15.3049 4.25093 15.3049H4.63743C4.95762 15.3049 5.21719 15.0479 5.21719 14.731C5.21719 14.414 4.95762 14.157 4.63743 14.157H4.25093Z" fill="#EB0203"></path>
            <path fill-rule="evenodd" clip-rule="evenodd" d="M14.6252 13.6363C13.4918 12.6215 11.7817 12.5264 10.6569 13.4792C9.12421 14.7764 9.34841 16.8912 10.4409 18.0122L14.0159 21.6742C14.2197 21.8832 14.4928 22 14.7822 22C15.0737 22 15.3448 21.8852 15.5486 21.6762L19.1236 18.0142C20.214 16.8933 20.4423 14.7785 18.9075 13.4792C17.7827 12.5283 16.0724 12.6217 14.9391 13.6365C14.8855 13.6845 14.8331 13.7345 14.7822 13.7866C14.7313 13.7345 14.6789 13.6843 14.6252 13.6363ZM18.1546 14.3522C19.0973 15.1508 18.9962 16.4896 18.2891 17.2173C18.2888 17.2175 18.2886 17.2177 18.2884 17.218L14.7832 20.8084L11.2753 17.2151C11.2752 17.215 11.2751 17.2149 11.2749 17.2148C10.5677 16.4887 10.4678 15.1495 11.4104 14.3518L11.4108 14.3514C12.0745 13.7892 13.2018 13.82 13.9488 14.5846L14.7822 15.4378L15.6157 14.5846C16.3617 13.8211 17.4896 13.79 18.1545 14.3521" fill="#EB0203"></path>
            </svg>
            <svg class="inactive-content" width="100%" height="100%" viewBox="0 0 20 23" fill="none" xmlns="http://www.w3.org/2000/svg">
            <path fill-rule="evenodd" clip-rule="evenodd" d="M6.18408 5.77914C6.18408 5.46223 6.44363 5.20532 6.7638 5.20532H12.3678C12.6879 5.20532 12.9475 5.46223 12.9475 5.77914C12.9475 6.09606 12.6879 6.35297 12.3678 6.35297H6.7638C6.44363 6.35297 6.18408 6.09606 6.18408 5.77914Z" fill="#EB0203"></path>
            <path fill-rule="evenodd" clip-rule="evenodd" d="M6.18408 11.9034C6.18408 11.5865 6.44363 11.3296 6.7638 11.3296H12.3678C12.6879 11.3296 12.9475 11.5865 12.9475 11.9034C12.9475 12.2202 12.6879 12.4771 12.3678 12.4771H6.7638C6.44363 12.4771 6.18408 12.2202 6.18408 11.9034Z" fill="#EB0203"></path>
            <path fill-rule="evenodd" clip-rule="evenodd" d="M6.18408 8.84116C6.18408 8.52424 6.44363 8.26733 6.7638 8.26733H12.3678C12.6879 8.26733 12.9475 8.52424 12.9475 8.84116C12.9475 9.15807 12.6879 9.41498 12.3678 9.41498H6.7638C6.44363 9.41498 6.18408 9.15807 6.18408 8.84116Z" fill="#EB0203"></path>
            <path fill-rule="evenodd" clip-rule="evenodd" d="M6.18408 14.9655C6.18408 14.6486 6.44363 14.3917 6.7638 14.3917H10.1455C10.4657 14.3917 10.7252 14.6486 10.7252 14.9655C10.7252 15.2825 10.4657 15.5394 10.1455 15.5394H6.7638C6.44363 15.5394 6.18408 15.2825 6.18408 14.9655Z" fill="#EB0203"></path>
            <path fill-rule="evenodd" clip-rule="evenodd" d="M3.67139 5.77914C3.67139 5.46223 3.93094 5.20532 4.25111 5.20532H4.63759C4.95776 5.20532 5.21731 5.46223 5.21731 5.77914C5.21731 6.09606 4.95776 6.35297 4.63759 6.35297H4.25111C3.93094 6.35297 3.67139 6.09606 3.67139 5.77914Z" fill="#EB0203"></path>
            <path fill-rule="evenodd" clip-rule="evenodd" d="M3.67139 11.9034C3.67139 11.5865 3.93094 11.3296 4.25111 11.3296H4.63759C4.95776 11.3296 5.21731 11.5865 5.21731 11.9034C5.21731 12.2202 4.95776 12.4771 4.63759 12.4771H4.25111C3.93094 12.4771 3.67139 12.2202 3.67139 11.9034Z" fill="#EB0203"></path>
            <path fill-rule="evenodd" clip-rule="evenodd" d="M3.67139 8.84116C3.67139 8.52424 3.93094 8.26733 4.25111 8.26733H4.63759C4.95776 8.26733 5.21731 8.52424 5.21731 8.84116C5.21731 9.15807 4.95776 9.41498 4.63759 9.41498H4.25111C3.93094 9.41498 3.67139 9.15807 3.67139 8.84116Z" fill="#EB0203"></path>
            <path fill-rule="evenodd" clip-rule="evenodd" d="M3.67139 14.9655C3.67139 14.6486 3.93094 14.3917 4.25111 14.3917H4.63759C4.95776 14.3917 5.21731 14.6486 5.21731 14.9655C5.21731 15.2825 4.95776 15.5394 4.63759 15.5394H4.25111C3.93094 15.5394 3.67139 15.2825 3.67139 14.9655Z" fill="#EB0203"></path>
            <path fill-rule="evenodd" clip-rule="evenodd" d="M0 1.76033C0 0.914738 0.692131 0.229248 1.54592 0.229248H15.0727C15.9265 0.229248 16.6186 0.914738 16.6186 1.76033V11.2818C16.6186 11.5989 16.3591 11.8559 16.0389 11.8559C15.7187 11.8559 15.4592 11.5989 15.4592 11.2818V1.76033C15.4592 1.54893 15.2862 1.37756 15.0727 1.37756H1.54592C1.33247 1.37756 1.15944 1.54893 1.15944 1.76033V18.985C1.15944 19.1964 1.33247 19.3678 1.54592 19.3678H9.27551C9.59568 19.3678 9.85523 19.6249 9.85523 19.942C9.85523 20.2591 9.59568 20.5161 9.27551 20.5161H1.54592C0.692131 20.5161 0 19.8306 0 18.985V1.76033Z" fill="#EB0203"></path>
            <path fill-rule="evenodd" clip-rule="evenodd" d="M14.6254 13.8718C13.4921 12.8567 11.7821 12.7615 10.6574 13.7147C9.12472 15.0124 9.34891 17.128 10.4413 18.2493L14.0161 21.9126C14.2199 22.1217 14.493 22.2386 14.7824 22.2386C15.0739 22.2386 15.3449 22.1238 15.5487 21.9147L19.1235 18.2514C20.2139 17.13 20.4422 15.0144 18.9075 13.7147C17.7827 12.7634 16.0726 12.8569 14.9392 13.872C14.8856 13.92 14.8333 13.9701 14.7824 14.0222C14.7314 13.97 14.6791 13.9199 14.6254 13.8718ZM18.1546 14.588C19.0972 15.3869 18.9961 16.7262 18.2891 17.4541C18.2888 17.4543 18.2886 17.4546 18.2884 17.4548L14.7834 21.0466L11.2757 17.452C11.2756 17.4519 11.2755 17.4517 11.2753 17.4516C10.5681 16.7252 10.4682 15.3856 11.4108 14.5876L11.4112 14.5872C12.0748 14.0248 13.202 14.0556 13.949 14.8205L14.7824 15.674L15.6158 14.8205C16.3618 14.0567 17.4896 14.0256 18.1545 14.5879" fill="#EB0203"></path>
            </svg>
            </button>
            </div>
            </div>
            <p class="ct-tile--brand">Museu do Pão</p>
            <p class="ct-tile--quantity">emb. 350 gr</p>
            </div>
            <div class="ct-tile-bottom row no-gutters justify-content-between">
            <div class="ct-price-wrap col-8 col-sm-12">
            <div class="price js-product-price">
            <div class="prices-wrapper">
            
            <span class="sales ct-tile--price-primary ">
            <span class="value" content="1.59">
            <span class="ct-price-formatted">
            €1,59
            </span>
            <span class="ct-m-unit">
            /un
            </span>
            </span>
            </span>
            </div>
            <div class="ct-tile--price-secondary">
            <span class="ct-price-value">
            €4,54
            </span>
            <span class="ct-m-unit">
            /kg
            </span>
            </div>
            </div>
            </div>
            <div class="ct-tile-buy-section d-flex justify-content-center no-gutters col-auto col-sm-12">
            <div class="col-2 d-sm-flex d-none">
            <button class="wishlist-toggler guest-mode inactive button button--tertiary" data-pid="6255081" data-add-url="https://www.continente.pt/on/demandware.store/Sites-continente-Site/default/Wishlist-AddProduct?pid=6255081" data-toggle="tooltip" aria-label="Adicionar aos favoritos " data-original-title="Adicionar aos favoritos" data-placement="top">
            <svg class="active-content" width="100%" height="100%" viewBox="0 0 20 22" fill="none" xmlns="http://www.w3.org/2000/svg">
            <path fill-rule="evenodd" clip-rule="evenodd" d="M0 1.53052C0 0.685236 0.692171 0 1.54601 0H15.0736C15.9274 0 16.6196 0.685235 16.6196 1.53052V13.4064L15.8127 13.922L14.2658 14.2658L12.7189 13.4064L10.6054 14.3818C10.4994 14.2451 10.3327 14.157 10.1452 14.157H6.76329C6.4431 14.157 6.18354 14.414 6.18354 14.731C6.18354 15.0479 6.4431 15.3049 6.76329 15.3049H10.1452C10.2478 15.3049 10.3441 15.2785 10.4277 15.2322L10.3126 16.8439L13.2345 20.2793H1.54601C0.69217 20.2793 0 19.5941 0 18.7488V1.53052ZM6.18354 5.5483C6.18354 5.23132 6.4431 4.97436 6.76329 4.97436H12.3676C12.6878 4.97436 12.9473 5.23132 12.9473 5.5483C12.9473 5.86528 12.6878 6.12224 12.3676 6.12224H6.76329C6.4431 6.12224 6.18354 5.86528 6.18354 5.5483ZM6.76329 11.0961C6.4431 11.0961 6.18354 11.3531 6.18354 11.6701C6.18354 11.987 6.4431 12.244 6.76329 12.244H12.3676C12.6878 12.244 12.9473 11.987 12.9473 11.6701C12.9473 11.3531 12.6878 11.0961 12.3676 11.0961H6.76329ZM6.18354 8.60985C6.18354 8.29287 6.4431 8.03591 6.76329 8.03591H12.3676C12.6878 8.03591 12.9473 8.29287 12.9473 8.60985C12.9473 8.92684 12.6878 9.1838 12.3676 9.1838H6.76329C6.4431 9.1838 6.18354 8.92684 6.18354 8.60985ZM3.67118 5.5483C3.67118 5.23132 3.93075 4.97436 4.25093 4.97436H4.63743C4.95762 4.97436 5.21719 5.23132 5.21719 5.5483C5.21719 5.86528 4.95762 6.12224 4.63743 6.12224H4.25093C3.93075 6.12224 3.67118 5.86528 3.67118 5.5483ZM4.25093 11.0961C3.93075 11.0961 3.67118 11.3531 3.67118 11.6701C3.67118 11.987 3.93075 12.244 4.25093 12.244H4.63743C4.95762 12.244 5.21719 11.987 5.21719 11.6701C5.21719 11.3531 4.95762 11.0961 4.63743 11.0961H4.25093ZM3.67118 8.60985C3.67118 8.29287 3.93075 8.03591 4.25093 8.03591H4.63743C4.95762 8.03591 5.21719 8.29287 5.21719 8.60985C5.21719 8.92684 4.95762 9.1838 4.63743 9.1838H4.25093C3.93075 9.1838 3.67118 8.92684 3.67118 8.60985ZM4.25093 14.157C3.93075 14.157 3.67118 14.414 3.67118 14.731C3.67118 15.0479 3.93075 15.3049 4.25093 15.3049H4.63743C4.95762 15.3049 5.21719 15.0479 5.21719 14.731C5.21719 14.414 4.95762 14.157 4.63743 14.157H4.25093Z" fill="#EB0203"></path>
            <path fill-rule="evenodd" clip-rule="evenodd" d="M14.6252 13.6363C13.4918 12.6215 11.7817 12.5264 10.6569 13.4792C9.12421 14.7764 9.34841 16.8912 10.4409 18.0122L14.0159 21.6742C14.2197 21.8832 14.4928 22 14.7822 22C15.0737 22 15.3448 21.8852 15.5486 21.6762L19.1236 18.0142C20.214 16.8933 20.4423 14.7785 18.9075 13.4792C17.7827 12.5283 16.0724 12.6217 14.9391 13.6365C14.8855 13.6845 14.8331 13.7345 14.7822 13.7866C14.7313 13.7345 14.6789 13.6843 14.6252 13.6363ZM18.1546 14.3522C19.0973 15.1508 18.9962 16.4896 18.2891 17.2173C18.2888 17.2175 18.2886 17.2177 18.2884 17.218L14.7832 20.8084L11.2753 17.2151C11.2752 17.215 11.2751 17.2149 11.2749 17.2148C10.5677 16.4887 10.4678 15.1495 11.4104 14.3518L11.4108 14.3514C12.0745 13.7892 13.2018 13.82 13.9488 14.5846L14.7822 15.4378L15.6157 14.5846C16.3617 13.8211 17.4896 13.79 18.1545 14.3521" fill="#EB0203"></path>
            </svg>
            <svg class="inactive-content" width="100%" height="100%" viewBox="0 0 20 23" fill="none" xmlns="http://www.w3.org/2000/svg">
            <path fill-rule="evenodd" clip-rule="evenodd" d="M6.18408 5.77914C6.18408 5.46223 6.44363 5.20532 6.7638 5.20532H12.3678C12.6879 5.20532 12.9475 5.46223 12.9475 5.77914C12.9475 6.09606 12.6879 6.35297 12.3678 6.35297H6.7638C6.44363 6.35297 6.18408 6.09606 6.18408 5.77914Z" fill="#EB0203"></path>
            <path fill-rule="evenodd" clip-rule="evenodd" d="M6.18408 11.9034C6.18408 11.5865 6.44363 11.3296 6.7638 11.3296H12.3678C12.6879 11.3296 12.9475 11.5865 12.9475 11.9034C12.9475 12.2202 12.6879 12.4771 12.3678 12.4771H6.7638C6.44363 12.4771 6.18408 12.2202 6.18408 11.9034Z" fill="#EB0203"></path>
            <path fill-rule="evenodd" clip-rule="evenodd" d="M6.18408 8.84116C6.18408 8.52424 6.44363 8.26733 6.7638 8.26733H12.3678C12.6879 8.26733 12.9475 8.52424 12.9475 8.84116C12.9475 9.15807 12.6879 9.41498 12.3678 9.41498H6.7638C6.44363 9.41498 6.18408 9.15807 6.18408 8.84116Z" fill="#EB0203"></path>
            <path fill-rule="evenodd" clip-rule="evenodd" d="M6.18408 14.9655C6.18408 14.6486 6.44363 14.3917 6.7638 14.3917H10.1455C10.4657 14.3917 10.7252 14.6486 10.7252 14.9655C10.7252 15.2825 10.4657 15.5394 10.1455 15.5394H6.7638C6.44363 15.5394 6.18408 15.2825 6.18408 14.9655Z" fill="#EB0203"></path>
            <path fill-rule="evenodd" clip-rule="evenodd" d="M3.67139 5.77914C3.67139 5.46223 3.93094 5.20532 4.25111 5.20532H4.63759C4.95776 5.20532 5.21731 5.46223 5.21731 5.77914C5.21731 6.09606 4.95776 6.35297 4.63759 6.35297H4.25111C3.93094 6.35297 3.67139 6.09606 3.67139 5.77914Z" fill="#EB0203"></path>
            <path fill-rule="evenodd" clip-rule="evenodd" d="M3.67139 11.9034C3.67139 11.5865 3.93094 11.3296 4.25111 11.3296H4.63759C4.95776 11.3296 5.21731 11.5865 5.21731 11.9034C5.21731 12.2202 4.95776 12.4771 4.63759 12.4771H4.25111C3.93094 12.4771 3.67139 12.2202 3.67139 11.9034Z" fill="#EB0203"></path>
            <path fill-rule="evenodd" clip-rule="evenodd" d="M3.67139 8.84116C3.67139 8.52424 3.93094 8.26733 4.25111 8.26733H4.63759C4.95776 8.26733 5.21731 8.52424 5.21731 8.84116C5.21731 9.15807 4.95776 9.41498 4.63759 9.41498H4.25111C3.93094 9.41498 3.67139 9.15807 3.67139 8.84116Z" fill="#EB0203"></path>
            <path fill-rule="evenodd" clip-rule="evenodd" d="M3.67139 14.9655C3.67139 14.6486 3.93094 14.3917 4.25111 14.3917H4.63759C4.95776 14.3917 5.21731 14.6486 5.21731 14.9655C5.21731 15.2825 4.95776 15.5394 4.63759 15.5394H4.25111C3.93094 15.5394 3.67139 15.2825 3.67139 14.9655Z" fill="#EB0203"></path>
            <path fill-rule="evenodd" clip-rule="evenodd" d="M0 1.76033C0 0.914738 0.692131 0.229248 1.54592 0.229248H15.0727C15.9265 0.229248 16.6186 0.914738 16.6186 1.76033V11.2818C16.6186 11.5989 16.3591 11.8559 16.0389 11.8559C15.7187 11.8559 15.4592 11.5989 15.4592 11.2818V1.76033C15.4592 1.54893 15.2862 1.37756 15.0727 1.37756H1.54592C1.33247 1.37756 1.15944 1.54893 1.15944 1.76033V18.985C1.15944 19.1964 1.33247 19.3678 1.54592 19.3678H9.27551C9.59568 19.3678 9.85523 19.6249 9.85523 19.942C9.85523 20.2591 9.59568 20.5161 9.27551 20.5161H1.54592C0.692131 20.5161 0 19.8306 0 18.985V1.76033Z" fill="#EB0203"></path>
            <path fill-rule="evenodd" clip-rule="evenodd" d="M14.6254 13.8718C13.4921 12.8567 11.7821 12.7615 10.6574 13.7147C9.12472 15.0124 9.34891 17.128 10.4413 18.2493L14.0161 21.9126C14.2199 22.1217 14.493 22.2386 14.7824 22.2386C15.0739 22.2386 15.3449 22.1238 15.5487 21.9147L19.1235 18.2514C20.2139 17.13 20.4422 15.0144 18.9075 13.7147C17.7827 12.7634 16.0726 12.8569 14.9392 13.872C14.8856 13.92 14.8333 13.9701 14.7824 14.0222C14.7314 13.97 14.6791 13.9199 14.6254 13.8718ZM18.1546 14.588C19.0972 15.3869 18.9961 16.7262 18.2891 17.4541C18.2888 17.4543 18.2886 17.4546 18.2884 17.4548L14.7834 21.0466L11.2757 17.452C11.2756 17.4519 11.2755 17.4517 11.2753 17.4516C10.5681 16.7252 10.4682 15.3856 11.4108 14.5876L11.4112 14.5872C12.0748 14.0248 13.202 14.0556 13.949 14.8205L14.7824 15.674L15.6158 14.8205C16.3618 14.0567 17.4896 14.0256 18.1545 14.5879" fill="#EB0203"></path>
            </svg>
            </button>
            </div>
            <div class="col-sm-10 col-12">
            <div class="ct-tile-quantity d-none" data-pid="6255081">
            <input type="hidden" class="add-to-cart-url" value="https://www.continente.pt/on/demandware.store/Sites-continente-Site/default/Cart-AddProduct">
            <div class="d-none tile-delete-confirmation-btn" data-pid="6255081" data-delay-time="3000" data-in-cart-msg="no carrinho" data-one-product-added="Adicionado ao carrinho" data-remove-from-cart-msg="Removido do carrinho" data-stay-open="6000.0" data-confirmation-image="{&quot;url&quot;:&quot;https://www.continente.pt/dw/image/v2/BDVS_PRD/on/demandware.static/-/Sites-col-master-catalog/default/dwb1da305a/images/col/625/6255081-frente.jpg?sw=87&amp;sh=80&quot;,&quot;fallbackimage&quot;:{&quot;url&quot;:&quot;https://www.continente.pt/dw/image/v2/BDVS_PRD/on/demandware.static/Sites-continente-Site/-/default/dw7c42b4da/images/noimagelarge_product.png?sw=87&amp;sh=80&quot;,&quot;title&quot;:&quot;Pão de Aveia&quot;,&quot;alt&quot;:&quot;Pão de Aveia&quot;},&quot;title&quot;:&quot;Pão de Aveia&quot;,&quot;alt&quot;:&quot;Pão de Aveia&quot;}"></div>
            <div class="ct-tile-quantity-update quantity-update product-qty-vue" data-remove-action="https://www.continente.pt/on/demandware.store/Sites-continente-Site/default/Cart-RemoveProductLineItem" data-action="https://www.continente.pt/on/demandware.store/Sites-continente-Site/default/Cart-UpdateQuantity" data-dimension-update="https://www.continente.pt/on/demandware.store/Sites-continente-Site/default/Cart-DimensionUpdate" data-pid="6255081" data-uuid="c1aabae620c9875b7ae8b08477" data-add-delay="500.0" data-measure-options="{&quot;hasConversionRate&quot;:false,&quot;hasAlternativeSaleUnit&quot;:false,&quot;unitConversionRate&quot;:0,&quot;minOrderQuantity&quot;:1,&quot;stepQuantity&quot;:1,&quot;primaryunit&quot;:&quot;un&quot;,&quot;secondaryunit&quot;:&quot;kg&quot;,&quot;selectedunit&quot;:&quot;primary&quot;,&quot;maxNumberOfUnitsPerSale&quot;:50}" data-price-available="null" :data-has-error="isMaxQtyReached || isMinQtyReached || qtySelectedMoreThanOne">
            <template v-show="prodUnits">
            <div class="quantity-input-wrapper has-units">
            <label class="visually-hidden" :for="'quantity-' + pid + additionalTag">
            Quantidade no carrinho
            </label>
            <input :ref="'quantityInput-' + pid + additionalTag" class="add-to-cart-quantity form-control ct-form-input text-center" inputmode="numeric" :class="{'is-invalid': isInvalid}" :data-pid="pid + additionalTag" :name="'quantity-' + pid + additionalTag" type="text" aria-label="Insira a quantidade" title="" v-model="displayValue" @change="updateQuantity" @focus="updateQtyFormat" @blur="restoreQtyFormat" :disabled="!isPriceAvailable">
            <span class="quantity-icon quantity-icon--minus">
            <button class="decrease-quantity-btn" @click="updateQuantity" :disabled="!isPriceAvailable" role="button" aria-label="Reduzir quantidade">
            <i class="css-math-minus"></i>
            </button>
            </span>
            <span class="quantity-icon quantity-icon--plus">
            <button class="increase-quantity-btn" @click="updateQuantity" :disabled="isMaxQtyReached || !isPriceAvailable" role="button" aria-label="Aumentar quantidade">
            <i class="css-math-plus"></i>
            </button>
            <span class="quantity-btn-disabled-placeholder"></span>
            </span>
            <template v-if="isPDP">
            <span class="quantity-error ct-span-error text-sm-center product-max-allocation" v-if="isMaxQtyReached">
            Quantidade máxima atingida
            </span>
            <span class="quantity-error ct-span-product text-sm-center product-allocation" v-if="!isMinQtyReached &amp;&amp; !isMaxQtyReached">
            {{quantitySelected}} no carrinho
            </span>
            <span class="quantity-error ct-span-error text-sm-center product-min-allocation" :data-pid="pid" v-if="isMinQtyReached &amp;&amp; !isMaxQtyReached">
            Quantidade mínima atingida
            </span>
            </template>
            </div>
            <template v-if="showNotes">
            <div class="add-note-link-container ">
            <div class="add-note">
            <a href="/produto/pao-de-aveia-museu-do-pao-6255081.html?showNote=true" class="ct-add-note-redirect-pdp" aria-label="Adicionar comentário">
            <span class="svg-wrapper svg-icon-notes" style="width:19px; height:20px">
            <svg class="svg-inline icon-notes" viewBox="0 0 28 30" xmlns="http://www.w3.org/2000/svg" width="100%" height="100%"><path d="M21.738 0C22.985 0 24 1.04 24 2.319V12.47c0 .469-.37.848-.828.848-.457 0-.827-.38-.827-.848V2.32c0-.343-.273-.622-.607-.622H2.262c-.334 0-.607.279-.607.622V27.68c0 .343.273.622.607.622h7.81c.457 0 .827.38.827.849 0 .468-.37.848-.827.848h-7.81C1.015 30 0 28.96 0 27.681V2.32C0 1.04 1.015 0 2.262 0h19.476zm2.844 16.004l.227.007c.823.053 1.589.39 2.176.964.64.627.993 1.46.993 2.349 0 .888-.353 1.722-.993 2.348l-6.83 6.665c-.11.108-.247.186-.397.226l-5.032 1.363c-.078.021-.16.032-.241.032-.242 0-.478-.097-.647-.266-.23-.231-.314-.566-.218-.874l1.49-4.798c.044-.139.122-.266.227-.369l6.844-6.677c.64-.625 1.493-.97 2.401-.97zm-2.886 3.94l-4.922 4.802-.947 3.048 3.22-.872 4.897-4.78-2.248-2.197zm2.887-2.174c-.425 0-.824.162-1.124.455l-.484.472 2.248 2.197.484-.472c.62-.606.62-1.591 0-2.197l-.117-.104c-.283-.227-.636-.35-1.007-.35zm-10.839.022c.498 0 .904.396.904.883 0 .488-.406.884-.904.884H5.946c-.499 0-.904-.396-.904-.884 0-.487.405-.883.904-.883zm5.042-4.876c.498 0 .904.397.904.884s-.406.884-.904.884H5.946c-.499 0-.904-.397-.904-.884s.405-.884.904-.884zm0-4.875c.498 0 .904.396.904.884 0 .487-.406.883-.904.883H5.946c-.499 0-.904-.396-.904-.883 0-.488.405-.884.904-.884z" fill="#EB0203" fill-rule="evenodd"></path></svg>
            </span>
            <div class="available-note d-none"></div>
            </a>
            </div>
            </div>
            </template>
            <div class="measurement-unit-section" v-if="isPriceAvailable &amp;&amp; prodUnits ? prodUnits.hasAlternativeUnit : false">
            <div class="ct-form-radio" @click="setDimension">
            <input type="radio" title="" class="ct-form-check-input product-measurement-unit" :data-type="prodUnits.selectedUnit == prodUnits.secondaryUnit ? 'primary' : ''" :id="prodUnits.secondaryUnit + '-' + pid + '-measurement-unit-ptile' + additionalTag" :name="'measurement-unit-' + pid + '-ptile' + additionalTag" :value="prodUnits.secondaryUnit" v-model="prodUnits.selectedUnit">
            <label :class="prodUnits.secondaryUnit + '-label ct-form-check-label mb-0'" :for="prodUnits.secondaryUnit + '-' + pid + '-measurement-unit-ptile' + additionalTag">
            {{prodUnits.secondaryUnit}}
             </label>
            <span class="checkmark"></span>
            </div>
            <div class="ct-form-radio" @click="setDimension">
            <input type="radio" title="" class="ct-form-check-input product-measurement-unit" :data-type="prodUnits.selectedUnit == prodUnits.primaryUnit ? 'primary' : ''" :id="prodUnits.primaryUnit + '-' + pid + '-measurement-unit-ptile' + additionalTag" :name="'measurement-unit-' + pid + '-ptile' + additionalTag" :value="prodUnits.primaryUnit" v-model="prodUnits.selectedUnit">
            <label :class="prodUnits.primaryUnit + '-label ct-form-check-label mb-0'" :for="prodUnits.primaryUnit + '-' + pid + '-measurement-unit-ptile' + additionalTag">
            {{prodUnits.primaryUnit}}
            </label>
            <span class="checkmark"></span>
            </div>
            </div>
            <template v-if="!isPDP &amp;&amp; isPriceAvailable">
            <span class="quantity-error ct-span-error product-max-allocation" v-if="isMaxQtyReached">
            Quantidade máxima atingida
            </span>
            <span class="quantity-error ct-span-product product-allocation" v-if="!isMinQtyReached &amp;&amp; !isMaxQtyReached">
            {{quantitySelected}} no carrinho
            </span>
            <span class="quantity-error ct-span-error product-min-allocation" :data-pid="pid" v-if="isMinQtyReached &amp;&amp; !isMaxQtyReached">
            Quantidade mínima atingida
            </span>
            </template>
            </template>
            </div>
            <input class="quantity-value-mask d-none" name="quantity" type="number" min="0" value="">
            </div>
            <button type="button" class="add-to-cart button js-add-to-cart js-add-to-cart-tile 6255081 button--primary dynamic-layout-btn" data-toggle="modal" data-target="#chooseBonusProductModal" data-pid="6255081" data-quantity-value="null" aria-label="Carrinho">
            <span class="d-block d-sm-none">
            <span class="svg-wrapper svg-icon-cart" style="width:20px; height:20px">
            <svg class="svg-inline icon-cart" xmlns="http://www.w3.org/2000/svg" viewBox="0 0 500 500" width="100%" height="100%"><path fill="#EB0203" fill-rule="evenodd" d="M 485.67317,94.386311 C 476.37798,83.847129 463.09468,78.03348 448.30404,78.03348 H 90.690813 L 87.079511,51.327997 C 83.185582,22.539551 62.962285,0 41.011841,0 H 14.727836 C 6.563151,0 0,6.5286975 0,14.580758 c 0,8.05206 6.5945535,14.580758 14.727836,14.580758 h 26.284005 c 4.710398,0 14.696435,9.855222 16.894619,26.021523 L 100.01739,368.0631 c 1.88416,13.77244 9.01256,26.70549 20.1605,36.37417 8.25889,7.15046 18.02511,11.9071 28.26237,13.89679 -4.17655,7.58572 -6.53175,16.25957 -6.53175,25.493 0,29.53459 24.27424,53.59751 54.13815,53.59751 29.8325,0 54.13814,-24.03184 54.13814,-53.59751 0,-8.79818 -2.19818,-17.09897 -5.9979,-24.43598 h 77.12488 c -3.79973,7.33701 -5.96652,15.6378 -5.96652,24.43598 0,29.53459 24.27424,53.59751 54.13817,53.59751 29.83249,0 54.13814,-24.03184 54.13814,-53.59751 0,-8.79818 -2.1982,-17.09897 -5.9979,-24.43598 h 38.56243 c 8.13328,0 14.72783,-6.5287 14.72783,-14.61183 0,-8.02098 -6.59455,-14.54967 -14.72783,-14.54967 H 159.24277 c -14.38241,0 -28.13677,-11.90711 -30.02092,-26.02153 l -3.07746,-22.88154 h 290.6314 c 14.03698,0 27.94834,-5.28513 39.06488,-14.95381 11.11652,-9.6376 18.27632,-22.57065 20.16048,-36.37417 l 21.10259,-156.78201 c 1.94694,-14.51858 -2.10398,-28.29103 -11.43057,-38.861299 z M 220.76053,443.82706 c 0,13.49265 -11.08513,24.46709 -24.68247,24.46709 -13.62874,0 -24.71387,-10.97444 -24.71387,-24.46709 0,-13.49262 11.08513,-24.43598 24.71387,-24.43598 13.59734,0 24.68247,10.94336 24.68247,24.43598 z m 173.43675,0 c 0,13.49265 -11.08512,24.46709 -24.68245,24.46709 -13.62876,0 -24.71388,-10.97444 -24.71388,-24.46709 0,-13.49262 11.08512,-24.43598 24.71388,-24.43598 13.59733,0 24.68245,10.94336 24.68245,24.43598 z m 73.7648,-314.46558 -21.13397,156.782 c -1.88416,14.11442 -15.63851,26.05261 -30.02091,26.05261 H 122.25046 L 94.616142,107.19499 H 448.33544 c 6.18632,0 11.61896,2.2695 15.23028,6.37326 3.64269,4.13484 5.21283,9.73086 4.39636,15.79323 z"></path></svg>
            </span>
            </span>
            <span class="add-to-cart--text d-none d-sm-block">Carrinho</span>
            </button>
            </div>
            </div>
            </div>
            </div>
            
            <div class="col-12 d-sm-none">
            </div>
            </div>
            </div>
            </div>
            </div>
            <div class="col-12 col-sm-3 col-lg-2 productTile" data-idx="25">
            
            <script type="text/javascript">//<!--
            /* <![CDATA[ */
            (function(){
            try {
                if(window.CQuotient) {
                var cq_params = {};
                
                cq_params.cookieId = window.CQuotient.getCQCookieId();
                cq_params.userId = window.CQuotient.getCQUserId();
                cq_params.emailId = CQuotient.getCQHashedEmail();
                cq_params.loginId = CQuotient.getCQHashedLogin();
                cq_params.accumulate = true;
                cq_params.products = [{
                    id: '5800656',
                    sku: ''
                }];
                cq_params.categoryId = 'padaria-e-pastelaria-padaria-forma';
                cq_params.refinements = '[{\"name\":\"priceMin\",\"value\":\"0.01\"},{\"name\":\"priceMax\",\"value\":\"null\"},{\"name\":\"curr\",\"value\":\"EUR\"},{\"name\":\"Category\",\"value\":\"padaria-e-pastelaria-padaria-forma\"}]';
                cq_params.personalized = 'false';
                cq_params.sortingRule = 'categories top-sellers';
                cq_params.imageUUID = '__UNDEFINED__';
                cq_params.realm = "BDVS";
                cq_params.siteId = "continente";
                cq_params.instanceType = "prd";
                cq_params.queryLocale = "default";
                cq_params.locale = window.CQuotient.locale;
                
                if(window.CQuotient.sendActivity)
                    window.CQuotient.sendActivity(CQuotient.clientId, 'viewCategory', cq_params);
                else
                    window.CQuotient.activities.push({
                        activityType: 'viewCategory',
                        parameters: cq_params
                    });
              }
            } catch(err) {}
            })();
            /* ]]> */
            // -->
            </script>
            <script type="text/javascript">//<!--
            /* <![CDATA[ (viewCategoryProduct-active_data.js) */
            (function(){
            try {
                if (dw.ac) {
                    var search_params = {};
                    search_params.persd = 'false';
                    search_params.refs = '[{\"name\":\"priceMin\",\"value\":\"0.01\"},{\"name\":\"priceMax\",\"value\":\"null\"},{\"name\":\"curr\",\"value\":\"EUR\"},{\"name\":\"Category\",\"value\":\"padaria-e-pastelaria-padaria-forma\"}]';
                    search_params.sort = 'categories top-sellers';
                    search_params.imageUUID = '';
                    search_params.searchID = '79fd584c-cee5-42dd-a07f-04e8467e04c2';
                    search_params.locale = 'default';
                    search_params.queryLocale = 'default';
                    search_params.showProducts = 'true';
                    dw.ac.applyContext({category: "padaria-e-pastelaria-padaria-forma", searchData: search_params});
                    if (typeof dw.ac._scheduleDataSubmission === "function") {
                        dw.ac._scheduleDataSubmission();
                    }
                }
            } catch(err) {}
            })();
            /* ]]> */
            // -->
            </script>
            <script type="text/javascript">//<!--
            /* <![CDATA[ (viewProduct-active_data.js) */
            dw.ac._capture({id: "5800656", type: "searchhit"});
            /* ]]> */
            // -->
            </script>
            <div class="product" data-pid="5800656">
            <div class="product-tile pid-5800656 ct-product-tile data-layer-pushed" data-delay-time="3000" data-variants-mapping="[]" data-in-cart-msg="no carrinho" data-one-product-added="Adicionado ao carrinho" data-remove-from-cart-msg="Removido do carrinho" data-stay-open="6000.0" data-product-tile-impression="{&quot;name&quot;:&quot;5800656&quot;,&quot;id&quot;:&quot;5800656&quot;,&quot;price&quot;:1.99,&quot;brand&quot;:&quot;Oroweat&quot;,&quot;category&quot;:[{&quot;category_level_1&quot;:&quot;Padaria e Pastelaria&quot;},{&quot;category_level_2&quot;:&quot;Padaria&quot;},{&quot;category_level_3&quot;:&quot;Pão de Forma e Embalado&quot;}],&quot;variant&quot;:&quot;&quot;}">
            <div class="ct-inner-tile-wrap row no-gutters justify-content-center align-content-start">
            <div class="ct-product-tile-badge ct-product-tile-badge--promotional">
            <img class="img-fluid lazyloaded" loading="lazy" data-src="https://www.continente.pt/dw/image/v2/BDVS_PRD/on/demandware.static/-/Sites-continente-Library/default/dwf5980f2e/images/badges/pvpr/col/pvpr.png?sw=60&amp;sh=42" alt="PVP Recomendado: €2,49/un" title="PVP Recomendado: €2,49/un" src="https://www.continente.pt/dw/image/v2/BDVS_PRD/on/demandware.static/-/Sites-continente-Library/default/dwf5980f2e/images/badges/pvpr/col/pvpr.png?sw=60&amp;sh=42">
            <div class="ct-product-tile-badge-value-wrapper ct-product-tile-badge-value-wrapper--pvpr  ">
            <span class="ct-product-tile-badge-value--pvpr">
            20
            </span>
            <span class="ct-product-tile-badge-value--pvpr-quantifier ">
            %
            </span>
            </div>
            </div>
            
            <div class="ct-image-container col-4 col-sm" data-confirmation-image="{&quot;url&quot;:&quot;https://www.continente.pt/dw/image/v2/BDVS_PRD/on/demandware.static/-/Sites-col-master-catalog/default/dw5ca4390d/images/col/580/5800656-frente.jpg?sw=87&amp;sh=80&quot;,&quot;fallbackimage&quot;:{&quot;url&quot;:&quot;https://www.continente.pt/dw/image/v2/BDVS_PRD/on/demandware.static/Sites-continente-Site/-/default/dw7c42b4da/images/noimagelarge_product.png?sw=87&amp;sh=80&quot;,&quot;title&quot;:&quot;Pão Sementes de Abóbora e Girassol&quot;,&quot;alt&quot;:&quot;Pão Sementes de Abóbora e Girassol&quot;},&quot;title&quot;:&quot;Pão Sementes de Abóbora e Girassol&quot;,&quot;alt&quot;:&quot;Pão Sementes de Abóbora e Girassol&quot;}">
            <a href="https://www.continente.pt/produto/pao-sementes-de-abobora-e-girassol-oroweat-5800656.html?cgid=padaria-e-pastelaria-padaria-forma">
            <picture class="intrinsic intrinsic--square">
            <img class="ct-tile-image lazyloaded" loading="lazy" onerror="this.onerror=null;this.src='/on/demandware.static/Sites-continente-Site/-/default/dw7c42b4da/images/noimagelarge_product.png';" data-src="https://www.continente.pt/dw/image/v2/BDVS_PRD/on/demandware.static/-/Sites-col-master-catalog/default/dw5ca4390d/images/col/580/5800656-frente.jpg?sw=280&amp;sh=280" alt="Pão Sementes de Abóbora e Girassol" title="Pão Sementes de Abóbora e Girassol" src="https://www.continente.pt/dw/image/v2/BDVS_PRD/on/demandware.static/-/Sites-col-master-catalog/default/dw5ca4390d/images/col/580/5800656-frente.jpg?sw=280&amp;sh=280">
            </picture>
            </a>
            <div class="color-swatches d-flex" style="margin-left: 5px;">
            <div class="swatches d-flex">
            </div>
            </div>
            </div>
            <div class="ct-tile-body col col-sm-auto ">
            <div class="ct-pdp-details">
            <div class="ct-pdp-link">
            <a class="ct-tile--description" href="https://www.continente.pt/produto/pao-sementes-de-abobora-e-girassol-oroweat-5800656.html?cgid=padaria-e-pastelaria-padaria-forma">Pão Sementes de Abóbora e Girassol</a>
            <div class="ct-tile--favorite-top d-sm-none">
            <button class="wishlist-toggler guest-mode inactive button button--tertiary" data-pid="5800656" data-add-url="https://www.continente.pt/on/demandware.store/Sites-continente-Site/default/Wishlist-AddProduct?pid=5800656" data-toggle="tooltip" aria-label="Adicionar aos favoritos " data-original-title="Adicionar aos favoritos" data-placement="top">
            <svg class="active-content" width="100%" height="100%" viewBox="0 0 20 22" fill="none" xmlns="http://www.w3.org/2000/svg">
            <path fill-rule="evenodd" clip-rule="evenodd" d="M0 1.53052C0 0.685236 0.692171 0 1.54601 0H15.0736C15.9274 0 16.6196 0.685235 16.6196 1.53052V13.4064L15.8127 13.922L14.2658 14.2658L12.7189 13.4064L10.6054 14.3818C10.4994 14.2451 10.3327 14.157 10.1452 14.157H6.76329C6.4431 14.157 6.18354 14.414 6.18354 14.731C6.18354 15.0479 6.4431 15.3049 6.76329 15.3049H10.1452C10.2478 15.3049 10.3441 15.2785 10.4277 15.2322L10.3126 16.8439L13.2345 20.2793H1.54601C0.69217 20.2793 0 19.5941 0 18.7488V1.53052ZM6.18354 5.5483C6.18354 5.23132 6.4431 4.97436 6.76329 4.97436H12.3676C12.6878 4.97436 12.9473 5.23132 12.9473 5.5483C12.9473 5.86528 12.6878 6.12224 12.3676 6.12224H6.76329C6.4431 6.12224 6.18354 5.86528 6.18354 5.5483ZM6.76329 11.0961C6.4431 11.0961 6.18354 11.3531 6.18354 11.6701C6.18354 11.987 6.4431 12.244 6.76329 12.244H12.3676C12.6878 12.244 12.9473 11.987 12.9473 11.6701C12.9473 11.3531 12.6878 11.0961 12.3676 11.0961H6.76329ZM6.18354 8.60985C6.18354 8.29287 6.4431 8.03591 6.76329 8.03591H12.3676C12.6878 8.03591 12.9473 8.29287 12.9473 8.60985C12.9473 8.92684 12.6878 9.1838 12.3676 9.1838H6.76329C6.4431 9.1838 6.18354 8.92684 6.18354 8.60985ZM3.67118 5.5483C3.67118 5.23132 3.93075 4.97436 4.25093 4.97436H4.63743C4.95762 4.97436 5.21719 5.23132 5.21719 5.5483C5.21719 5.86528 4.95762 6.12224 4.63743 6.12224H4.25093C3.93075 6.12224 3.67118 5.86528 3.67118 5.5483ZM4.25093 11.0961C3.93075 11.0961 3.67118 11.3531 3.67118 11.6701C3.67118 11.987 3.93075 12.244 4.25093 12.244H4.63743C4.95762 12.244 5.21719 11.987 5.21719 11.6701C5.21719 11.3531 4.95762 11.0961 4.63743 11.0961H4.25093ZM3.67118 8.60985C3.67118 8.29287 3.93075 8.03591 4.25093 8.03591H4.63743C4.95762 8.03591 5.21719 8.29287 5.21719 8.60985C5.21719 8.92684 4.95762 9.1838 4.63743 9.1838H4.25093C3.93075 9.1838 3.67118 8.92684 3.67118 8.60985ZM4.25093 14.157C3.93075 14.157 3.67118 14.414 3.67118 14.731C3.67118 15.0479 3.93075 15.3049 4.25093 15.3049H4.63743C4.95762 15.3049 5.21719 15.0479 5.21719 14.731C5.21719 14.414 4.95762 14.157 4.63743 14.157H4.25093Z" fill="#EB0203"></path>
            <path fill-rule="evenodd" clip-rule="evenodd" d="M14.6252 13.6363C13.4918 12.6215 11.7817 12.5264 10.6569 13.4792C9.12421 14.7764 9.34841 16.8912 10.4409 18.0122L14.0159 21.6742C14.2197 21.8832 14.4928 22 14.7822 22C15.0737 22 15.3448 21.8852 15.5486 21.6762L19.1236 18.0142C20.214 16.8933 20.4423 14.7785 18.9075 13.4792C17.7827 12.5283 16.0724 12.6217 14.9391 13.6365C14.8855 13.6845 14.8331 13.7345 14.7822 13.7866C14.7313 13.7345 14.6789 13.6843 14.6252 13.6363ZM18.1546 14.3522C19.0973 15.1508 18.9962 16.4896 18.2891 17.2173C18.2888 17.2175 18.2886 17.2177 18.2884 17.218L14.7832 20.8084L11.2753 17.2151C11.2752 17.215 11.2751 17.2149 11.2749 17.2148C10.5677 16.4887 10.4678 15.1495 11.4104 14.3518L11.4108 14.3514C12.0745 13.7892 13.2018 13.82 13.9488 14.5846L14.7822 15.4378L15.6157 14.5846C16.3617 13.8211 17.4896 13.79 18.1545 14.3521" fill="#EB0203"></path>
            </svg>
            <svg class="inactive-content" width="100%" height="100%" viewBox="0 0 20 23" fill="none" xmlns="http://www.w3.org/2000/svg">
            <path fill-rule="evenodd" clip-rule="evenodd" d="M6.18408 5.77914C6.18408 5.46223 6.44363 5.20532 6.7638 5.20532H12.3678C12.6879 5.20532 12.9475 5.46223 12.9475 5.77914C12.9475 6.09606 12.6879 6.35297 12.3678 6.35297H6.7638C6.44363 6.35297 6.18408 6.09606 6.18408 5.77914Z" fill="#EB0203"></path>
            <path fill-rule="evenodd" clip-rule="evenodd" d="M6.18408 11.9034C6.18408 11.5865 6.44363 11.3296 6.7638 11.3296H12.3678C12.6879 11.3296 12.9475 11.5865 12.9475 11.9034C12.9475 12.2202 12.6879 12.4771 12.3678 12.4771H6.7638C6.44363 12.4771 6.18408 12.2202 6.18408 11.9034Z" fill="#EB0203"></path>
            <path fill-rule="evenodd" clip-rule="evenodd" d="M6.18408 8.84116C6.18408 8.52424 6.44363 8.26733 6.7638 8.26733H12.3678C12.6879 8.26733 12.9475 8.52424 12.9475 8.84116C12.9475 9.15807 12.6879 9.41498 12.3678 9.41498H6.7638C6.44363 9.41498 6.18408 9.15807 6.18408 8.84116Z" fill="#EB0203"></path>
            <path fill-rule="evenodd" clip-rule="evenodd" d="M6.18408 14.9655C6.18408 14.6486 6.44363 14.3917 6.7638 14.3917H10.1455C10.4657 14.3917 10.7252 14.6486 10.7252 14.9655C10.7252 15.2825 10.4657 15.5394 10.1455 15.5394H6.7638C6.44363 15.5394 6.18408 15.2825 6.18408 14.9655Z" fill="#EB0203"></path>
            <path fill-rule="evenodd" clip-rule="evenodd" d="M3.67139 5.77914C3.67139 5.46223 3.93094 5.20532 4.25111 5.20532H4.63759C4.95776 5.20532 5.21731 5.46223 5.21731 5.77914C5.21731 6.09606 4.95776 6.35297 4.63759 6.35297H4.25111C3.93094 6.35297 3.67139 6.09606 3.67139 5.77914Z" fill="#EB0203"></path>
            <path fill-rule="evenodd" clip-rule="evenodd" d="M3.67139 11.9034C3.67139 11.5865 3.93094 11.3296 4.25111 11.3296H4.63759C4.95776 11.3296 5.21731 11.5865 5.21731 11.9034C5.21731 12.2202 4.95776 12.4771 4.63759 12.4771H4.25111C3.93094 12.4771 3.67139 12.2202 3.67139 11.9034Z" fill="#EB0203"></path>
            <path fill-rule="evenodd" clip-rule="evenodd" d="M3.67139 8.84116C3.67139 8.52424 3.93094 8.26733 4.25111 8.26733H4.63759C4.95776 8.26733 5.21731 8.52424 5.21731 8.84116C5.21731 9.15807 4.95776 9.41498 4.63759 9.41498H4.25111C3.93094 9.41498 3.67139 9.15807 3.67139 8.84116Z" fill="#EB0203"></path>
            <path fill-rule="evenodd" clip-rule="evenodd" d="M3.67139 14.9655C3.67139 14.6486 3.93094 14.3917 4.25111 14.3917H4.63759C4.95776 14.3917 5.21731 14.6486 5.21731 14.9655C5.21731 15.2825 4.95776 15.5394 4.63759 15.5394H4.25111C3.93094 15.5394 3.67139 15.2825 3.67139 14.9655Z" fill="#EB0203"></path>
            <path fill-rule="evenodd" clip-rule="evenodd" d="M0 1.76033C0 0.914738 0.692131 0.229248 1.54592 0.229248H15.0727C15.9265 0.229248 16.6186 0.914738 16.6186 1.76033V11.2818C16.6186 11.5989 16.3591 11.8559 16.0389 11.8559C15.7187 11.8559 15.4592 11.5989 15.4592 11.2818V1.76033C15.4592 1.54893 15.2862 1.37756 15.0727 1.37756H1.54592C1.33247 1.37756 1.15944 1.54893 1.15944 1.76033V18.985C1.15944 19.1964 1.33247 19.3678 1.54592 19.3678H9.27551C9.59568 19.3678 9.85523 19.6249 9.85523 19.942C9.85523 20.2591 9.59568 20.5161 9.27551 20.5161H1.54592C0.692131 20.5161 0 19.8306 0 18.985V1.76033Z" fill="#EB0203"></path>
            <path fill-rule="evenodd" clip-rule="evenodd" d="M14.6254 13.8718C13.4921 12.8567 11.7821 12.7615 10.6574 13.7147C9.12472 15.0124 9.34891 17.128 10.4413 18.2493L14.0161 21.9126C14.2199 22.1217 14.493 22.2386 14.7824 22.2386C15.0739 22.2386 15.3449 22.1238 15.5487 21.9147L19.1235 18.2514C20.2139 17.13 20.4422 15.0144 18.9075 13.7147C17.7827 12.7634 16.0726 12.8569 14.9392 13.872C14.8856 13.92 14.8333 13.9701 14.7824 14.0222C14.7314 13.97 14.6791 13.9199 14.6254 13.8718ZM18.1546 14.588C19.0972 15.3869 18.9961 16.7262 18.2891 17.4541C18.2888 17.4543 18.2886 17.4546 18.2884 17.4548L14.7834 21.0466L11.2757 17.452C11.2756 17.4519 11.2755 17.4517 11.2753 17.4516C10.5681 16.7252 10.4682 15.3856 11.4108 14.5876L11.4112 14.5872C12.0748 14.0248 13.202 14.0556 13.949 14.8205L14.7824 15.674L15.6158 14.8205C16.3618 14.0567 17.4896 14.0256 18.1545 14.5879" fill="#EB0203"></path>
            </svg>
            </button>
            </div>
            </div>
            <p class="ct-tile--brand">Oroweat</p>
            <p class="ct-tile--quantity">emb. 680 gr</p>
            </div>
            <div class="ct-tile-bottom row no-gutters justify-content-between">
            <div class="ct-price-wrap col-8 col-sm-12">
            <div class="price js-product-price">
            <div class="prices-wrapper">
            <span class="sales ct-tile--price-primary ">
            <span class="value" content="1.99">
            <span class="ct-price-formatted">
            €1,99
            </span>
            <span class="ct-m-unit">
            /un
            </span>
            </span>
            </span>
            </div>
            <div class="ct-tile--price-secondary">
            <span class="ct-price-value">
            €2,93
            </span>
            <span class="ct-m-unit">
            /kg
            </span>
            </div>
            <p class="ct-discount-amount ct-discount-amount-pvpr">PVP Recomendado: €2,49/un</p>
            </div>
            </div>
            <div class="ct-tile-buy-section d-flex justify-content-center no-gutters col-auto col-sm-12">
            <div class="col-2 d-sm-flex d-none">
            <button class="wishlist-toggler guest-mode inactive button button--tertiary" data-pid="5800656" data-add-url="https://www.continente.pt/on/demandware.store/Sites-continente-Site/default/Wishlist-AddProduct?pid=5800656" data-toggle="tooltip" aria-label="Adicionar aos favoritos " data-original-title="Adicionar aos favoritos" data-placement="top">
            <svg class="active-content" width="100%" height="100%" viewBox="0 0 20 22" fill="none" xmlns="http://www.w3.org/2000/svg">
            <path fill-rule="evenodd" clip-rule="evenodd" d="M0 1.53052C0 0.685236 0.692171 0 1.54601 0H15.0736C15.9274 0 16.6196 0.685235 16.6196 1.53052V13.4064L15.8127 13.922L14.2658 14.2658L12.7189 13.4064L10.6054 14.3818C10.4994 14.2451 10.3327 14.157 10.1452 14.157H6.76329C6.4431 14.157 6.18354 14.414 6.18354 14.731C6.18354 15.0479 6.4431 15.3049 6.76329 15.3049H10.1452C10.2478 15.3049 10.3441 15.2785 10.4277 15.2322L10.3126 16.8439L13.2345 20.2793H1.54601C0.69217 20.2793 0 19.5941 0 18.7488V1.53052ZM6.18354 5.5483C6.18354 5.23132 6.4431 4.97436 6.76329 4.97436H12.3676C12.6878 4.97436 12.9473 5.23132 12.9473 5.5483C12.9473 5.86528 12.6878 6.12224 12.3676 6.12224H6.76329C6.4431 6.12224 6.18354 5.86528 6.18354 5.5483ZM6.76329 11.0961C6.4431 11.0961 6.18354 11.3531 6.18354 11.6701C6.18354 11.987 6.4431 12.244 6.76329 12.244H12.3676C12.6878 12.244 12.9473 11.987 12.9473 11.6701C12.9473 11.3531 12.6878 11.0961 12.3676 11.0961H6.76329ZM6.18354 8.60985C6.18354 8.29287 6.4431 8.03591 6.76329 8.03591H12.3676C12.6878 8.03591 12.9473 8.29287 12.9473 8.60985C12.9473 8.92684 12.6878 9.1838 12.3676 9.1838H6.76329C6.4431 9.1838 6.18354 8.92684 6.18354 8.60985ZM3.67118 5.5483C3.67118 5.23132 3.93075 4.97436 4.25093 4.97436H4.63743C4.95762 4.97436 5.21719 5.23132 5.21719 5.5483C5.21719 5.86528 4.95762 6.12224 4.63743 6.12224H4.25093C3.93075 6.12224 3.67118 5.86528 3.67118 5.5483ZM4.25093 11.0961C3.93075 11.0961 3.67118 11.3531 3.67118 11.6701C3.67118 11.987 3.93075 12.244 4.25093 12.244H4.63743C4.95762 12.244 5.21719 11.987 5.21719 11.6701C5.21719 11.3531 4.95762 11.0961 4.63743 11.0961H4.25093ZM3.67118 8.60985C3.67118 8.29287 3.93075 8.03591 4.25093 8.03591H4.63743C4.95762 8.03591 5.21719 8.29287 5.21719 8.60985C5.21719 8.92684 4.95762 9.1838 4.63743 9.1838H4.25093C3.93075 9.1838 3.67118 8.92684 3.67118 8.60985ZM4.25093 14.157C3.93075 14.157 3.67118 14.414 3.67118 14.731C3.67118 15.0479 3.93075 15.3049 4.25093 15.3049H4.63743C4.95762 15.3049 5.21719 15.0479 5.21719 14.731C5.21719 14.414 4.95762 14.157 4.63743 14.157H4.25093Z" fill="#EB0203"></path>
            <path fill-rule="evenodd" clip-rule="evenodd" d="M14.6252 13.6363C13.4918 12.6215 11.7817 12.5264 10.6569 13.4792C9.12421 14.7764 9.34841 16.8912 10.4409 18.0122L14.0159 21.6742C14.2197 21.8832 14.4928 22 14.7822 22C15.0737 22 15.3448 21.8852 15.5486 21.6762L19.1236 18.0142C20.214 16.8933 20.4423 14.7785 18.9075 13.4792C17.7827 12.5283 16.0724 12.6217 14.9391 13.6365C14.8855 13.6845 14.8331 13.7345 14.7822 13.7866C14.7313 13.7345 14.6789 13.6843 14.6252 13.6363ZM18.1546 14.3522C19.0973 15.1508 18.9962 16.4896 18.2891 17.2173C18.2888 17.2175 18.2886 17.2177 18.2884 17.218L14.7832 20.8084L11.2753 17.2151C11.2752 17.215 11.2751 17.2149 11.2749 17.2148C10.5677 16.4887 10.4678 15.1495 11.4104 14.3518L11.4108 14.3514C12.0745 13.7892 13.2018 13.82 13.9488 14.5846L14.7822 15.4378L15.6157 14.5846C16.3617 13.8211 17.4896 13.79 18.1545 14.3521" fill="#EB0203"></path>
            </svg>
            <svg class="inactive-content" width="100%" height="100%" viewBox="0 0 20 23" fill="none" xmlns="http://www.w3.org/2000/svg">
            <path fill-rule="evenodd" clip-rule="evenodd" d="M6.18408 5.77914C6.18408 5.46223 6.44363 5.20532 6.7638 5.20532H12.3678C12.6879 5.20532 12.9475 5.46223 12.9475 5.77914C12.9475 6.09606 12.6879 6.35297 12.3678 6.35297H6.7638C6.44363 6.35297 6.18408 6.09606 6.18408 5.77914Z" fill="#EB0203"></path>
            <path fill-rule="evenodd" clip-rule="evenodd" d="M6.18408 11.9034C6.18408 11.5865 6.44363 11.3296 6.7638 11.3296H12.3678C12.6879 11.3296 12.9475 11.5865 12.9475 11.9034C12.9475 12.2202 12.6879 12.4771 12.3678 12.4771H6.7638C6.44363 12.4771 6.18408 12.2202 6.18408 11.9034Z" fill="#EB0203"></path>
            <path fill-rule="evenodd" clip-rule="evenodd" d="M6.18408 8.84116C6.18408 8.52424 6.44363 8.26733 6.7638 8.26733H12.3678C12.6879 8.26733 12.9475 8.52424 12.9475 8.84116C12.9475 9.15807 12.6879 9.41498 12.3678 9.41498H6.7638C6.44363 9.41498 6.18408 9.15807 6.18408 8.84116Z" fill="#EB0203"></path>
            <path fill-rule="evenodd" clip-rule="evenodd" d="M6.18408 14.9655C6.18408 14.6486 6.44363 14.3917 6.7638 14.3917H10.1455C10.4657 14.3917 10.7252 14.6486 10.7252 14.9655C10.7252 15.2825 10.4657 15.5394 10.1455 15.5394H6.7638C6.44363 15.5394 6.18408 15.2825 6.18408 14.9655Z" fill="#EB0203"></path>
            <path fill-rule="evenodd" clip-rule="evenodd" d="M3.67139 5.77914C3.67139 5.46223 3.93094 5.20532 4.25111 5.20532H4.63759C4.95776 5.20532 5.21731 5.46223 5.21731 5.77914C5.21731 6.09606 4.95776 6.35297 4.63759 6.35297H4.25111C3.93094 6.35297 3.67139 6.09606 3.67139 5.77914Z" fill="#EB0203"></path>
            <path fill-rule="evenodd" clip-rule="evenodd" d="M3.67139 11.9034C3.67139 11.5865 3.93094 11.3296 4.25111 11.3296H4.63759C4.95776 11.3296 5.21731 11.5865 5.21731 11.9034C5.21731 12.2202 4.95776 12.4771 4.63759 12.4771H4.25111C3.93094 12.4771 3.67139 12.2202 3.67139 11.9034Z" fill="#EB0203"></path>
            <path fill-rule="evenodd" clip-rule="evenodd" d="M3.67139 8.84116C3.67139 8.52424 3.93094 8.26733 4.25111 8.26733H4.63759C4.95776 8.26733 5.21731 8.52424 5.21731 8.84116C5.21731 9.15807 4.95776 9.41498 4.63759 9.41498H4.25111C3.93094 9.41498 3.67139 9.15807 3.67139 8.84116Z" fill="#EB0203"></path>
            <path fill-rule="evenodd" clip-rule="evenodd" d="M3.67139 14.9655C3.67139 14.6486 3.93094 14.3917 4.25111 14.3917H4.63759C4.95776 14.3917 5.21731 14.6486 5.21731 14.9655C5.21731 15.2825 4.95776 15.5394 4.63759 15.5394H4.25111C3.93094 15.5394 3.67139 15.2825 3.67139 14.9655Z" fill="#EB0203"></path>
            <path fill-rule="evenodd" clip-rule="evenodd" d="M0 1.76033C0 0.914738 0.692131 0.229248 1.54592 0.229248H15.0727C15.9265 0.229248 16.6186 0.914738 16.6186 1.76033V11.2818C16.6186 11.5989 16.3591 11.8559 16.0389 11.8559C15.7187 11.8559 15.4592 11.5989 15.4592 11.2818V1.76033C15.4592 1.54893 15.2862 1.37756 15.0727 1.37756H1.54592C1.33247 1.37756 1.15944 1.54893 1.15944 1.76033V18.985C1.15944 19.1964 1.33247 19.3678 1.54592 19.3678H9.27551C9.59568 19.3678 9.85523 19.6249 9.85523 19.942C9.85523 20.2591 9.59568 20.5161 9.27551 20.5161H1.54592C0.692131 20.5161 0 19.8306 0 18.985V1.76033Z" fill="#EB0203"></path>
            <path fill-rule="evenodd" clip-rule="evenodd" d="M14.6254 13.8718C13.4921 12.8567 11.7821 12.7615 10.6574 13.7147C9.12472 15.0124 9.34891 17.128 10.4413 18.2493L14.0161 21.9126C14.2199 22.1217 14.493 22.2386 14.7824 22.2386C15.0739 22.2386 15.3449 22.1238 15.5487 21.9147L19.1235 18.2514C20.2139 17.13 20.4422 15.0144 18.9075 13.7147C17.7827 12.7634 16.0726 12.8569 14.9392 13.872C14.8856 13.92 14.8333 13.9701 14.7824 14.0222C14.7314 13.97 14.6791 13.9199 14.6254 13.8718ZM18.1546 14.588C19.0972 15.3869 18.9961 16.7262 18.2891 17.4541C18.2888 17.4543 18.2886 17.4546 18.2884 17.4548L14.7834 21.0466L11.2757 17.452C11.2756 17.4519 11.2755 17.4517 11.2753 17.4516C10.5681 16.7252 10.4682 15.3856 11.4108 14.5876L11.4112 14.5872C12.0748 14.0248 13.202 14.0556 13.949 14.8205L14.7824 15.674L15.6158 14.8205C16.3618 14.0567 17.4896 14.0256 18.1545 14.5879" fill="#EB0203"></path>
            </svg>
            </button>
            </div>
            <div class="col-sm-10 col-12">
            <div class="ct-tile-quantity d-none" data-pid="5800656">
            <input type="hidden" class="add-to-cart-url" value="https://www.continente.pt/on/demandware.store/Sites-continente-Site/default/Cart-AddProduct">
            <div class="d-none tile-delete-confirmation-btn" data-pid="5800656" data-delay-time="3000" data-in-cart-msg="no carrinho" data-one-product-added="Adicionado ao carrinho" data-remove-from-cart-msg="Removido do carrinho" data-stay-open="6000.0" data-confirmation-image="{&quot;url&quot;:&quot;https://www.continente.pt/dw/image/v2/BDVS_PRD/on/demandware.static/-/Sites-col-master-catalog/default/dw5ca4390d/images/col/580/5800656-frente.jpg?sw=87&amp;sh=80&quot;,&quot;fallbackimage&quot;:{&quot;url&quot;:&quot;https://www.continente.pt/dw/image/v2/BDVS_PRD/on/demandware.static/Sites-continente-Site/-/default/dw7c42b4da/images/noimagelarge_product.png?sw=87&amp;sh=80&quot;,&quot;title&quot;:&quot;Pão Sementes de Abóbora e Girassol&quot;,&quot;alt&quot;:&quot;Pão Sementes de Abóbora e Girassol&quot;},&quot;title&quot;:&quot;Pão Sementes de Abóbora e Girassol&quot;,&quot;alt&quot;:&quot;Pão Sementes de Abóbora e Girassol&quot;}"></div>
            <div class="ct-tile-quantity-update quantity-update product-qty-vue" data-remove-action="https://www.continente.pt/on/demandware.store/Sites-continente-Site/default/Cart-RemoveProductLineItem" data-action="https://www.continente.pt/on/demandware.store/Sites-continente-Site/default/Cart-UpdateQuantity" data-dimension-update="https://www.continente.pt/on/demandware.store/Sites-continente-Site/default/Cart-DimensionUpdate" data-pid="5800656" data-uuid="340f48da9cfaa3c54f5cb0bf91" data-add-delay="500.0" data-measure-options="{&quot;hasConversionRate&quot;:false,&quot;hasAlternativeSaleUnit&quot;:false,&quot;unitConversionRate&quot;:0,&quot;minOrderQuantity&quot;:1,&quot;stepQuantity&quot;:1,&quot;primaryunit&quot;:&quot;un&quot;,&quot;secondaryunit&quot;:&quot;kg&quot;,&quot;selectedunit&quot;:&quot;primary&quot;,&quot;maxNumberOfUnitsPerSale&quot;:50}" data-price-available="null" :data-has-error="isMaxQtyReached || isMinQtyReached || qtySelectedMoreThanOne">
            <template v-show="prodUnits">
            <div class="quantity-input-wrapper has-units">
            <label class="visually-hidden" :for="'quantity-' + pid + additionalTag">
            Quantidade no carrinho
            </label>
            <input :ref="'quantityInput-' + pid + additionalTag" class="add-to-cart-quantity form-control ct-form-input text-center" inputmode="numeric" :class="{'is-invalid': isInvalid}" :data-pid="pid + additionalTag" :name="'quantity-' + pid + additionalTag" type="text" aria-label="Insira a quantidade" title="" v-model="displayValue" @change="updateQuantity" @focus="updateQtyFormat" @blur="restoreQtyFormat" :disabled="!isPriceAvailable">
            <span class="quantity-icon quantity-icon--minus">
            <button class="decrease-quantity-btn" @click="updateQuantity" :disabled="!isPriceAvailable" role="button" aria-label="Reduzir quantidade">
            <i class="css-math-minus"></i>
            </button>
            </span>
            <span class="quantity-icon quantity-icon--plus">
            <button class="increase-quantity-btn" @click="updateQuantity" :disabled="isMaxQtyReached || !isPriceAvailable" role="button" aria-label="Aumentar quantidade">
            <i class="css-math-plus"></i>
            </button>
            <span class="quantity-btn-disabled-placeholder"></span>
            </span>
            <template v-if="isPDP">
            <span class="quantity-error ct-span-error text-sm-center product-max-allocation" v-if="isMaxQtyReached">
            Quantidade máxima atingida
            </span>
            <span class="quantity-error ct-span-product text-sm-center product-allocation" v-if="!isMinQtyReached &amp;&amp; !isMaxQtyReached">
            {{quantitySelected}} no carrinho
            </span>
            <span class="quantity-error ct-span-error text-sm-center product-min-allocation" :data-pid="pid" v-if="isMinQtyReached &amp;&amp; !isMaxQtyReached">
            Quantidade mínima atingida
            </span>
            </template>
            </div>
            <template v-if="showNotes">
            <div class="add-note-link-container ">
            <div class="add-note">
            <a href="/produto/pao-sementes-de-abobora-e-girassol-oroweat-5800656.html?showNote=true" class="ct-add-note-redirect-pdp" aria-label="Adicionar comentário">
            <span class="svg-wrapper svg-icon-notes" style="width:19px; height:20px">
            <svg class="svg-inline icon-notes" viewBox="0 0 28 30" xmlns="http://www.w3.org/2000/svg" width="100%" height="100%"><path d="M21.738 0C22.985 0 24 1.04 24 2.319V12.47c0 .469-.37.848-.828.848-.457 0-.827-.38-.827-.848V2.32c0-.343-.273-.622-.607-.622H2.262c-.334 0-.607.279-.607.622V27.68c0 .343.273.622.607.622h7.81c.457 0 .827.38.827.849 0 .468-.37.848-.827.848h-7.81C1.015 30 0 28.96 0 27.681V2.32C0 1.04 1.015 0 2.262 0h19.476zm2.844 16.004l.227.007c.823.053 1.589.39 2.176.964.64.627.993 1.46.993 2.349 0 .888-.353 1.722-.993 2.348l-6.83 6.665c-.11.108-.247.186-.397.226l-5.032 1.363c-.078.021-.16.032-.241.032-.242 0-.478-.097-.647-.266-.23-.231-.314-.566-.218-.874l1.49-4.798c.044-.139.122-.266.227-.369l6.844-6.677c.64-.625 1.493-.97 2.401-.97zm-2.886 3.94l-4.922 4.802-.947 3.048 3.22-.872 4.897-4.78-2.248-2.197zm2.887-2.174c-.425 0-.824.162-1.124.455l-.484.472 2.248 2.197.484-.472c.62-.606.62-1.591 0-2.197l-.117-.104c-.283-.227-.636-.35-1.007-.35zm-10.839.022c.498 0 .904.396.904.883 0 .488-.406.884-.904.884H5.946c-.499 0-.904-.396-.904-.884 0-.487.405-.883.904-.883zm5.042-4.876c.498 0 .904.397.904.884s-.406.884-.904.884H5.946c-.499 0-.904-.397-.904-.884s.405-.884.904-.884zm0-4.875c.498 0 .904.396.904.884 0 .487-.406.883-.904.883H5.946c-.499 0-.904-.396-.904-.883 0-.488.405-.884.904-.884z" fill="#EB0203" fill-rule="evenodd"></path></svg>
            </span>
            <div class="available-note d-none"></div>
            </a>
            </div>
            </div>
            </template>
            <div class="measurement-unit-section" v-if="isPriceAvailable &amp;&amp; prodUnits ? prodUnits.hasAlternativeUnit : false">
            <div class="ct-form-radio" @click="setDimension">
            <input type="radio" title="" class="ct-form-check-input product-measurement-unit" :data-type="prodUnits.selectedUnit == prodUnits.secondaryUnit ? 'primary' : ''" :id="prodUnits.secondaryUnit + '-' + pid + '-measurement-unit-ptile' + additionalTag" :name="'measurement-unit-' + pid + '-ptile' + additionalTag" :value="prodUnits.secondaryUnit" v-model="prodUnits.selectedUnit">
            <label :class="prodUnits.secondaryUnit + '-label ct-form-check-label mb-0'" :for="prodUnits.secondaryUnit + '-' + pid + '-measurement-unit-ptile' + additionalTag">
            {{prodUnits.secondaryUnit}}
            </label>
            <span class="checkmark"></span>
            </div>
            <div class="ct-form-radio" @click="setDimension">
            <input type="radio" title="" class="ct-form-check-input product-measurement-unit" :data-type="prodUnits.selectedUnit == prodUnits.primaryUnit ? 'primary' : ''" :id="prodUnits.primaryUnit + '-' + pid + '-measurement-unit-ptile' + additionalTag" :name="'measurement-unit-' + pid + '-ptile' + additionalTag" :value="prodUnits.primaryUnit" v-model="prodUnits.selectedUnit">
            <label :class="prodUnits.primaryUnit + '-label ct-form-check-label mb-0'" :for="prodUnits.primaryUnit + '-' + pid + '-measurement-unit-ptile' + additionalTag">
            {{prodUnits.primaryUnit}}
            </label>
            <span class="checkmark"></span>
            </div>
            </div>
            <template v-if="!isPDP &amp;&amp; isPriceAvailable">
            <span class="quantity-error ct-span-error product-max-allocation" v-if="isMaxQtyReached">
            Quantidade máxima atingida
            </span>
            <span class="quantity-error ct-span-product product-allocation" v-if="!isMinQtyReached &amp;&amp; !isMaxQtyReached">
            {{quantitySelected}} no carrinho
            </span>
            <span class="quantity-error ct-span-error product-min-allocation" :data-pid="pid" v-if="isMinQtyReached &amp;&amp; !isMaxQtyReached">
            Quantidade mínima atingida
            </span>
            </template>
            </template>
            </div>
            <input class="quantity-value-mask d-none" name="quantity" type="number" min="0" value="">
            </div>
            <button type="button" class="add-to-cart button js-add-to-cart js-add-to-cart-tile 5800656 button--primary dynamic-layout-btn" data-toggle="modal" data-target="#chooseBonusProductModal" data-pid="5800656" data-quantity-value="null" aria-label="Carrinho">
            <span class="d-block d-sm-none">
            <span class="svg-wrapper svg-icon-cart" style="width:20px; height:20px">
            <svg class="svg-inline icon-cart" xmlns="http://www.w3.org/2000/svg" viewBox="0 0 500 500" width="100%" height="100%"><path fill="#EB0203" fill-rule="evenodd" d="M 485.67317,94.386311 C 476.37798,83.847129 463.09468,78.03348 448.30404,78.03348 H 90.690813 L 87.079511,51.327997 C 83.185582,22.539551 62.962285,0 41.011841,0 H 14.727836 C 6.563151,0 0,6.5286975 0,14.580758 c 0,8.05206 6.5945535,14.580758 14.727836,14.580758 h 26.284005 c 4.710398,0 14.696435,9.855222 16.894619,26.021523 L 100.01739,368.0631 c 1.88416,13.77244 9.01256,26.70549 20.1605,36.37417 8.25889,7.15046 18.02511,11.9071 28.26237,13.89679 -4.17655,7.58572 -6.53175,16.25957 -6.53175,25.493 0,29.53459 24.27424,53.59751 54.13815,53.59751 29.8325,0 54.13814,-24.03184 54.13814,-53.59751 0,-8.79818 -2.19818,-17.09897 -5.9979,-24.43598 h 77.12488 c -3.79973,7.33701 -5.96652,15.6378 -5.96652,24.43598 0,29.53459 24.27424,53.59751 54.13817,53.59751 29.83249,0 54.13814,-24.03184 54.13814,-53.59751 0,-8.79818 -2.1982,-17.09897 -5.9979,-24.43598 h 38.56243 c 8.13328,0 14.72783,-6.5287 14.72783,-14.61183 0,-8.02098 -6.59455,-14.54967 -14.72783,-14.54967 H 159.24277 c -14.38241,0 -28.13677,-11.90711 -30.02092,-26.02153 l -3.07746,-22.88154 h 290.6314 c 14.03698,0 27.94834,-5.28513 39.06488,-14.95381 11.11652,-9.6376 18.27632,-22.57065 20.16048,-36.37417 l 21.10259,-156.78201 c 1.94694,-14.51858 -2.10398,-28.29103 -11.43057,-38.861299 z M 220.76053,443.82706 c 0,13.49265 -11.08513,24.46709 -24.68247,24.46709 -13.62874,0 -24.71387,-10.97444 -24.71387,-24.46709 0,-13.49262 11.08513,-24.43598 24.71387,-24.43598 13.59734,0 24.68247,10.94336 24.68247,24.43598 z m 173.43675,0 c 0,13.49265 -11.08512,24.46709 -24.68245,24.46709 -13.62876,0 -24.71388,-10.97444 -24.71388,-24.46709 0,-13.49262 11.08512,-24.43598 24.71388,-24.43598 13.59733,0 24.68245,10.94336 24.68245,24.43598 z m 73.7648,-314.46558 -21.13397,156.782 c -1.88416,14.11442 -15.63851,26.05261 -30.02091,26.05261 H 122.25046 L 94.616142,107.19499 H 448.33544 c 6.18632,0 11.61896,2.2695 15.23028,6.37326 3.64269,4.13484 5.21283,9.73086 4.39636,15.79323 z"></path></svg>
            </span>
            </span>
            <span class="add-to-cart--text d-none d-sm-block">Carrinho</span>
            </button>
            </div>
            </div>
            </div>
            </div>
            
            <div class="col-12 d-sm-none">
            </div>
            </div>
            </div>
            </div>
            </div>
            <div class="col-12 col-sm-3 col-lg-2 productTile" data-idx="26">
            
            <script type="text/javascript">//<!--
            /* <![CDATA[ */
            (function(){
            try {
                if(window.CQuotient) {
                var cq_params = {};
                
                cq_params.cookieId = window.CQuotient.getCQCookieId();
                cq_params.userId = window.CQuotient.getCQUserId();
                cq_params.emailId = CQuotient.getCQHashedEmail();
                cq_params.loginId = CQuotient.getCQHashedLogin();
                cq_params.accumulate = true;
                cq_params.products = [{
                    id: '7167676',
                    sku: ''
                }];
                cq_params.categoryId = 'padaria-e-pastelaria-padaria-forma';
                cq_params.refinements = '[{\"name\":\"priceMin\",\"value\":\"0.01\"},{\"name\":\"priceMax\",\"value\":\"null\"},{\"name\":\"curr\",\"value\":\"EUR\"},{\"name\":\"Category\",\"value\":\"padaria-e-pastelaria-padaria-forma\"}]';
                cq_params.personalized = 'false';
                cq_params.sortingRule = 'categories top-sellers';
                cq_params.imageUUID = '__UNDEFINED__';
                cq_params.realm = "BDVS";
                cq_params.siteId = "continente";
                cq_params.instanceType = "prd";
                cq_params.queryLocale = "default";
                cq_params.locale = window.CQuotient.locale;
                
                if(window.CQuotient.sendActivity)
                    window.CQuotient.sendActivity(CQuotient.clientId, 'viewCategory', cq_params);
                else
                    window.CQuotient.activities.push({
                        activityType: 'viewCategory',
                        parameters: cq_params
                    });
              }
            } catch(err) {}
            })();
            /* ]]> */
            // -->
            </script>
            <script type="text/javascript">//<!--
            /* <![CDATA[ (viewCategoryProduct-active_data.js) */
            (function(){
            try {
                if (dw.ac) {
                    var search_params = {};
                    search_params.persd = 'false';
                    search_params.refs = '[{\"name\":\"priceMin\",\"value\":\"0.01\"},{\"name\":\"priceMax\",\"value\":\"null\"},{\"name\":\"curr\",\"value\":\"EUR\"},{\"name\":\"Category\",\"value\":\"padaria-e-pastelaria-padaria-forma\"}]';
                    search_params.sort = 'categories top-sellers';
                    search_params.imageUUID = '';
                    search_params.searchID = '79fd584c-cee5-42dd-a07f-04e8467e04c2';
                    search_params.locale = 'default';
                    search_params.queryLocale = 'default';
                    search_params.showProducts = 'true';
                    dw.ac.applyContext({category: "padaria-e-pastelaria-padaria-forma", searchData: search_params});
                    if (typeof dw.ac._scheduleDataSubmission === "function") {
                        dw.ac._scheduleDataSubmission();
                    }
                }
            } catch(err) {}
            })();
            /* ]]> */
            // -->
            </script>
            <script type="text/javascript">//<!--
            /* <![CDATA[ (viewProduct-active_data.js) */
            dw.ac._capture({id: "7167676", type: "searchhit"});
            /* ]]> */
            // -->
            </script>
            <div class="product" data-pid="7167676">
            <div class="product-tile pid-7167676 ct-product-tile data-layer-pushed" data-delay-time="3000" data-variants-mapping="[]" data-in-cart-msg="no carrinho" data-one-product-added="Adicionado ao carrinho" data-remove-from-cart-msg="Removido do carrinho" data-stay-open="6000.0" data-product-tile-impression="{&quot;name&quot;:&quot;7167676&quot;,&quot;id&quot;:&quot;7167676&quot;,&quot;price&quot;:2.49,&quot;brand&quot;:&quot;Bimbo&quot;,&quot;category&quot;:[{&quot;category_level_1&quot;:&quot;Padaria e Pastelaria&quot;},{&quot;category_level_2&quot;:&quot;Padaria&quot;},{&quot;category_level_3&quot;:&quot;Pão de Forma e Embalado&quot;}],&quot;variant&quot;:&quot;&quot;}">
            <div class="ct-inner-tile-wrap row no-gutters justify-content-center align-content-start">
            
            <div class="ct-image-container col-4 col-sm" data-confirmation-image="{&quot;url&quot;:&quot;https://www.continente.pt/dw/image/v2/BDVS_PRD/on/demandware.static/-/Sites-col-master-catalog/default/dw14e12f3a/images/col/716/7167676-frente.jpg?sw=87&amp;sh=80&quot;,&quot;fallbackimage&quot;:{&quot;url&quot;:&quot;https://www.continente.pt/dw/image/v2/BDVS_PRD/on/demandware.static/Sites-continente-Site/-/default/dw7c42b4da/images/noimagelarge_product.png?sw=87&amp;sh=80&quot;,&quot;title&quot;:&quot;Pão de Forma 100% Natural sem côdea&quot;,&quot;alt&quot;:&quot;Pão de Forma 100% Natural sem côdea&quot;},&quot;title&quot;:&quot;Pão de Forma 100% Natural sem côdea&quot;,&quot;alt&quot;:&quot;Pão de Forma 100% Natural sem côdea&quot;}">
            <a href="https://www.continente.pt/produto/pao-de-forma-100--natural-sem-codea-bimbo-7167676.html?cgid=padaria-e-pastelaria-padaria-forma">
            <picture class="intrinsic intrinsic--square">
            <img class="ct-tile-image lazyloaded" loading="lazy" onerror="this.onerror=null;this.src='/on/demandware.static/Sites-continente-Site/-/default/dw7c42b4da/images/noimagelarge_product.png';" data-src="https://www.continente.pt/dw/image/v2/BDVS_PRD/on/demandware.static/-/Sites-col-master-catalog/default/dw14e12f3a/images/col/716/7167676-frente.jpg?sw=280&amp;sh=280" alt="Pão de Forma 100% Natural sem côdea" title="Pão de Forma 100% Natural sem côdea" src="https://www.continente.pt/dw/image/v2/BDVS_PRD/on/demandware.static/-/Sites-col-master-catalog/default/dw14e12f3a/images/col/716/7167676-frente.jpg?sw=280&amp;sh=280">
            </picture>
            </a>
            <div class="color-swatches d-flex" style="margin-left: 5px;">
            <div class="swatches d-flex">
            </div>
            </div>
            </div>
            <div class="ct-tile-body col col-sm-auto ">
            <div class="ct-pdp-details">
            <div class="ct-pdp-link">
            <a class="ct-tile--description" href="https://www.continente.pt/produto/pao-de-forma-100--natural-sem-codea-bimbo-7167676.html?cgid=padaria-e-pastelaria-padaria-forma">Pão de Forma 100% Natural sem côdea</a>
            <div class="ct-tile--favorite-top d-sm-none">
            <button class="wishlist-toggler guest-mode inactive button button--tertiary" data-pid="7167676" data-add-url="https://www.continente.pt/on/demandware.store/Sites-continente-Site/default/Wishlist-AddProduct?pid=7167676" data-toggle="tooltip" aria-label="Adicionar aos favoritos " data-original-title="Adicionar aos favoritos" data-placement="top">
            <svg class="active-content" width="100%" height="100%" viewBox="0 0 20 22" fill="none" xmlns="http://www.w3.org/2000/svg">
            <path fill-rule="evenodd" clip-rule="evenodd" d="M0 1.53052C0 0.685236 0.692171 0 1.54601 0H15.0736C15.9274 0 16.6196 0.685235 16.6196 1.53052V13.4064L15.8127 13.922L14.2658 14.2658L12.7189 13.4064L10.6054 14.3818C10.4994 14.2451 10.3327 14.157 10.1452 14.157H6.76329C6.4431 14.157 6.18354 14.414 6.18354 14.731C6.18354 15.0479 6.4431 15.3049 6.76329 15.3049H10.1452C10.2478 15.3049 10.3441 15.2785 10.4277 15.2322L10.3126 16.8439L13.2345 20.2793H1.54601C0.69217 20.2793 0 19.5941 0 18.7488V1.53052ZM6.18354 5.5483C6.18354 5.23132 6.4431 4.97436 6.76329 4.97436H12.3676C12.6878 4.97436 12.9473 5.23132 12.9473 5.5483C12.9473 5.86528 12.6878 6.12224 12.3676 6.12224H6.76329C6.4431 6.12224 6.18354 5.86528 6.18354 5.5483ZM6.76329 11.0961C6.4431 11.0961 6.18354 11.3531 6.18354 11.6701C6.18354 11.987 6.4431 12.244 6.76329 12.244H12.3676C12.6878 12.244 12.9473 11.987 12.9473 11.6701C12.9473 11.3531 12.6878 11.0961 12.3676 11.0961H6.76329ZM6.18354 8.60985C6.18354 8.29287 6.4431 8.03591 6.76329 8.03591H12.3676C12.6878 8.03591 12.9473 8.29287 12.9473 8.60985C12.9473 8.92684 12.6878 9.1838 12.3676 9.1838H6.76329C6.4431 9.1838 6.18354 8.92684 6.18354 8.60985ZM3.67118 5.5483C3.67118 5.23132 3.93075 4.97436 4.25093 4.97436H4.63743C4.95762 4.97436 5.21719 5.23132 5.21719 5.5483C5.21719 5.86528 4.95762 6.12224 4.63743 6.12224H4.25093C3.93075 6.12224 3.67118 5.86528 3.67118 5.5483ZM4.25093 11.0961C3.93075 11.0961 3.67118 11.3531 3.67118 11.6701C3.67118 11.987 3.93075 12.244 4.25093 12.244H4.63743C4.95762 12.244 5.21719 11.987 5.21719 11.6701C5.21719 11.3531 4.95762 11.0961 4.63743 11.0961H4.25093ZM3.67118 8.60985C3.67118 8.29287 3.93075 8.03591 4.25093 8.03591H4.63743C4.95762 8.03591 5.21719 8.29287 5.21719 8.60985C5.21719 8.92684 4.95762 9.1838 4.63743 9.1838H4.25093C3.93075 9.1838 3.67118 8.92684 3.67118 8.60985ZM4.25093 14.157C3.93075 14.157 3.67118 14.414 3.67118 14.731C3.67118 15.0479 3.93075 15.3049 4.25093 15.3049H4.63743C4.95762 15.3049 5.21719 15.0479 5.21719 14.731C5.21719 14.414 4.95762 14.157 4.63743 14.157H4.25093Z" fill="#EB0203"></path>
            <path fill-rule="evenodd" clip-rule="evenodd" d="M14.6252 13.6363C13.4918 12.6215 11.7817 12.5264 10.6569 13.4792C9.12421 14.7764 9.34841 16.8912 10.4409 18.0122L14.0159 21.6742C14.2197 21.8832 14.4928 22 14.7822 22C15.0737 22 15.3448 21.8852 15.5486 21.6762L19.1236 18.0142C20.214 16.8933 20.4423 14.7785 18.9075 13.4792C17.7827 12.5283 16.0724 12.6217 14.9391 13.6365C14.8855 13.6845 14.8331 13.7345 14.7822 13.7866C14.7313 13.7345 14.6789 13.6843 14.6252 13.6363ZM18.1546 14.3522C19.0973 15.1508 18.9962 16.4896 18.2891 17.2173C18.2888 17.2175 18.2886 17.2177 18.2884 17.218L14.7832 20.8084L11.2753 17.2151C11.2752 17.215 11.2751 17.2149 11.2749 17.2148C10.5677 16.4887 10.4678 15.1495 11.4104 14.3518L11.4108 14.3514C12.0745 13.7892 13.2018 13.82 13.9488 14.5846L14.7822 15.4378L15.6157 14.5846C16.3617 13.8211 17.4896 13.79 18.1545 14.3521" fill="#EB0203"></path>
            </svg>
            <svg class="inactive-content" width="100%" height="100%" viewBox="0 0 20 23" fill="none" xmlns="http://www.w3.org/2000/svg">
            <path fill-rule="evenodd" clip-rule="evenodd" d="M6.18408 5.77914C6.18408 5.46223 6.44363 5.20532 6.7638 5.20532H12.3678C12.6879 5.20532 12.9475 5.46223 12.9475 5.77914C12.9475 6.09606 12.6879 6.35297 12.3678 6.35297H6.7638C6.44363 6.35297 6.18408 6.09606 6.18408 5.77914Z" fill="#EB0203"></path>
            <path fill-rule="evenodd" clip-rule="evenodd" d="M6.18408 11.9034C6.18408 11.5865 6.44363 11.3296 6.7638 11.3296H12.3678C12.6879 11.3296 12.9475 11.5865 12.9475 11.9034C12.9475 12.2202 12.6879 12.4771 12.3678 12.4771H6.7638C6.44363 12.4771 6.18408 12.2202 6.18408 11.9034Z" fill="#EB0203"></path>
            <path fill-rule="evenodd" clip-rule="evenodd" d="M6.18408 8.84116C6.18408 8.52424 6.44363 8.26733 6.7638 8.26733H12.3678C12.6879 8.26733 12.9475 8.52424 12.9475 8.84116C12.9475 9.15807 12.6879 9.41498 12.3678 9.41498H6.7638C6.44363 9.41498 6.18408 9.15807 6.18408 8.84116Z" fill="#EB0203"></path>
            <path fill-rule="evenodd" clip-rule="evenodd" d="M6.18408 14.9655C6.18408 14.6486 6.44363 14.3917 6.7638 14.3917H10.1455C10.4657 14.3917 10.7252 14.6486 10.7252 14.9655C10.7252 15.2825 10.4657 15.5394 10.1455 15.5394H6.7638C6.44363 15.5394 6.18408 15.2825 6.18408 14.9655Z" fill="#EB0203"></path>
            <path fill-rule="evenodd" clip-rule="evenodd" d="M3.67139 5.77914C3.67139 5.46223 3.93094 5.20532 4.25111 5.20532H4.63759C4.95776 5.20532 5.21731 5.46223 5.21731 5.77914C5.21731 6.09606 4.95776 6.35297 4.63759 6.35297H4.25111C3.93094 6.35297 3.67139 6.09606 3.67139 5.77914Z" fill="#EB0203"></path>
            <path fill-rule="evenodd" clip-rule="evenodd" d="M3.67139 11.9034C3.67139 11.5865 3.93094 11.3296 4.25111 11.3296H4.63759C4.95776 11.3296 5.21731 11.5865 5.21731 11.9034C5.21731 12.2202 4.95776 12.4771 4.63759 12.4771H4.25111C3.93094 12.4771 3.67139 12.2202 3.67139 11.9034Z" fill="#EB0203"></path>
            <path fill-rule="evenodd" clip-rule="evenodd" d="M3.67139 8.84116C3.67139 8.52424 3.93094 8.26733 4.25111 8.26733H4.63759C4.95776 8.26733 5.21731 8.52424 5.21731 8.84116C5.21731 9.15807 4.95776 9.41498 4.63759 9.41498H4.25111C3.93094 9.41498 3.67139 9.15807 3.67139 8.84116Z" fill="#EB0203"></path>
            <path fill-rule="evenodd" clip-rule="evenodd" d="M3.67139 14.9655C3.67139 14.6486 3.93094 14.3917 4.25111 14.3917H4.63759C4.95776 14.3917 5.21731 14.6486 5.21731 14.9655C5.21731 15.2825 4.95776 15.5394 4.63759 15.5394H4.25111C3.93094 15.5394 3.67139 15.2825 3.67139 14.9655Z" fill="#EB0203"></path>
            <path fill-rule="evenodd" clip-rule="evenodd" d="M0 1.76033C0 0.914738 0.692131 0.229248 1.54592 0.229248H15.0727C15.9265 0.229248 16.6186 0.914738 16.6186 1.76033V11.2818C16.6186 11.5989 16.3591 11.8559 16.0389 11.8559C15.7187 11.8559 15.4592 11.5989 15.4592 11.2818V1.76033C15.4592 1.54893 15.2862 1.37756 15.0727 1.37756H1.54592C1.33247 1.37756 1.15944 1.54893 1.15944 1.76033V18.985C1.15944 19.1964 1.33247 19.3678 1.54592 19.3678H9.27551C9.59568 19.3678 9.85523 19.6249 9.85523 19.942C9.85523 20.2591 9.59568 20.5161 9.27551 20.5161H1.54592C0.692131 20.5161 0 19.8306 0 18.985V1.76033Z" fill="#EB0203"></path>
            <path fill-rule="evenodd" clip-rule="evenodd" d="M14.6254 13.8718C13.4921 12.8567 11.7821 12.7615 10.6574 13.7147C9.12472 15.0124 9.34891 17.128 10.4413 18.2493L14.0161 21.9126C14.2199 22.1217 14.493 22.2386 14.7824 22.2386C15.0739 22.2386 15.3449 22.1238 15.5487 21.9147L19.1235 18.2514C20.2139 17.13 20.4422 15.0144 18.9075 13.7147C17.7827 12.7634 16.0726 12.8569 14.9392 13.872C14.8856 13.92 14.8333 13.9701 14.7824 14.0222C14.7314 13.97 14.6791 13.9199 14.6254 13.8718ZM18.1546 14.588C19.0972 15.3869 18.9961 16.7262 18.2891 17.4541C18.2888 17.4543 18.2886 17.4546 18.2884 17.4548L14.7834 21.0466L11.2757 17.452C11.2756 17.4519 11.2755 17.4517 11.2753 17.4516C10.5681 16.7252 10.4682 15.3856 11.4108 14.5876L11.4112 14.5872C12.0748 14.0248 13.202 14.0556 13.949 14.8205L14.7824 15.674L15.6158 14.8205C16.3618 14.0567 17.4896 14.0256 18.1545 14.5879" fill="#EB0203"></path>
            </svg>
            </button>
            </div>
            </div>
            <p class="ct-tile--brand">Bimbo</p>
            <p class="ct-tile--quantity">emb. 450 gr</p>
            </div>
            <div class="ct-tile-bottom row no-gutters justify-content-between">
            <div class="ct-price-wrap col-8 col-sm-12">
            <div class="price js-product-price">
            <div class="prices-wrapper">
            <span class="sales ct-tile--price-primary ">
            <span class="value" content="2.49">
            <span class="ct-price-formatted">
            €2,49
            </span>
            <span class="ct-m-unit">
            /un
            </span>
            </span>
            </span>
            </div>
            <div class="ct-tile--price-secondary">
            <span class="ct-price-value">
            €5,53
            </span>
            <span class="ct-m-unit">
            /kg
            </span>
            </div>
            </div>
            </div>
            <div class="ct-tile-buy-section d-flex justify-content-center no-gutters col-auto col-sm-12">
            <div class="col-2 d-sm-flex d-none">
            <button class="wishlist-toggler guest-mode inactive button button--tertiary" data-pid="7167676" data-add-url="https://www.continente.pt/on/demandware.store/Sites-continente-Site/default/Wishlist-AddProduct?pid=7167676" data-toggle="tooltip" aria-label="Adicionar aos favoritos " data-original-title="Adicionar aos favoritos" data-placement="top">
            <svg class="active-content" width="100%" height="100%" viewBox="0 0 20 22" fill="none" xmlns="http://www.w3.org/2000/svg">
            <path fill-rule="evenodd" clip-rule="evenodd" d="M0 1.53052C0 0.685236 0.692171 0 1.54601 0H15.0736C15.9274 0 16.6196 0.685235 16.6196 1.53052V13.4064L15.8127 13.922L14.2658 14.2658L12.7189 13.4064L10.6054 14.3818C10.4994 14.2451 10.3327 14.157 10.1452 14.157H6.76329C6.4431 14.157 6.18354 14.414 6.18354 14.731C6.18354 15.0479 6.4431 15.3049 6.76329 15.3049H10.1452C10.2478 15.3049 10.3441 15.2785 10.4277 15.2322L10.3126 16.8439L13.2345 20.2793H1.54601C0.69217 20.2793 0 19.5941 0 18.7488V1.53052ZM6.18354 5.5483C6.18354 5.23132 6.4431 4.97436 6.76329 4.97436H12.3676C12.6878 4.97436 12.9473 5.23132 12.9473 5.5483C12.9473 5.86528 12.6878 6.12224 12.3676 6.12224H6.76329C6.4431 6.12224 6.18354 5.86528 6.18354 5.5483ZM6.76329 11.0961C6.4431 11.0961 6.18354 11.3531 6.18354 11.6701C6.18354 11.987 6.4431 12.244 6.76329 12.244H12.3676C12.6878 12.244 12.9473 11.987 12.9473 11.6701C12.9473 11.3531 12.6878 11.0961 12.3676 11.0961H6.76329ZM6.18354 8.60985C6.18354 8.29287 6.4431 8.03591 6.76329 8.03591H12.3676C12.6878 8.03591 12.9473 8.29287 12.9473 8.60985C12.9473 8.92684 12.6878 9.1838 12.3676 9.1838H6.76329C6.4431 9.1838 6.18354 8.92684 6.18354 8.60985ZM3.67118 5.5483C3.67118 5.23132 3.93075 4.97436 4.25093 4.97436H4.63743C4.95762 4.97436 5.21719 5.23132 5.21719 5.5483C5.21719 5.86528 4.95762 6.12224 4.63743 6.12224H4.25093C3.93075 6.12224 3.67118 5.86528 3.67118 5.5483ZM4.25093 11.0961C3.93075 11.0961 3.67118 11.3531 3.67118 11.6701C3.67118 11.987 3.93075 12.244 4.25093 12.244H4.63743C4.95762 12.244 5.21719 11.987 5.21719 11.6701C5.21719 11.3531 4.95762 11.0961 4.63743 11.0961H4.25093ZM3.67118 8.60985C3.67118 8.29287 3.93075 8.03591 4.25093 8.03591H4.63743C4.95762 8.03591 5.21719 8.29287 5.21719 8.60985C5.21719 8.92684 4.95762 9.1838 4.63743 9.1838H4.25093C3.93075 9.1838 3.67118 8.92684 3.67118 8.60985ZM4.25093 14.157C3.93075 14.157 3.67118 14.414 3.67118 14.731C3.67118 15.0479 3.93075 15.3049 4.25093 15.3049H4.63743C4.95762 15.3049 5.21719 15.0479 5.21719 14.731C5.21719 14.414 4.95762 14.157 4.63743 14.157H4.25093Z" fill="#EB0203"></path>
            <path fill-rule="evenodd" clip-rule="evenodd" d="M14.6252 13.6363C13.4918 12.6215 11.7817 12.5264 10.6569 13.4792C9.12421 14.7764 9.34841 16.8912 10.4409 18.0122L14.0159 21.6742C14.2197 21.8832 14.4928 22 14.7822 22C15.0737 22 15.3448 21.8852 15.5486 21.6762L19.1236 18.0142C20.214 16.8933 20.4423 14.7785 18.9075 13.4792C17.7827 12.5283 16.0724 12.6217 14.9391 13.6365C14.8855 13.6845 14.8331 13.7345 14.7822 13.7866C14.7313 13.7345 14.6789 13.6843 14.6252 13.6363ZM18.1546 14.3522C19.0973 15.1508 18.9962 16.4896 18.2891 17.2173C18.2888 17.2175 18.2886 17.2177 18.2884 17.218L14.7832 20.8084L11.2753 17.2151C11.2752 17.215 11.2751 17.2149 11.2749 17.2148C10.5677 16.4887 10.4678 15.1495 11.4104 14.3518L11.4108 14.3514C12.0745 13.7892 13.2018 13.82 13.9488 14.5846L14.7822 15.4378L15.6157 14.5846C16.3617 13.8211 17.4896 13.79 18.1545 14.3521" fill="#EB0203"></path>
            </svg>
            <svg class="inactive-content" width="100%" height="100%" viewBox="0 0 20 23" fill="none" xmlns="http://www.w3.org/2000/svg">
            <path fill-rule="evenodd" clip-rule="evenodd" d="M6.18408 5.77914C6.18408 5.46223 6.44363 5.20532 6.7638 5.20532H12.3678C12.6879 5.20532 12.9475 5.46223 12.9475 5.77914C12.9475 6.09606 12.6879 6.35297 12.3678 6.35297H6.7638C6.44363 6.35297 6.18408 6.09606 6.18408 5.77914Z" fill="#EB0203"></path>
            <path fill-rule="evenodd" clip-rule="evenodd" d="M6.18408 11.9034C6.18408 11.5865 6.44363 11.3296 6.7638 11.3296H12.3678C12.6879 11.3296 12.9475 11.5865 12.9475 11.9034C12.9475 12.2202 12.6879 12.4771 12.3678 12.4771H6.7638C6.44363 12.4771 6.18408 12.2202 6.18408 11.9034Z" fill="#EB0203"></path>
            <path fill-rule="evenodd" clip-rule="evenodd" d="M6.18408 8.84116C6.18408 8.52424 6.44363 8.26733 6.7638 8.26733H12.3678C12.6879 8.26733 12.9475 8.52424 12.9475 8.84116C12.9475 9.15807 12.6879 9.41498 12.3678 9.41498H6.7638C6.44363 9.41498 6.18408 9.15807 6.18408 8.84116Z" fill="#EB0203"></path>
            <path fill-rule="evenodd" clip-rule="evenodd" d="M6.18408 14.9655C6.18408 14.6486 6.44363 14.3917 6.7638 14.3917H10.1455C10.4657 14.3917 10.7252 14.6486 10.7252 14.9655C10.7252 15.2825 10.4657 15.5394 10.1455 15.5394H6.7638C6.44363 15.5394 6.18408 15.2825 6.18408 14.9655Z" fill="#EB0203"></path>
            <path fill-rule="evenodd" clip-rule="evenodd" d="M3.67139 5.77914C3.67139 5.46223 3.93094 5.20532 4.25111 5.20532H4.63759C4.95776 5.20532 5.21731 5.46223 5.21731 5.77914C5.21731 6.09606 4.95776 6.35297 4.63759 6.35297H4.25111C3.93094 6.35297 3.67139 6.09606 3.67139 5.77914Z" fill="#EB0203"></path>
            <path fill-rule="evenodd" clip-rule="evenodd" d="M3.67139 11.9034C3.67139 11.5865 3.93094 11.3296 4.25111 11.3296H4.63759C4.95776 11.3296 5.21731 11.5865 5.21731 11.9034C5.21731 12.2202 4.95776 12.4771 4.63759 12.4771H4.25111C3.93094 12.4771 3.67139 12.2202 3.67139 11.9034Z" fill="#EB0203"></path>
            <path fill-rule="evenodd" clip-rule="evenodd" d="M3.67139 8.84116C3.67139 8.52424 3.93094 8.26733 4.25111 8.26733H4.63759C4.95776 8.26733 5.21731 8.52424 5.21731 8.84116C5.21731 9.15807 4.95776 9.41498 4.63759 9.41498H4.25111C3.93094 9.41498 3.67139 9.15807 3.67139 8.84116Z" fill="#EB0203"></path>
            <path fill-rule="evenodd" clip-rule="evenodd" d="M3.67139 14.9655C3.67139 14.6486 3.93094 14.3917 4.25111 14.3917H4.63759C4.95776 14.3917 5.21731 14.6486 5.21731 14.9655C5.21731 15.2825 4.95776 15.5394 4.63759 15.5394H4.25111C3.93094 15.5394 3.67139 15.2825 3.67139 14.9655Z" fill="#EB0203"></path>
            <path fill-rule="evenodd" clip-rule="evenodd" d="M0 1.76033C0 0.914738 0.692131 0.229248 1.54592 0.229248H15.0727C15.9265 0.229248 16.6186 0.914738 16.6186 1.76033V11.2818C16.6186 11.5989 16.3591 11.8559 16.0389 11.8559C15.7187 11.8559 15.4592 11.5989 15.4592 11.2818V1.76033C15.4592 1.54893 15.2862 1.37756 15.0727 1.37756H1.54592C1.33247 1.37756 1.15944 1.54893 1.15944 1.76033V18.985C1.15944 19.1964 1.33247 19.3678 1.54592 19.3678H9.27551C9.59568 19.3678 9.85523 19.6249 9.85523 19.942C9.85523 20.2591 9.59568 20.5161 9.27551 20.5161H1.54592C0.692131 20.5161 0 19.8306 0 18.985V1.76033Z" fill="#EB0203"></path>
            <path fill-rule="evenodd" clip-rule="evenodd" d="M14.6254 13.8718C13.4921 12.8567 11.7821 12.7615 10.6574 13.7147C9.12472 15.0124 9.34891 17.128 10.4413 18.2493L14.0161 21.9126C14.2199 22.1217 14.493 22.2386 14.7824 22.2386C15.0739 22.2386 15.3449 22.1238 15.5487 21.9147L19.1235 18.2514C20.2139 17.13 20.4422 15.0144 18.9075 13.7147C17.7827 12.7634 16.0726 12.8569 14.9392 13.872C14.8856 13.92 14.8333 13.9701 14.7824 14.0222C14.7314 13.97 14.6791 13.9199 14.6254 13.8718ZM18.1546 14.588C19.0972 15.3869 18.9961 16.7262 18.2891 17.4541C18.2888 17.4543 18.2886 17.4546 18.2884 17.4548L14.7834 21.0466L11.2757 17.452C11.2756 17.4519 11.2755 17.4517 11.2753 17.4516C10.5681 16.7252 10.4682 15.3856 11.4108 14.5876L11.4112 14.5872C12.0748 14.0248 13.202 14.0556 13.949 14.8205L14.7824 15.674L15.6158 14.8205C16.3618 14.0567 17.4896 14.0256 18.1545 14.5879" fill="#EB0203"></path>
            </svg>
            </button>
            </div>
            <div class="col-sm-10 col-12">
            <div class="ct-tile-quantity d-none" data-pid="7167676">
            <input type="hidden" class="add-to-cart-url" value="https://www.continente.pt/on/demandware.store/Sites-continente-Site/default/Cart-AddProduct">
            <div class="d-none tile-delete-confirmation-btn" data-pid="7167676" data-delay-time="3000" data-in-cart-msg="no carrinho" data-one-product-added="Adicionado ao carrinho" data-remove-from-cart-msg="Removido do carrinho" data-stay-open="6000.0" data-confirmation-image="{&quot;url&quot;:&quot;https://www.continente.pt/dw/image/v2/BDVS_PRD/on/demandware.static/-/Sites-col-master-catalog/default/dw14e12f3a/images/col/716/7167676-frente.jpg?sw=87&amp;sh=80&quot;,&quot;fallbackimage&quot;:{&quot;url&quot;:&quot;https://www.continente.pt/dw/image/v2/BDVS_PRD/on/demandware.static/Sites-continente-Site/-/default/dw7c42b4da/images/noimagelarge_product.png?sw=87&amp;sh=80&quot;,&quot;title&quot;:&quot;Pão de Forma 100% Natural sem côdea&quot;,&quot;alt&quot;:&quot;Pão de Forma 100% Natural sem côdea&quot;},&quot;title&quot;:&quot;Pão de Forma 100% Natural sem côdea&quot;,&quot;alt&quot;:&quot;Pão de Forma 100% Natural sem côdea&quot;}"></div>
            <div class="ct-tile-quantity-update quantity-update product-qty-vue" data-remove-action="https://www.continente.pt/on/demandware.store/Sites-continente-Site/default/Cart-RemoveProductLineItem" data-action="https://www.continente.pt/on/demandware.store/Sites-continente-Site/default/Cart-UpdateQuantity" data-dimension-update="https://www.continente.pt/on/demandware.store/Sites-continente-Site/default/Cart-DimensionUpdate" data-pid="7167676" data-uuid="e458754203c64aa4e54b9a12d5" data-add-delay="500.0" data-measure-options="{&quot;hasConversionRate&quot;:false,&quot;hasAlternativeSaleUnit&quot;:false,&quot;unitConversionRate&quot;:0,&quot;minOrderQuantity&quot;:1,&quot;stepQuantity&quot;:1,&quot;primaryunit&quot;:&quot;un&quot;,&quot;secondaryunit&quot;:&quot;kg&quot;,&quot;selectedunit&quot;:&quot;primary&quot;,&quot;maxNumberOfUnitsPerSale&quot;:50}" data-price-available="null" :data-has-error="isMaxQtyReached || isMinQtyReached || qtySelectedMoreThanOne">
            <template v-show="prodUnits">
            <div class="quantity-input-wrapper has-units">
            <label class="visually-hidden" :for="'quantity-' + pid + additionalTag">
            Quantidade no carrinho
            </label>
            <input :ref="'quantityInput-' + pid + additionalTag" class="add-to-cart-quantity form-control ct-form-input text-center" inputmode="numeric" :class="{'is-invalid': isInvalid}" :data-pid="pid + additionalTag" :name="'quantity-' + pid + additionalTag" type="text" aria-label="Insira a quantidade" title="" v-model="displayValue" @change="updateQuantity" @focus="updateQtyFormat" @blur="restoreQtyFormat" :disabled="!isPriceAvailable">
            <span class="quantity-icon quantity-icon--minus">
            <button class="decrease-quantity-btn" @click="updateQuantity" :disabled="!isPriceAvailable" role="button" aria-label="Reduzir quantidade">
            <i class="css-math-minus"></i>
            </button>
            </span>
            <span class="quantity-icon quantity-icon--plus">
            <button class="increase-quantity-btn" @click="updateQuantity" :disabled="isMaxQtyReached || !isPriceAvailable" role="button" aria-label="Aumentar quantidade">
            <i class="css-math-plus"></i>
            </button>
            <span class="quantity-btn-disabled-placeholder"></span>
            </span>
            <template v-if="isPDP">
            <span class="quantity-error ct-span-error text-sm-center product-max-allocation" v-if="isMaxQtyReached">
            Quantidade máxima atingida
            </span>
            <span class="quantity-error ct-span-product text-sm-center product-allocation" v-if="!isMinQtyReached &amp;&amp; !isMaxQtyReached">
            {{quantitySelected}} no carrinho
            </span>
            <span class="quantity-error ct-span-error text-sm-center product-min-allocation" :data-pid="pid" v-if="isMinQtyReached &amp;&amp; !isMaxQtyReached">
            Quantidade mínima atingida
            </span>
            </template>
            </div>
            <template v-if="showNotes">
            <div class="add-note-link-container ">
            <div class="add-note">
            <a href="/produto/pao-de-forma-100--natural-sem-codea-bimbo-7167676.html?showNote=true" class="ct-add-note-redirect-pdp" aria-label="Adicionar comentário">
            <span class="svg-wrapper svg-icon-notes" style="width:19px; height:20px">
            <svg class="svg-inline icon-notes" viewBox="0 0 28 30" xmlns="http://www.w3.org/2000/svg" width="100%" height="100%"><path d="M21.738 0C22.985 0 24 1.04 24 2.319V12.47c0 .469-.37.848-.828.848-.457 0-.827-.38-.827-.848V2.32c0-.343-.273-.622-.607-.622H2.262c-.334 0-.607.279-.607.622V27.68c0 .343.273.622.607.622h7.81c.457 0 .827.38.827.849 0 .468-.37.848-.827.848h-7.81C1.015 30 0 28.96 0 27.681V2.32C0 1.04 1.015 0 2.262 0h19.476zm2.844 16.004l.227.007c.823.053 1.589.39 2.176.964.64.627.993 1.46.993 2.349 0 .888-.353 1.722-.993 2.348l-6.83 6.665c-.11.108-.247.186-.397.226l-5.032 1.363c-.078.021-.16.032-.241.032-.242 0-.478-.097-.647-.266-.23-.231-.314-.566-.218-.874l1.49-4.798c.044-.139.122-.266.227-.369l6.844-6.677c.64-.625 1.493-.97 2.401-.97zm-2.886 3.94l-4.922 4.802-.947 3.048 3.22-.872 4.897-4.78-2.248-2.197zm2.887-2.174c-.425 0-.824.162-1.124.455l-.484.472 2.248 2.197.484-.472c.62-.606.62-1.591 0-2.197l-.117-.104c-.283-.227-.636-.35-1.007-.35zm-10.839.022c.498 0 .904.396.904.883 0 .488-.406.884-.904.884H5.946c-.499 0-.904-.396-.904-.884 0-.487.405-.883.904-.883zm5.042-4.876c.498 0 .904.397.904.884s-.406.884-.904.884H5.946c-.499 0-.904-.397-.904-.884s.405-.884.904-.884zm0-4.875c.498 0 .904.396.904.884 0 .487-.406.883-.904.883H5.946c-.499 0-.904-.396-.904-.883 0-.488.405-.884.904-.884z" fill="#EB0203" fill-rule="evenodd"></path></svg>
            </span>
            <div class="available-note d-none"></div>
            </a>
            </div>
            </div>
            </template>
            <div class="measurement-unit-section" v-if="isPriceAvailable &amp;&amp; prodUnits ? prodUnits.hasAlternativeUnit : false">
            <div class="ct-form-radio" @click="setDimension">
            <input type="radio" title="" class="ct-form-check-input product-measurement-unit" :data-type="prodUnits.selectedUnit == prodUnits.secondaryUnit ? 'primary' : ''" :id="prodUnits.secondaryUnit + '-' + pid + '-measurement-unit-ptile' + additionalTag" :name="'measurement-unit-' + pid + '-ptile' + additionalTag" :value="prodUnits.secondaryUnit" v-model="prodUnits.selectedUnit">
            <label :class="prodUnits.secondaryUnit + '-label ct-form-check-label mb-0'" :for="prodUnits.secondaryUnit + '-' + pid + '-measurement-unit-ptile' + additionalTag">
            {{prodUnits.secondaryUnit}}
            </label>
            <span class="checkmark"></span>
            </div>
            <div class="ct-form-radio" @click="setDimension">
            <input type="radio" title="" class="ct-form-check-input product-measurement-unit" :data-type="prodUnits.selectedUnit == prodUnits.primaryUnit ? 'primary' : ''" :id="prodUnits.primaryUnit + '-' + pid + '-measurement-unit-ptile' + additionalTag" :name="'measurement-unit-' + pid + '-ptile' + additionalTag" :value="prodUnits.primaryUnit" v-model="prodUnits.selectedUnit">
            <label :class="prodUnits.primaryUnit + '-label ct-form-check-label mb-0'" :for="prodUnits.primaryUnit + '-' + pid + '-measurement-unit-ptile' + additionalTag">
            {{prodUnits.primaryUnit}}
            </label>
            <span class="checkmark"></span>
            </div>
            </div>
            <template v-if="!isPDP &amp;&amp; isPriceAvailable">
            <span class="quantity-error ct-span-error product-max-allocation" v-if="isMaxQtyReached">
            Quantidade máxima atingida
            </span>
            <span class="quantity-error ct-span-product product-allocation" v-if="!isMinQtyReached &amp;&amp; !isMaxQtyReached">
            {{quantitySelected}} no carrinho
            </span>
            <span class="quantity-error ct-span-error product-min-allocation" :data-pid="pid" v-if="isMinQtyReached &amp;&amp; !isMaxQtyReached">
            Quantidade mínima atingida
            </span>
            </template>
            </template>
            </div>
            <input class="quantity-value-mask d-none" name="quantity" type="number" min="0" value="">
            </div>
            <button type="button" class="add-to-cart button js-add-to-cart js-add-to-cart-tile 7167676 button--primary dynamic-layout-btn" data-toggle="modal" data-target="#chooseBonusProductModal" data-pid="7167676" data-quantity-value="null" aria-label="Carrinho">
            <span class="d-block d-sm-none">
            <span class="svg-wrapper svg-icon-cart" style="width:20px; height:20px">
            <svg class="svg-inline icon-cart" xmlns="http://www.w3.org/2000/svg" viewBox="0 0 500 500" width="100%" height="100%"><path fill="#EB0203" fill-rule="evenodd" d="M 485.67317,94.386311 C 476.37798,83.847129 463.09468,78.03348 448.30404,78.03348 H 90.690813 L 87.079511,51.327997 C 83.185582,22.539551 62.962285,0 41.011841,0 H 14.727836 C 6.563151,0 0,6.5286975 0,14.580758 c 0,8.05206 6.5945535,14.580758 14.727836,14.580758 h 26.284005 c 4.710398,0 14.696435,9.855222 16.894619,26.021523 L 100.01739,368.0631 c 1.88416,13.77244 9.01256,26.70549 20.1605,36.37417 8.25889,7.15046 18.02511,11.9071 28.26237,13.89679 -4.17655,7.58572 -6.53175,16.25957 -6.53175,25.493 0,29.53459 24.27424,53.59751 54.13815,53.59751 29.8325,0 54.13814,-24.03184 54.13814,-53.59751 0,-8.79818 -2.19818,-17.09897 -5.9979,-24.43598 h 77.12488 c -3.79973,7.33701 -5.96652,15.6378 -5.96652,24.43598 0,29.53459 24.27424,53.59751 54.13817,53.59751 29.83249,0 54.13814,-24.03184 54.13814,-53.59751 0,-8.79818 -2.1982,-17.09897 -5.9979,-24.43598 h 38.56243 c 8.13328,0 14.72783,-6.5287 14.72783,-14.61183 0,-8.02098 -6.59455,-14.54967 -14.72783,-14.54967 H 159.24277 c -14.38241,0 -28.13677,-11.90711 -30.02092,-26.02153 l -3.07746,-22.88154 h 290.6314 c 14.03698,0 27.94834,-5.28513 39.06488,-14.95381 11.11652,-9.6376 18.27632,-22.57065 20.16048,-36.37417 l 21.10259,-156.78201 c 1.94694,-14.51858 -2.10398,-28.29103 -11.43057,-38.861299 z M 220.76053,443.82706 c 0,13.49265 -11.08513,24.46709 -24.68247,24.46709 -13.62874,0 -24.71387,-10.97444 -24.71387,-24.46709 0,-13.49262 11.08513,-24.43598 24.71387,-24.43598 13.59734,0 24.68247,10.94336 24.68247,24.43598 z m 173.43675,0 c 0,13.49265 -11.08512,24.46709 -24.68245,24.46709 -13.62876,0 -24.71388,-10.97444 -24.71388,-24.46709 0,-13.49262 11.08512,-24.43598 24.71388,-24.43598 13.59733,0 24.68245,10.94336 24.68245,24.43598 z m 73.7648,-314.46558 -21.13397,156.782 c -1.88416,14.11442 -15.63851,26.05261 -30.02091,26.05261 H 122.25046 L 94.616142,107.19499 H 448.33544 c 6.18632,0 11.61896,2.2695 15.23028,6.37326 3.64269,4.13484 5.21283,9.73086 4.39636,15.79323 z"></path></svg>
            </span>
            </span>
            <span class="add-to-cart--text d-none d-sm-block">Carrinho</span>
            </button>
            </div>
            </div>
            </div>
            </div>
            
            <div class="col-12 d-sm-none">
            </div>
            </div>
            </div>
            </div>
            </div>
            <div class="col-12 col-sm-3 col-lg-2 productTile" data-idx="27">
            
            <script type="text/javascript">//<!--
            /* <![CDATA[ */
            (function(){
            try {
                if(window.CQuotient) {
                var cq_params = {};
                
                cq_params.cookieId = window.CQuotient.getCQCookieId();
                cq_params.userId = window.CQuotient.getCQUserId();
                cq_params.emailId = CQuotient.getCQHashedEmail();
                cq_params.loginId = CQuotient.getCQHashedLogin();
                cq_params.accumulate = true;
                cq_params.products = [{
                    id: '7479990',
                    sku: ''
                }];
                cq_params.categoryId = 'padaria-e-pastelaria-padaria-forma';
                cq_params.refinements = '[{\"name\":\"priceMin\",\"value\":\"0.01\"},{\"name\":\"priceMax\",\"value\":\"null\"},{\"name\":\"curr\",\"value\":\"EUR\"},{\"name\":\"Category\",\"value\":\"padaria-e-pastelaria-padaria-forma\"}]';
                cq_params.personalized = 'false';
                cq_params.sortingRule = 'categories top-sellers';
                cq_params.imageUUID = '__UNDEFINED__';
                cq_params.realm = "BDVS";
                cq_params.siteId = "continente";
                cq_params.instanceType = "prd";
                cq_params.queryLocale = "default";
                cq_params.locale = window.CQuotient.locale;
                
                if(window.CQuotient.sendActivity)
                    window.CQuotient.sendActivity(CQuotient.clientId, 'viewCategory', cq_params);
                else
                    window.CQuotient.activities.push({
                        activityType: 'viewCategory',
                        parameters: cq_params
                    });
              }
            } catch(err) {}
            })();
            /* ]]> */
            // -->
            </script>
            <script type="text/javascript">//<!--
            /* <![CDATA[ (viewCategoryProduct-active_data.js) */
            (function(){
            try {
                if (dw.ac) {
                    var search_params = {};
                    search_params.persd = 'false';
                    search_params.refs = '[{\"name\":\"priceMin\",\"value\":\"0.01\"},{\"name\":\"priceMax\",\"value\":\"null\"},{\"name\":\"curr\",\"value\":\"EUR\"},{\"name\":\"Category\",\"value\":\"padaria-e-pastelaria-padaria-forma\"}]';
                    search_params.sort = 'categories top-sellers';
                    search_params.imageUUID = '';
                    search_params.searchID = '79fd584c-cee5-42dd-a07f-04e8467e04c2';
                    search_params.locale = 'default';
                    search_params.queryLocale = 'default';
                    search_params.showProducts = 'true';
                    dw.ac.applyContext({category: "padaria-e-pastelaria-padaria-forma", searchData: search_params});
                    if (typeof dw.ac._scheduleDataSubmission === "function") {
                        dw.ac._scheduleDataSubmission();
                    }
                }
            } catch(err) {}
            })();
            /* ]]> */
            // -->
            </script>
            <script type="text/javascript">//<!--
            /* <![CDATA[ (viewProduct-active_data.js) */
            dw.ac._capture({id: "7479990", type: "searchhit"});
            /* ]]> */
            // -->
            </script>
            <div class="product" data-pid="7479990">
            <div class="product-tile pid-7479990 ct-product-tile data-layer-pushed" data-delay-time="3000" data-variants-mapping="[]" data-in-cart-msg="no carrinho" data-one-product-added="Adicionado ao carrinho" data-remove-from-cart-msg="Removido do carrinho" data-stay-open="6000.0" data-product-tile-impression="{&quot;name&quot;:&quot;7479990&quot;,&quot;id&quot;:&quot;7479990&quot;,&quot;price&quot;:2.39,&quot;brand&quot;:&quot;Bimbo&quot;,&quot;category&quot;:[{&quot;category_level_1&quot;:&quot;Padaria e Pastelaria&quot;},{&quot;category_level_2&quot;:&quot;Padaria&quot;},{&quot;category_level_3&quot;:&quot;Pão de Hambúrguer, Cachorro e Wraps&quot;}],&quot;variant&quot;:&quot;&quot;}">
            <div class="ct-inner-tile-wrap row no-gutters justify-content-center align-content-start">
            
            <div class="ct-image-container col-4 col-sm" data-confirmation-image="{&quot;url&quot;:&quot;https://www.continente.pt/dw/image/v2/BDVS_PRD/on/demandware.static/-/Sites-col-master-catalog/default/dwcc287d7c/images/col/747/7479990-frente.jpg?sw=87&amp;sh=80&quot;,&quot;fallbackimage&quot;:{&quot;url&quot;:&quot;https://www.continente.pt/dw/image/v2/BDVS_PRD/on/demandware.static/Sites-continente-Site/-/default/dw7c42b4da/images/noimagelarge_product.png?sw=87&amp;sh=80&quot;,&quot;title&quot;:&quot;Bagels Com Sementes&quot;,&quot;alt&quot;:&quot;Bagels Com Sementes&quot;},&quot;title&quot;:&quot;Bagels Com Sementes&quot;,&quot;alt&quot;:&quot;Bagels Com Sementes&quot;}">
            <a href="https://www.continente.pt/produto/bagels-com-sementes-bimbo-7479990.html?cgid=padaria-e-pastelaria-padaria-forma">
            <picture class="intrinsic intrinsic--square">
            <img class="ct-tile-image lazyloaded" loading="lazy" onerror="this.onerror=null;this.src='/on/demandware.static/Sites-continente-Site/-/default/dw7c42b4da/images/noimagelarge_product.png';" data-src="https://www.continente.pt/dw/image/v2/BDVS_PRD/on/demandware.static/-/Sites-col-master-catalog/default/dwcc287d7c/images/col/747/7479990-frente.jpg?sw=280&amp;sh=280" alt="Bagels Com Sementes" title="Bagels Com Sementes" src="https://www.continente.pt/dw/image/v2/BDVS_PRD/on/demandware.static/-/Sites-col-master-catalog/default/dwcc287d7c/images/col/747/7479990-frente.jpg?sw=280&amp;sh=280">
            </picture>
            </a>
            <div class="color-swatches d-flex" style="margin-left: 5px;">
            <div class="swatches d-flex">
            </div>
            </div>
            </div>
            <div class="ct-tile-body col col-sm-auto ">
            <div class="ct-pdp-details">
            <div class="ct-pdp-link">
            <a class="ct-tile--description" href="https://www.continente.pt/produto/bagels-com-sementes-bimbo-7479990.html?cgid=padaria-e-pastelaria-padaria-forma">Bagels Com Sementes</a>
            <div class="ct-tile--favorite-top d-sm-none">
            <button class="wishlist-toggler guest-mode inactive button button--tertiary" data-pid="7479990" data-add-url="https://www.continente.pt/on/demandware.store/Sites-continente-Site/default/Wishlist-AddProduct?pid=7479990" data-toggle="tooltip" aria-label="Adicionar aos favoritos " data-original-title="Adicionar aos favoritos" data-placement="top">
            <svg class="active-content" width="100%" height="100%" viewBox="0 0 20 22" fill="none" xmlns="http://www.w3.org/2000/svg">
            <path fill-rule="evenodd" clip-rule="evenodd" d="M0 1.53052C0 0.685236 0.692171 0 1.54601 0H15.0736C15.9274 0 16.6196 0.685235 16.6196 1.53052V13.4064L15.8127 13.922L14.2658 14.2658L12.7189 13.4064L10.6054 14.3818C10.4994 14.2451 10.3327 14.157 10.1452 14.157H6.76329C6.4431 14.157 6.18354 14.414 6.18354 14.731C6.18354 15.0479 6.4431 15.3049 6.76329 15.3049H10.1452C10.2478 15.3049 10.3441 15.2785 10.4277 15.2322L10.3126 16.8439L13.2345 20.2793H1.54601C0.69217 20.2793 0 19.5941 0 18.7488V1.53052ZM6.18354 5.5483C6.18354 5.23132 6.4431 4.97436 6.76329 4.97436H12.3676C12.6878 4.97436 12.9473 5.23132 12.9473 5.5483C12.9473 5.86528 12.6878 6.12224 12.3676 6.12224H6.76329C6.4431 6.12224 6.18354 5.86528 6.18354 5.5483ZM6.76329 11.0961C6.4431 11.0961 6.18354 11.3531 6.18354 11.6701C6.18354 11.987 6.4431 12.244 6.76329 12.244H12.3676C12.6878 12.244 12.9473 11.987 12.9473 11.6701C12.9473 11.3531 12.6878 11.0961 12.3676 11.0961H6.76329ZM6.18354 8.60985C6.18354 8.29287 6.4431 8.03591 6.76329 8.03591H12.3676C12.6878 8.03591 12.9473 8.29287 12.9473 8.60985C12.9473 8.92684 12.6878 9.1838 12.3676 9.1838H6.76329C6.4431 9.1838 6.18354 8.92684 6.18354 8.60985ZM3.67118 5.5483C3.67118 5.23132 3.93075 4.97436 4.25093 4.97436H4.63743C4.95762 4.97436 5.21719 5.23132 5.21719 5.5483C5.21719 5.86528 4.95762 6.12224 4.63743 6.12224H4.25093C3.93075 6.12224 3.67118 5.86528 3.67118 5.5483ZM4.25093 11.0961C3.93075 11.0961 3.67118 11.3531 3.67118 11.6701C3.67118 11.987 3.93075 12.244 4.25093 12.244H4.63743C4.95762 12.244 5.21719 11.987 5.21719 11.6701C5.21719 11.3531 4.95762 11.0961 4.63743 11.0961H4.25093ZM3.67118 8.60985C3.67118 8.29287 3.93075 8.03591 4.25093 8.03591H4.63743C4.95762 8.03591 5.21719 8.29287 5.21719 8.60985C5.21719 8.92684 4.95762 9.1838 4.63743 9.1838H4.25093C3.93075 9.1838 3.67118 8.92684 3.67118 8.60985ZM4.25093 14.157C3.93075 14.157 3.67118 14.414 3.67118 14.731C3.67118 15.0479 3.93075 15.3049 4.25093 15.3049H4.63743C4.95762 15.3049 5.21719 15.0479 5.21719 14.731C5.21719 14.414 4.95762 14.157 4.63743 14.157H4.25093Z" fill="#EB0203"></path>
            <path fill-rule="evenodd" clip-rule="evenodd" d="M14.6252 13.6363C13.4918 12.6215 11.7817 12.5264 10.6569 13.4792C9.12421 14.7764 9.34841 16.8912 10.4409 18.0122L14.0159 21.6742C14.2197 21.8832 14.4928 22 14.7822 22C15.0737 22 15.3448 21.8852 15.5486 21.6762L19.1236 18.0142C20.214 16.8933 20.4423 14.7785 18.9075 13.4792C17.7827 12.5283 16.0724 12.6217 14.9391 13.6365C14.8855 13.6845 14.8331 13.7345 14.7822 13.7866C14.7313 13.7345 14.6789 13.6843 14.6252 13.6363ZM18.1546 14.3522C19.0973 15.1508 18.9962 16.4896 18.2891 17.2173C18.2888 17.2175 18.2886 17.2177 18.2884 17.218L14.7832 20.8084L11.2753 17.2151C11.2752 17.215 11.2751 17.2149 11.2749 17.2148C10.5677 16.4887 10.4678 15.1495 11.4104 14.3518L11.4108 14.3514C12.0745 13.7892 13.2018 13.82 13.9488 14.5846L14.7822 15.4378L15.6157 14.5846C16.3617 13.8211 17.4896 13.79 18.1545 14.3521" fill="#EB0203"></path>
            </svg>
            <svg class="inactive-content" width="100%" height="100%" viewBox="0 0 20 23" fill="none" xmlns="http://www.w3.org/2000/svg">
            <path fill-rule="evenodd" clip-rule="evenodd" d="M6.18408 5.77914C6.18408 5.46223 6.44363 5.20532 6.7638 5.20532H12.3678C12.6879 5.20532 12.9475 5.46223 12.9475 5.77914C12.9475 6.09606 12.6879 6.35297 12.3678 6.35297H6.7638C6.44363 6.35297 6.18408 6.09606 6.18408 5.77914Z" fill="#EB0203"></path>
            <path fill-rule="evenodd" clip-rule="evenodd" d="M6.18408 11.9034C6.18408 11.5865 6.44363 11.3296 6.7638 11.3296H12.3678C12.6879 11.3296 12.9475 11.5865 12.9475 11.9034C12.9475 12.2202 12.6879 12.4771 12.3678 12.4771H6.7638C6.44363 12.4771 6.18408 12.2202 6.18408 11.9034Z" fill="#EB0203"></path>
            <path fill-rule="evenodd" clip-rule="evenodd" d="M6.18408 8.84116C6.18408 8.52424 6.44363 8.26733 6.7638 8.26733H12.3678C12.6879 8.26733 12.9475 8.52424 12.9475 8.84116C12.9475 9.15807 12.6879 9.41498 12.3678 9.41498H6.7638C6.44363 9.41498 6.18408 9.15807 6.18408 8.84116Z" fill="#EB0203"></path>
            <path fill-rule="evenodd" clip-rule="evenodd" d="M6.18408 14.9655C6.18408 14.6486 6.44363 14.3917 6.7638 14.3917H10.1455C10.4657 14.3917 10.7252 14.6486 10.7252 14.9655C10.7252 15.2825 10.4657 15.5394 10.1455 15.5394H6.7638C6.44363 15.5394 6.18408 15.2825 6.18408 14.9655Z" fill="#EB0203"></path>
            <path fill-rule="evenodd" clip-rule="evenodd" d="M3.67139 5.77914C3.67139 5.46223 3.93094 5.20532 4.25111 5.20532H4.63759C4.95776 5.20532 5.21731 5.46223 5.21731 5.77914C5.21731 6.09606 4.95776 6.35297 4.63759 6.35297H4.25111C3.93094 6.35297 3.67139 6.09606 3.67139 5.77914Z" fill="#EB0203"></path>
            <path fill-rule="evenodd" clip-rule="evenodd" d="M3.67139 11.9034C3.67139 11.5865 3.93094 11.3296 4.25111 11.3296H4.63759C4.95776 11.3296 5.21731 11.5865 5.21731 11.9034C5.21731 12.2202 4.95776 12.4771 4.63759 12.4771H4.25111C3.93094 12.4771 3.67139 12.2202 3.67139 11.9034Z" fill="#EB0203"></path>
            <path fill-rule="evenodd" clip-rule="evenodd" d="M3.67139 8.84116C3.67139 8.52424 3.93094 8.26733 4.25111 8.26733H4.63759C4.95776 8.26733 5.21731 8.52424 5.21731 8.84116C5.21731 9.15807 4.95776 9.41498 4.63759 9.41498H4.25111C3.93094 9.41498 3.67139 9.15807 3.67139 8.84116Z" fill="#EB0203"></path>
            <path fill-rule="evenodd" clip-rule="evenodd" d="M3.67139 14.9655C3.67139 14.6486 3.93094 14.3917 4.25111 14.3917H4.63759C4.95776 14.3917 5.21731 14.6486 5.21731 14.9655C5.21731 15.2825 4.95776 15.5394 4.63759 15.5394H4.25111C3.93094 15.5394 3.67139 15.2825 3.67139 14.9655Z" fill="#EB0203"></path>
            <path fill-rule="evenodd" clip-rule="evenodd" d="M0 1.76033C0 0.914738 0.692131 0.229248 1.54592 0.229248H15.0727C15.9265 0.229248 16.6186 0.914738 16.6186 1.76033V11.2818C16.6186 11.5989 16.3591 11.8559 16.0389 11.8559C15.7187 11.8559 15.4592 11.5989 15.4592 11.2818V1.76033C15.4592 1.54893 15.2862 1.37756 15.0727 1.37756H1.54592C1.33247 1.37756 1.15944 1.54893 1.15944 1.76033V18.985C1.15944 19.1964 1.33247 19.3678 1.54592 19.3678H9.27551C9.59568 19.3678 9.85523 19.6249 9.85523 19.942C9.85523 20.2591 9.59568 20.5161 9.27551 20.5161H1.54592C0.692131 20.5161 0 19.8306 0 18.985V1.76033Z" fill="#EB0203"></path>
            <path fill-rule="evenodd" clip-rule="evenodd" d="M14.6254 13.8718C13.4921 12.8567 11.7821 12.7615 10.6574 13.7147C9.12472 15.0124 9.34891 17.128 10.4413 18.2493L14.0161 21.9126C14.2199 22.1217 14.493 22.2386 14.7824 22.2386C15.0739 22.2386 15.3449 22.1238 15.5487 21.9147L19.1235 18.2514C20.2139 17.13 20.4422 15.0144 18.9075 13.7147C17.7827 12.7634 16.0726 12.8569 14.9392 13.872C14.8856 13.92 14.8333 13.9701 14.7824 14.0222C14.7314 13.97 14.6791 13.9199 14.6254 13.8718ZM18.1546 14.588C19.0972 15.3869 18.9961 16.7262 18.2891 17.4541C18.2888 17.4543 18.2886 17.4546 18.2884 17.4548L14.7834 21.0466L11.2757 17.452C11.2756 17.4519 11.2755 17.4517 11.2753 17.4516C10.5681 16.7252 10.4682 15.3856 11.4108 14.5876L11.4112 14.5872C12.0748 14.0248 13.202 14.0556 13.949 14.8205L14.7824 15.674L15.6158 14.8205C16.3618 14.0567 17.4896 14.0256 18.1545 14.5879" fill="#EB0203"></path>
            </svg>
            </button>
            </div>
            </div>
            <p class="ct-tile--brand">Bimbo</p>
            <p class="ct-tile--quantity">emb. 4 un</p>
            </div>
            <div class="ct-tile-bottom row no-gutters justify-content-between">
            <div class="ct-price-wrap col-8 col-sm-12">
            <div class="price js-product-price">
            <div class="prices-wrapper">
            <span class="sales ct-tile--price-primary ">
            <span class="value" content="2.39">
            <span class="ct-price-formatted">
            €2,39
            </span>
            <span class="ct-m-unit">
            /un
            </span>
            </span>
            </span>
            </div>
            <div class="ct-tile--price-secondary">
            <span class="ct-price-value">
            €7,97
            </span>
            <span class="ct-m-unit">
            /kg
            </span>
            </div>
            </div>
            </div>
             <div class="ct-tile-buy-section d-flex justify-content-center no-gutters col-auto col-sm-12">
            <div class="col-2 d-sm-flex d-none">
            <button class="wishlist-toggler guest-mode inactive button button--tertiary" data-pid="7479990" data-add-url="https://www.continente.pt/on/demandware.store/Sites-continente-Site/default/Wishlist-AddProduct?pid=7479990" data-toggle="tooltip" aria-label="Adicionar aos favoritos " data-original-title="Adicionar aos favoritos" data-placement="top">
            <svg class="active-content" width="100%" height="100%" viewBox="0 0 20 22" fill="none" xmlns="http://www.w3.org/2000/svg">
            <path fill-rule="evenodd" clip-rule="evenodd" d="M0 1.53052C0 0.685236 0.692171 0 1.54601 0H15.0736C15.9274 0 16.6196 0.685235 16.6196 1.53052V13.4064L15.8127 13.922L14.2658 14.2658L12.7189 13.4064L10.6054 14.3818C10.4994 14.2451 10.3327 14.157 10.1452 14.157H6.76329C6.4431 14.157 6.18354 14.414 6.18354 14.731C6.18354 15.0479 6.4431 15.3049 6.76329 15.3049H10.1452C10.2478 15.3049 10.3441 15.2785 10.4277 15.2322L10.3126 16.8439L13.2345 20.2793H1.54601C0.69217 20.2793 0 19.5941 0 18.7488V1.53052ZM6.18354 5.5483C6.18354 5.23132 6.4431 4.97436 6.76329 4.97436H12.3676C12.6878 4.97436 12.9473 5.23132 12.9473 5.5483C12.9473 5.86528 12.6878 6.12224 12.3676 6.12224H6.76329C6.4431 6.12224 6.18354 5.86528 6.18354 5.5483ZM6.76329 11.0961C6.4431 11.0961 6.18354 11.3531 6.18354 11.6701C6.18354 11.987 6.4431 12.244 6.76329 12.244H12.3676C12.6878 12.244 12.9473 11.987 12.9473 11.6701C12.9473 11.3531 12.6878 11.0961 12.3676 11.0961H6.76329ZM6.18354 8.60985C6.18354 8.29287 6.4431 8.03591 6.76329 8.03591H12.3676C12.6878 8.03591 12.9473 8.29287 12.9473 8.60985C12.9473 8.92684 12.6878 9.1838 12.3676 9.1838H6.76329C6.4431 9.1838 6.18354 8.92684 6.18354 8.60985ZM3.67118 5.5483C3.67118 5.23132 3.93075 4.97436 4.25093 4.97436H4.63743C4.95762 4.97436 5.21719 5.23132 5.21719 5.5483C5.21719 5.86528 4.95762 6.12224 4.63743 6.12224H4.25093C3.93075 6.12224 3.67118 5.86528 3.67118 5.5483ZM4.25093 11.0961C3.93075 11.0961 3.67118 11.3531 3.67118 11.6701C3.67118 11.987 3.93075 12.244 4.25093 12.244H4.63743C4.95762 12.244 5.21719 11.987 5.21719 11.6701C5.21719 11.3531 4.95762 11.0961 4.63743 11.0961H4.25093ZM3.67118 8.60985C3.67118 8.29287 3.93075 8.03591 4.25093 8.03591H4.63743C4.95762 8.03591 5.21719 8.29287 5.21719 8.60985C5.21719 8.92684 4.95762 9.1838 4.63743 9.1838H4.25093C3.93075 9.1838 3.67118 8.92684 3.67118 8.60985ZM4.25093 14.157C3.93075 14.157 3.67118 14.414 3.67118 14.731C3.67118 15.0479 3.93075 15.3049 4.25093 15.3049H4.63743C4.95762 15.3049 5.21719 15.0479 5.21719 14.731C5.21719 14.414 4.95762 14.157 4.63743 14.157H4.25093Z" fill="#EB0203"></path>
            <path fill-rule="evenodd" clip-rule="evenodd" d="M14.6252 13.6363C13.4918 12.6215 11.7817 12.5264 10.6569 13.4792C9.12421 14.7764 9.34841 16.8912 10.4409 18.0122L14.0159 21.6742C14.2197 21.8832 14.4928 22 14.7822 22C15.0737 22 15.3448 21.8852 15.5486 21.6762L19.1236 18.0142C20.214 16.8933 20.4423 14.7785 18.9075 13.4792C17.7827 12.5283 16.0724 12.6217 14.9391 13.6365C14.8855 13.6845 14.8331 13.7345 14.7822 13.7866C14.7313 13.7345 14.6789 13.6843 14.6252 13.6363ZM18.1546 14.3522C19.0973 15.1508 18.9962 16.4896 18.2891 17.2173C18.2888 17.2175 18.2886 17.2177 18.2884 17.218L14.7832 20.8084L11.2753 17.2151C11.2752 17.215 11.2751 17.2149 11.2749 17.2148C10.5677 16.4887 10.4678 15.1495 11.4104 14.3518L11.4108 14.3514C12.0745 13.7892 13.2018 13.82 13.9488 14.5846L14.7822 15.4378L15.6157 14.5846C16.3617 13.8211 17.4896 13.79 18.1545 14.3521" fill="#EB0203"></path>
            </svg>
            <svg class="inactive-content" width="100%" height="100%" viewBox="0 0 20 23" fill="none" xmlns="http://www.w3.org/2000/svg">
            <path fill-rule="evenodd" clip-rule="evenodd" d="M6.18408 5.77914C6.18408 5.46223 6.44363 5.20532 6.7638 5.20532H12.3678C12.6879 5.20532 12.9475 5.46223 12.9475 5.77914C12.9475 6.09606 12.6879 6.35297 12.3678 6.35297H6.7638C6.44363 6.35297 6.18408 6.09606 6.18408 5.77914Z" fill="#EB0203"></path>
            <path fill-rule="evenodd" clip-rule="evenodd" d="M6.18408 11.9034C6.18408 11.5865 6.44363 11.3296 6.7638 11.3296H12.3678C12.6879 11.3296 12.9475 11.5865 12.9475 11.9034C12.9475 12.2202 12.6879 12.4771 12.3678 12.4771H6.7638C6.44363 12.4771 6.18408 12.2202 6.18408 11.9034Z" fill="#EB0203"></path>
            <path fill-rule="evenodd" clip-rule="evenodd" d="M6.18408 8.84116C6.18408 8.52424 6.44363 8.26733 6.7638 8.26733H12.3678C12.6879 8.26733 12.9475 8.52424 12.9475 8.84116C12.9475 9.15807 12.6879 9.41498 12.3678 9.41498H6.7638C6.44363 9.41498 6.18408 9.15807 6.18408 8.84116Z" fill="#EB0203"></path>
            <path fill-rule="evenodd" clip-rule="evenodd" d="M6.18408 14.9655C6.18408 14.6486 6.44363 14.3917 6.7638 14.3917H10.1455C10.4657 14.3917 10.7252 14.6486 10.7252 14.9655C10.7252 15.2825 10.4657 15.5394 10.1455 15.5394H6.7638C6.44363 15.5394 6.18408 15.2825 6.18408 14.9655Z" fill="#EB0203"></path>
            <path fill-rule="evenodd" clip-rule="evenodd" d="M3.67139 5.77914C3.67139 5.46223 3.93094 5.20532 4.25111 5.20532H4.63759C4.95776 5.20532 5.21731 5.46223 5.21731 5.77914C5.21731 6.09606 4.95776 6.35297 4.63759 6.35297H4.25111C3.93094 6.35297 3.67139 6.09606 3.67139 5.77914Z" fill="#EB0203"></path>
            <path fill-rule="evenodd" clip-rule="evenodd" d="M3.67139 11.9034C3.67139 11.5865 3.93094 11.3296 4.25111 11.3296H4.63759C4.95776 11.3296 5.21731 11.5865 5.21731 11.9034C5.21731 12.2202 4.95776 12.4771 4.63759 12.4771H4.25111C3.93094 12.4771 3.67139 12.2202 3.67139 11.9034Z" fill="#EB0203"></path>
            <path fill-rule="evenodd" clip-rule="evenodd" d="M3.67139 8.84116C3.67139 8.52424 3.93094 8.26733 4.25111 8.26733H4.63759C4.95776 8.26733 5.21731 8.52424 5.21731 8.84116C5.21731 9.15807 4.95776 9.41498 4.63759 9.41498H4.25111C3.93094 9.41498 3.67139 9.15807 3.67139 8.84116Z" fill="#EB0203"></path>
            <path fill-rule="evenodd" clip-rule="evenodd" d="M3.67139 14.9655C3.67139 14.6486 3.93094 14.3917 4.25111 14.3917H4.63759C4.95776 14.3917 5.21731 14.6486 5.21731 14.9655C5.21731 15.2825 4.95776 15.5394 4.63759 15.5394H4.25111C3.93094 15.5394 3.67139 15.2825 3.67139 14.9655Z" fill="#EB0203"></path>
            <path fill-rule="evenodd" clip-rule="evenodd" d="M0 1.76033C0 0.914738 0.692131 0.229248 1.54592 0.229248H15.0727C15.9265 0.229248 16.6186 0.914738 16.6186 1.76033V11.2818C16.6186 11.5989 16.3591 11.8559 16.0389 11.8559C15.7187 11.8559 15.4592 11.5989 15.4592 11.2818V1.76033C15.4592 1.54893 15.2862 1.37756 15.0727 1.37756H1.54592C1.33247 1.37756 1.15944 1.54893 1.15944 1.76033V18.985C1.15944 19.1964 1.33247 19.3678 1.54592 19.3678H9.27551C9.59568 19.3678 9.85523 19.6249 9.85523 19.942C9.85523 20.2591 9.59568 20.5161 9.27551 20.5161H1.54592C0.692131 20.5161 0 19.8306 0 18.985V1.76033Z" fill="#EB0203"></path>
            <path fill-rule="evenodd" clip-rule="evenodd" d="M14.6254 13.8718C13.4921 12.8567 11.7821 12.7615 10.6574 13.7147C9.12472 15.0124 9.34891 17.128 10.4413 18.2493L14.0161 21.9126C14.2199 22.1217 14.493 22.2386 14.7824 22.2386C15.0739 22.2386 15.3449 22.1238 15.5487 21.9147L19.1235 18.2514C20.2139 17.13 20.4422 15.0144 18.9075 13.7147C17.7827 12.7634 16.0726 12.8569 14.9392 13.872C14.8856 13.92 14.8333 13.9701 14.7824 14.0222C14.7314 13.97 14.6791 13.9199 14.6254 13.8718ZM18.1546 14.588C19.0972 15.3869 18.9961 16.7262 18.2891 17.4541C18.2888 17.4543 18.2886 17.4546 18.2884 17.4548L14.7834 21.0466L11.2757 17.452C11.2756 17.4519 11.2755 17.4517 11.2753 17.4516C10.5681 16.7252 10.4682 15.3856 11.4108 14.5876L11.4112 14.5872C12.0748 14.0248 13.202 14.0556 13.949 14.8205L14.7824 15.674L15.6158 14.8205C16.3618 14.0567 17.4896 14.0256 18.1545 14.5879" fill="#EB0203"></path>
            </svg>
            </button>
            </div>
            <div class="col-sm-10 col-12">
            <div class="ct-tile-quantity d-none" data-pid="7479990">
            <input type="hidden" class="add-to-cart-url" value="https://www.continente.pt/on/demandware.store/Sites-continente-Site/default/Cart-AddProduct">
            <div class="d-none tile-delete-confirmation-btn" data-pid="7479990" data-delay-time="3000" data-in-cart-msg="no carrinho" data-one-product-added="Adicionado ao carrinho" data-remove-from-cart-msg="Removido do carrinho" data-stay-open="6000.0" data-confirmation-image="{&quot;url&quot;:&quot;https://www.continente.pt/dw/image/v2/BDVS_PRD/on/demandware.static/-/Sites-col-master-catalog/default/dwcc287d7c/images/col/747/7479990-frente.jpg?sw=87&amp;sh=80&quot;,&quot;fallbackimage&quot;:{&quot;url&quot;:&quot;https://www.continente.pt/dw/image/v2/BDVS_PRD/on/demandware.static/Sites-continente-Site/-/default/dw7c42b4da/images/noimagelarge_product.png?sw=87&amp;sh=80&quot;,&quot;title&quot;:&quot;Bagels Com Sementes&quot;,&quot;alt&quot;:&quot;Bagels Com Sementes&quot;},&quot;title&quot;:&quot;Bagels Com Sementes&quot;,&quot;alt&quot;:&quot;Bagels Com Sementes&quot;}"></div>
            <div class="ct-tile-quantity-update quantity-update product-qty-vue" data-remove-action="https://www.continente.pt/on/demandware.store/Sites-continente-Site/default/Cart-RemoveProductLineItem" data-action="https://www.continente.pt/on/demandware.store/Sites-continente-Site/default/Cart-UpdateQuantity" data-dimension-update="https://www.continente.pt/on/demandware.store/Sites-continente-Site/default/Cart-DimensionUpdate" data-pid="7479990" data-uuid="d82f35a152bd03302e6793d456" data-add-delay="500.0" data-measure-options="{&quot;hasConversionRate&quot;:false,&quot;hasAlternativeSaleUnit&quot;:false,&quot;unitConversionRate&quot;:0,&quot;minOrderQuantity&quot;:1,&quot;stepQuantity&quot;:1,&quot;primaryunit&quot;:&quot;un&quot;,&quot;secondaryunit&quot;:&quot;kg&quot;,&quot;selectedunit&quot;:&quot;primary&quot;,&quot;maxNumberOfUnitsPerSale&quot;:50}" data-price-available="null" :data-has-error="isMaxQtyReached || isMinQtyReached || qtySelectedMoreThanOne">
            <template v-show="prodUnits">
            <div class="quantity-input-wrapper has-units">
            <label class="visually-hidden" :for="'quantity-' + pid + additionalTag">
            Quantidade no carrinho
            </label>
            <input :ref="'quantityInput-' + pid + additionalTag" class="add-to-cart-quantity form-control ct-form-input text-center" inputmode="numeric" :class="{'is-invalid': isInvalid}" :data-pid="pid + additionalTag" :name="'quantity-' + pid + additionalTag" type="text" aria-label="Insira a quantidade" title="" v-model="displayValue" @change="updateQuantity" @focus="updateQtyFormat" @blur="restoreQtyFormat" :disabled="!isPriceAvailable">
            <span class="quantity-icon quantity-icon--minus">
            <button class="decrease-quantity-btn" @click="updateQuantity" :disabled="!isPriceAvailable" role="button" aria-label="Reduzir quantidade">
            <i class="css-math-minus"></i>
            </button>
            </span>
            <span class="quantity-icon quantity-icon--plus">
            <button class="increase-quantity-btn" @click="updateQuantity" :disabled="isMaxQtyReached || !isPriceAvailable" role="button" aria-label="Aumentar quantidade">
            <i class="css-math-plus"></i>
            </button>
            <span class="quantity-btn-disabled-placeholder"></span>
            </span>
            <template v-if="isPDP">
            <span class="quantity-error ct-span-error text-sm-center product-max-allocation" v-if="isMaxQtyReached">
            Quantidade máxima atingida
            </span>
            <span class="quantity-error ct-span-product text-sm-center product-allocation" v-if="!isMinQtyReached &amp;&amp; !isMaxQtyReached">
            {{quantitySelected}} no carrinho
            </span>
            <span class="quantity-error ct-span-error text-sm-center product-min-allocation" :data-pid="pid" v-if="isMinQtyReached &amp;&amp; !isMaxQtyReached">
            Quantidade mínima atingida
            </span>
            </template>
            </div>
            <template v-if="showNotes">
            <div class="add-note-link-container ">
            <div class="add-note">
            <a href="/produto/bagels-com-sementes-bimbo-7479990.html?showNote=true" class="ct-add-note-redirect-pdp" aria-label="Adicionar comentário">
            <span class="svg-wrapper svg-icon-notes" style="width:19px; height:20px">
            <svg class="svg-inline icon-notes" viewBox="0 0 28 30" xmlns="http://www.w3.org/2000/svg" width="100%" height="100%"><path d="M21.738 0C22.985 0 24 1.04 24 2.319V12.47c0 .469-.37.848-.828.848-.457 0-.827-.38-.827-.848V2.32c0-.343-.273-.622-.607-.622H2.262c-.334 0-.607.279-.607.622V27.68c0 .343.273.622.607.622h7.81c.457 0 .827.38.827.849 0 .468-.37.848-.827.848h-7.81C1.015 30 0 28.96 0 27.681V2.32C0 1.04 1.015 0 2.262 0h19.476zm2.844 16.004l.227.007c.823.053 1.589.39 2.176.964.64.627.993 1.46.993 2.349 0 .888-.353 1.722-.993 2.348l-6.83 6.665c-.11.108-.247.186-.397.226l-5.032 1.363c-.078.021-.16.032-.241.032-.242 0-.478-.097-.647-.266-.23-.231-.314-.566-.218-.874l1.49-4.798c.044-.139.122-.266.227-.369l6.844-6.677c.64-.625 1.493-.97 2.401-.97zm-2.886 3.94l-4.922 4.802-.947 3.048 3.22-.872 4.897-4.78-2.248-2.197zm2.887-2.174c-.425 0-.824.162-1.124.455l-.484.472 2.248 2.197.484-.472c.62-.606.62-1.591 0-2.197l-.117-.104c-.283-.227-.636-.35-1.007-.35zm-10.839.022c.498 0 .904.396.904.883 0 .488-.406.884-.904.884H5.946c-.499 0-.904-.396-.904-.884 0-.487.405-.883.904-.883zm5.042-4.876c.498 0 .904.397.904.884s-.406.884-.904.884H5.946c-.499 0-.904-.397-.904-.884s.405-.884.904-.884zm0-4.875c.498 0 .904.396.904.884 0 .487-.406.883-.904.883H5.946c-.499 0-.904-.396-.904-.883 0-.488.405-.884.904-.884z" fill="#EB0203" fill-rule="evenodd"></path></svg>
            </span>
            <div class="available-note d-none"></div>
            </a>
            </div>
            </div>
            </template>
            <div class="measurement-unit-section" v-if="isPriceAvailable &amp;&amp; prodUnits ? prodUnits.hasAlternativeUnit : false">
            <div class="ct-form-radio" @click="setDimension">
            <input type="radio" title="" class="ct-form-check-input product-measurement-unit" :data-type="prodUnits.selectedUnit == prodUnits.secondaryUnit ? 'primary' : ''" :id="prodUnits.secondaryUnit + '-' + pid + '-measurement-unit-ptile' + additionalTag" :name="'measurement-unit-' + pid + '-ptile' + additionalTag" :value="prodUnits.secondaryUnit" v-model="prodUnits.selectedUnit">
            <label :class="prodUnits.secondaryUnit + '-label ct-form-check-label mb-0'" :for="prodUnits.secondaryUnit + '-' + pid + '-measurement-unit-ptile' + additionalTag">
            {{prodUnits.secondaryUnit}}
            </label>
            <span class="checkmark"></span>
            </div>
            <div class="ct-form-radio" @click="setDimension">
            <input type="radio" title="" class="ct-form-check-input product-measurement-unit" :data-type="prodUnits.selectedUnit == prodUnits.primaryUnit ? 'primary' : ''" :id="prodUnits.primaryUnit + '-' + pid + '-measurement-unit-ptile' + additionalTag" :name="'measurement-unit-' + pid + '-ptile' + additionalTag" :value="prodUnits.primaryUnit" v-model="prodUnits.selectedUnit">
            <label :class="prodUnits.primaryUnit + '-label ct-form-check-label mb-0'" :for="prodUnits.primaryUnit + '-' + pid + '-measurement-unit-ptile' + additionalTag">
            {{prodUnits.primaryUnit}}
            </label>
            <span class="checkmark"></span>
            </div>
            </div>
            <template v-if="!isPDP &amp;&amp; isPriceAvailable">
            <span class="quantity-error ct-span-error product-max-allocation" v-if="isMaxQtyReached">
            Quantidade máxima atingida
            </span>
            <span class="quantity-error ct-span-product product-allocation" v-if="!isMinQtyReached &amp;&amp; !isMaxQtyReached">
            {{quantitySelected}} no carrinho
            </span>
            <span class="quantity-error ct-span-error product-min-allocation" :data-pid="pid" v-if="isMinQtyReached &amp;&amp; !isMaxQtyReached">
            Quantidade mínima atingida
            </span>
            </template>
            </template>
            </div>
            <input class="quantity-value-mask d-none" name="quantity" type="number" min="0" value="">
            </div>
            <button type="button" class="add-to-cart button js-add-to-cart js-add-to-cart-tile 7479990 button--primary dynamic-layout-btn" data-toggle="modal" data-target="#chooseBonusProductModal" data-pid="7479990" data-quantity-value="null" aria-label="Carrinho">
            <span class="d-block d-sm-none">
            <span class="svg-wrapper svg-icon-cart" style="width:20px; height:20px">
            <svg class="svg-inline icon-cart" xmlns="http://www.w3.org/2000/svg" viewBox="0 0 500 500" width="100%" height="100%"><path fill="#EB0203" fill-rule="evenodd" d="M 485.67317,94.386311 C 476.37798,83.847129 463.09468,78.03348 448.30404,78.03348 H 90.690813 L 87.079511,51.327997 C 83.185582,22.539551 62.962285,0 41.011841,0 H 14.727836 C 6.563151,0 0,6.5286975 0,14.580758 c 0,8.05206 6.5945535,14.580758 14.727836,14.580758 h 26.284005 c 4.710398,0 14.696435,9.855222 16.894619,26.021523 L 100.01739,368.0631 c 1.88416,13.77244 9.01256,26.70549 20.1605,36.37417 8.25889,7.15046 18.02511,11.9071 28.26237,13.89679 -4.17655,7.58572 -6.53175,16.25957 -6.53175,25.493 0,29.53459 24.27424,53.59751 54.13815,53.59751 29.8325,0 54.13814,-24.03184 54.13814,-53.59751 0,-8.79818 -2.19818,-17.09897 -5.9979,-24.43598 h 77.12488 c -3.79973,7.33701 -5.96652,15.6378 -5.96652,24.43598 0,29.53459 24.27424,53.59751 54.13817,53.59751 29.83249,0 54.13814,-24.03184 54.13814,-53.59751 0,-8.79818 -2.1982,-17.09897 -5.9979,-24.43598 h 38.56243 c 8.13328,0 14.72783,-6.5287 14.72783,-14.61183 0,-8.02098 -6.59455,-14.54967 -14.72783,-14.54967 H 159.24277 c -14.38241,0 -28.13677,-11.90711 -30.02092,-26.02153 l -3.07746,-22.88154 h 290.6314 c 14.03698,0 27.94834,-5.28513 39.06488,-14.95381 11.11652,-9.6376 18.27632,-22.57065 20.16048,-36.37417 l 21.10259,-156.78201 c 1.94694,-14.51858 -2.10398,-28.29103 -11.43057,-38.861299 z M 220.76053,443.82706 c 0,13.49265 -11.08513,24.46709 -24.68247,24.46709 -13.62874,0 -24.71387,-10.97444 -24.71387,-24.46709 0,-13.49262 11.08513,-24.43598 24.71387,-24.43598 13.59734,0 24.68247,10.94336 24.68247,24.43598 z m 173.43675,0 c 0,13.49265 -11.08512,24.46709 -24.68245,24.46709 -13.62876,0 -24.71388,-10.97444 -24.71388,-24.46709 0,-13.49262 11.08512,-24.43598 24.71388,-24.43598 13.59733,0 24.68245,10.94336 24.68245,24.43598 z m 73.7648,-314.46558 -21.13397,156.782 c -1.88416,14.11442 -15.63851,26.05261 -30.02091,26.05261 H 122.25046 L 94.616142,107.19499 H 448.33544 c 6.18632,0 11.61896,2.2695 15.23028,6.37326 3.64269,4.13484 5.21283,9.73086 4.39636,15.79323 z"></path></svg>
            </span>
            </span>
            <span class="add-to-cart--text d-none d-sm-block">Carrinho</span>
            </button>
            </div>
            </div>
            </div>
            </div>
            
            <div class="col-12 d-sm-none">
            </div>
            </div>
            </div>
            </div>
            </div>
            <div class="col-12 col-sm-3 col-lg-2 productTile" data-idx="28">
            
            <script type="text/javascript">//<!--
            /* <![CDATA[ */
            (function(){
            try {
                if(window.CQuotient) {
                var cq_params = {};
                
                cq_params.cookieId = window.CQuotient.getCQCookieId();
                cq_params.userId = window.CQuotient.getCQUserId();
                cq_params.emailId = CQuotient.getCQHashedEmail();
                cq_params.loginId = CQuotient.getCQHashedLogin();
                cq_params.accumulate = true;
                cq_params.products = [{
                    id: '5208104',
                    sku: ''
                }];
                cq_params.categoryId = 'padaria-e-pastelaria-padaria-forma';
                cq_params.refinements = '[{\"name\":\"priceMin\",\"value\":\"0.01\"},{\"name\":\"priceMax\",\"value\":\"null\"},{\"name\":\"curr\",\"value\":\"EUR\"},{\"name\":\"Category\",\"value\":\"padaria-e-pastelaria-padaria-forma\"}]';
                cq_params.personalized = 'false';
                cq_params.sortingRule = 'categories top-sellers';
                cq_params.imageUUID = '__UNDEFINED__';
                cq_params.realm = "BDVS";
                cq_params.siteId = "continente";
                cq_params.instanceType = "prd";
                cq_params.queryLocale = "default";
                cq_params.locale = window.CQuotient.locale;
                
                if(window.CQuotient.sendActivity)
                    window.CQuotient.sendActivity(CQuotient.clientId, 'viewCategory', cq_params);
                else
                    window.CQuotient.activities.push({
                        activityType: 'viewCategory',
                        parameters: cq_params
                    });
              }
            } catch(err) {}
            })();
            /* ]]> */
            // -->
            </script>
            <script type="text/javascript">//<!--
            /* <![CDATA[ (viewCategoryProduct-active_data.js) */
            (function(){
            try {
                if (dw.ac) {
                    var search_params = {};
                    search_params.persd = 'false';
                    search_params.refs = '[{\"name\":\"priceMin\",\"value\":\"0.01\"},{\"name\":\"priceMax\",\"value\":\"null\"},{\"name\":\"curr\",\"value\":\"EUR\"},{\"name\":\"Category\",\"value\":\"padaria-e-pastelaria-padaria-forma\"}]';
                    search_params.sort = 'categories top-sellers';
                    search_params.imageUUID = '';
                    search_params.searchID = '79fd584c-cee5-42dd-a07f-04e8467e04c2';
                    search_params.locale = 'default';
                    search_params.queryLocale = 'default';
                    search_params.showProducts = 'true';
                    dw.ac.applyContext({category: "padaria-e-pastelaria-padaria-forma", searchData: search_params});
                    if (typeof dw.ac._scheduleDataSubmission === "function") {
                        dw.ac._scheduleDataSubmission();
                    }
                }
            } catch(err) {}
            })();
            /* ]]> */
            // -->
            </script>
            <script type="text/javascript">//<!--
            /* <![CDATA[ (viewProduct-active_data.js) */
            dw.ac._capture({id: "5208104", type: "searchhit"});
            /* ]]> */
            // -->
            </script>
            <div class="product" data-pid="5208104">
            <div class="product-tile pid-5208104 ct-product-tile data-layer-pushed" data-delay-time="3000" data-variants-mapping="[]" data-in-cart-msg="no carrinho" data-one-product-added="Adicionado ao carrinho" data-remove-from-cart-msg="Removido do carrinho" data-stay-open="6000.0" data-product-tile-impression="{&quot;name&quot;:&quot;5208104&quot;,&quot;id&quot;:&quot;5208104&quot;,&quot;price&quot;:1.99,&quot;brand&quot;:&quot;Oroweat&quot;,&quot;category&quot;:[{&quot;category_level_1&quot;:&quot;Padaria e Pastelaria&quot;},{&quot;category_level_2&quot;:&quot;Padaria&quot;},{&quot;category_level_3&quot;:&quot;Pão de Forma e Embalado&quot;}],&quot;variant&quot;:&quot;&quot;}">
            <div class="ct-inner-tile-wrap row no-gutters justify-content-center align-content-start">
            <div class="ct-product-tile-badge ct-product-tile-badge--promotional">
            <img class="img-fluid lazyloaded" loading="lazy" data-src="https://www.continente.pt/dw/image/v2/BDVS_PRD/on/demandware.static/-/Sites-continente-Library/default/dwf5980f2e/images/badges/pvpr/col/pvpr.png?sw=60&amp;sh=42" alt="PVP Recomendado: €2,49/un" title="PVP Recomendado: €2,49/un" src="https://www.continente.pt/dw/image/v2/BDVS_PRD/on/demandware.static/-/Sites-continente-Library/default/dwf5980f2e/images/badges/pvpr/col/pvpr.png?sw=60&amp;sh=42">
            <div class="ct-product-tile-badge-value-wrapper ct-product-tile-badge-value-wrapper--pvpr  ">
            <span class="ct-product-tile-badge-value--pvpr">
            20
            </span>
            <span class="ct-product-tile-badge-value--pvpr-quantifier ">
            %
            </span>
            </div>
            </div>
            
            <div class="ct-image-container col-4 col-sm" data-confirmation-image="{&quot;url&quot;:&quot;https://www.continente.pt/dw/image/v2/BDVS_PRD/on/demandware.static/-/Sites-col-master-catalog/default/dwd64913b9/images/col/520/5208104-frente.jpg?sw=87&amp;sh=80&quot;,&quot;fallbackimage&quot;:{&quot;url&quot;:&quot;https://www.continente.pt/dw/image/v2/BDVS_PRD/on/demandware.static/Sites-continente-Site/-/default/dw7c42b4da/images/noimagelarge_product.png?sw=87&amp;sh=80&quot;,&quot;title&quot;:&quot;Pão de Sementes e Linhaça&quot;,&quot;alt&quot;:&quot;Pão de Sementes e Linhaça&quot;},&quot;title&quot;:&quot;Pão de Sementes e Linhaça&quot;,&quot;alt&quot;:&quot;Pão de Sementes e Linhaça&quot;}">
            <a href="https://www.continente.pt/produto/pao-de-sementes-e-linhaca-oroweat-5208104.html?cgid=padaria-e-pastelaria-padaria-forma">
            <picture class="intrinsic intrinsic--square">
            <img class="ct-tile-image lazyloaded" loading="lazy" onerror="this.onerror=null;this.src='/on/demandware.static/Sites-continente-Site/-/default/dw7c42b4da/images/noimagelarge_product.png';" data-src="https://www.continente.pt/dw/image/v2/BDVS_PRD/on/demandware.static/-/Sites-col-master-catalog/default/dwd64913b9/images/col/520/5208104-frente.jpg?sw=280&amp;sh=280" alt="Pão de Sementes e Linhaça" title="Pão de Sementes e Linhaça" src="https://www.continente.pt/dw/image/v2/BDVS_PRD/on/demandware.static/-/Sites-col-master-catalog/default/dwd64913b9/images/col/520/5208104-frente.jpg?sw=280&amp;sh=280">
            </picture>
            </a>
            <div class="color-swatches d-flex" style="margin-left: 5px;">
            <div class="swatches d-flex">
            </div>
            </div>
            </div>
            <div class="ct-tile-body col col-sm-auto ">
            <div class="ct-pdp-details">
            <div class="ct-pdp-link">
            <a class="ct-tile--description" href="https://www.continente.pt/produto/pao-de-sementes-e-linhaca-oroweat-5208104.html?cgid=padaria-e-pastelaria-padaria-forma">Pão de Sementes e Linhaça</a>
            <div class="ct-tile--favorite-top d-sm-none">
            <button class="wishlist-toggler guest-mode inactive button button--tertiary" data-pid="5208104" data-add-url="https://www.continente.pt/on/demandware.store/Sites-continente-Site/default/Wishlist-AddProduct?pid=5208104" data-toggle="tooltip" aria-label="Adicionar aos favoritos " data-original-title="Adicionar aos favoritos" data-placement="top">
            <svg class="active-content" width="100%" height="100%" viewBox="0 0 20 22" fill="none" xmlns="http://www.w3.org/2000/svg">
            <path fill-rule="evenodd" clip-rule="evenodd" d="M0 1.53052C0 0.685236 0.692171 0 1.54601 0H15.0736C15.9274 0 16.6196 0.685235 16.6196 1.53052V13.4064L15.8127 13.922L14.2658 14.2658L12.7189 13.4064L10.6054 14.3818C10.4994 14.2451 10.3327 14.157 10.1452 14.157H6.76329C6.4431 14.157 6.18354 14.414 6.18354 14.731C6.18354 15.0479 6.4431 15.3049 6.76329 15.3049H10.1452C10.2478 15.3049 10.3441 15.2785 10.4277 15.2322L10.3126 16.8439L13.2345 20.2793H1.54601C0.69217 20.2793 0 19.5941 0 18.7488V1.53052ZM6.18354 5.5483C6.18354 5.23132 6.4431 4.97436 6.76329 4.97436H12.3676C12.6878 4.97436 12.9473 5.23132 12.9473 5.5483C12.9473 5.86528 12.6878 6.12224 12.3676 6.12224H6.76329C6.4431 6.12224 6.18354 5.86528 6.18354 5.5483ZM6.76329 11.0961C6.4431 11.0961 6.18354 11.3531 6.18354 11.6701C6.18354 11.987 6.4431 12.244 6.76329 12.244H12.3676C12.6878 12.244 12.9473 11.987 12.9473 11.6701C12.9473 11.3531 12.6878 11.0961 12.3676 11.0961H6.76329ZM6.18354 8.60985C6.18354 8.29287 6.4431 8.03591 6.76329 8.03591H12.3676C12.6878 8.03591 12.9473 8.29287 12.9473 8.60985C12.9473 8.92684 12.6878 9.1838 12.3676 9.1838H6.76329C6.4431 9.1838 6.18354 8.92684 6.18354 8.60985ZM3.67118 5.5483C3.67118 5.23132 3.93075 4.97436 4.25093 4.97436H4.63743C4.95762 4.97436 5.21719 5.23132 5.21719 5.5483C5.21719 5.86528 4.95762 6.12224 4.63743 6.12224H4.25093C3.93075 6.12224 3.67118 5.86528 3.67118 5.5483ZM4.25093 11.0961C3.93075 11.0961 3.67118 11.3531 3.67118 11.6701C3.67118 11.987 3.93075 12.244 4.25093 12.244H4.63743C4.95762 12.244 5.21719 11.987 5.21719 11.6701C5.21719 11.3531 4.95762 11.0961 4.63743 11.0961H4.25093ZM3.67118 8.60985C3.67118 8.29287 3.93075 8.03591 4.25093 8.03591H4.63743C4.95762 8.03591 5.21719 8.29287 5.21719 8.60985C5.21719 8.92684 4.95762 9.1838 4.63743 9.1838H4.25093C3.93075 9.1838 3.67118 8.92684 3.67118 8.60985ZM4.25093 14.157C3.93075 14.157 3.67118 14.414 3.67118 14.731C3.67118 15.0479 3.93075 15.3049 4.25093 15.3049H4.63743C4.95762 15.3049 5.21719 15.0479 5.21719 14.731C5.21719 14.414 4.95762 14.157 4.63743 14.157H4.25093Z" fill="#EB0203"></path>
            <path fill-rule="evenodd" clip-rule="evenodd" d="M14.6252 13.6363C13.4918 12.6215 11.7817 12.5264 10.6569 13.4792C9.12421 14.7764 9.34841 16.8912 10.4409 18.0122L14.0159 21.6742C14.2197 21.8832 14.4928 22 14.7822 22C15.0737 22 15.3448 21.8852 15.5486 21.6762L19.1236 18.0142C20.214 16.8933 20.4423 14.7785 18.9075 13.4792C17.7827 12.5283 16.0724 12.6217 14.9391 13.6365C14.8855 13.6845 14.8331 13.7345 14.7822 13.7866C14.7313 13.7345 14.6789 13.6843 14.6252 13.6363ZM18.1546 14.3522C19.0973 15.1508 18.9962 16.4896 18.2891 17.2173C18.2888 17.2175 18.2886 17.2177 18.2884 17.218L14.7832 20.8084L11.2753 17.2151C11.2752 17.215 11.2751 17.2149 11.2749 17.2148C10.5677 16.4887 10.4678 15.1495 11.4104 14.3518L11.4108 14.3514C12.0745 13.7892 13.2018 13.82 13.9488 14.5846L14.7822 15.4378L15.6157 14.5846C16.3617 13.8211 17.4896 13.79 18.1545 14.3521" fill="#EB0203"></path>
            </svg>
            <svg class="inactive-content" width="100%" height="100%" viewBox="0 0 20 23" fill="none" xmlns="http://www.w3.org/2000/svg">
            <path fill-rule="evenodd" clip-rule="evenodd" d="M6.18408 5.77914C6.18408 5.46223 6.44363 5.20532 6.7638 5.20532H12.3678C12.6879 5.20532 12.9475 5.46223 12.9475 5.77914C12.9475 6.09606 12.6879 6.35297 12.3678 6.35297H6.7638C6.44363 6.35297 6.18408 6.09606 6.18408 5.77914Z" fill="#EB0203"></path>
            <path fill-rule="evenodd" clip-rule="evenodd" d="M6.18408 11.9034C6.18408 11.5865 6.44363 11.3296 6.7638 11.3296H12.3678C12.6879 11.3296 12.9475 11.5865 12.9475 11.9034C12.9475 12.2202 12.6879 12.4771 12.3678 12.4771H6.7638C6.44363 12.4771 6.18408 12.2202 6.18408 11.9034Z" fill="#EB0203"></path>
            <path fill-rule="evenodd" clip-rule="evenodd" d="M6.18408 8.84116C6.18408 8.52424 6.44363 8.26733 6.7638 8.26733H12.3678C12.6879 8.26733 12.9475 8.52424 12.9475 8.84116C12.9475 9.15807 12.6879 9.41498 12.3678 9.41498H6.7638C6.44363 9.41498 6.18408 9.15807 6.18408 8.84116Z" fill="#EB0203"></path>
            <path fill-rule="evenodd" clip-rule="evenodd" d="M6.18408 14.9655C6.18408 14.6486 6.44363 14.3917 6.7638 14.3917H10.1455C10.4657 14.3917 10.7252 14.6486 10.7252 14.9655C10.7252 15.2825 10.4657 15.5394 10.1455 15.5394H6.7638C6.44363 15.5394 6.18408 15.2825 6.18408 14.9655Z" fill="#EB0203"></path>
            <path fill-rule="evenodd" clip-rule="evenodd" d="M3.67139 5.77914C3.67139 5.46223 3.93094 5.20532 4.25111 5.20532H4.63759C4.95776 5.20532 5.21731 5.46223 5.21731 5.77914C5.21731 6.09606 4.95776 6.35297 4.63759 6.35297H4.25111C3.93094 6.35297 3.67139 6.09606 3.67139 5.77914Z" fill="#EB0203"></path>
            <path fill-rule="evenodd" clip-rule="evenodd" d="M3.67139 11.9034C3.67139 11.5865 3.93094 11.3296 4.25111 11.3296H4.63759C4.95776 11.3296 5.21731 11.5865 5.21731 11.9034C5.21731 12.2202 4.95776 12.4771 4.63759 12.4771H4.25111C3.93094 12.4771 3.67139 12.2202 3.67139 11.9034Z" fill="#EB0203"></path>
            <path fill-rule="evenodd" clip-rule="evenodd" d="M3.67139 8.84116C3.67139 8.52424 3.93094 8.26733 4.25111 8.26733H4.63759C4.95776 8.26733 5.21731 8.52424 5.21731 8.84116C5.21731 9.15807 4.95776 9.41498 4.63759 9.41498H4.25111C3.93094 9.41498 3.67139 9.15807 3.67139 8.84116Z" fill="#EB0203"></path>
            <path fill-rule="evenodd" clip-rule="evenodd" d="M3.67139 14.9655C3.67139 14.6486 3.93094 14.3917 4.25111 14.3917H4.63759C4.95776 14.3917 5.21731 14.6486 5.21731 14.9655C5.21731 15.2825 4.95776 15.5394 4.63759 15.5394H4.25111C3.93094 15.5394 3.67139 15.2825 3.67139 14.9655Z" fill="#EB0203"></path>
            <path fill-rule="evenodd" clip-rule="evenodd" d="M0 1.76033C0 0.914738 0.692131 0.229248 1.54592 0.229248H15.0727C15.9265 0.229248 16.6186 0.914738 16.6186 1.76033V11.2818C16.6186 11.5989 16.3591 11.8559 16.0389 11.8559C15.7187 11.8559 15.4592 11.5989 15.4592 11.2818V1.76033C15.4592 1.54893 15.2862 1.37756 15.0727 1.37756H1.54592C1.33247 1.37756 1.15944 1.54893 1.15944 1.76033V18.985C1.15944 19.1964 1.33247 19.3678 1.54592 19.3678H9.27551C9.59568 19.3678 9.85523 19.6249 9.85523 19.942C9.85523 20.2591 9.59568 20.5161 9.27551 20.5161H1.54592C0.692131 20.5161 0 19.8306 0 18.985V1.76033Z" fill="#EB0203"></path>
            <path fill-rule="evenodd" clip-rule="evenodd" d="M14.6254 13.8718C13.4921 12.8567 11.7821 12.7615 10.6574 13.7147C9.12472 15.0124 9.34891 17.128 10.4413 18.2493L14.0161 21.9126C14.2199 22.1217 14.493 22.2386 14.7824 22.2386C15.0739 22.2386 15.3449 22.1238 15.5487 21.9147L19.1235 18.2514C20.2139 17.13 20.4422 15.0144 18.9075 13.7147C17.7827 12.7634 16.0726 12.8569 14.9392 13.872C14.8856 13.92 14.8333 13.9701 14.7824 14.0222C14.7314 13.97 14.6791 13.9199 14.6254 13.8718ZM18.1546 14.588C19.0972 15.3869 18.9961 16.7262 18.2891 17.4541C18.2888 17.4543 18.2886 17.4546 18.2884 17.4548L14.7834 21.0466L11.2757 17.452C11.2756 17.4519 11.2755 17.4517 11.2753 17.4516C10.5681 16.7252 10.4682 15.3856 11.4108 14.5876L11.4112 14.5872C12.0748 14.0248 13.202 14.0556 13.949 14.8205L14.7824 15.674L15.6158 14.8205C16.3618 14.0567 17.4896 14.0256 18.1545 14.5879" fill="#EB0203"></path>
            </svg>
            </button>
            </div>
            </div>
            <p class="ct-tile--brand">Oroweat</p>
            <p class="ct-tile--quantity">emb. 680 gr</p>
            </div>
            <div class="ct-tile-bottom row no-gutters justify-content-between">
            <div class="ct-price-wrap col-8 col-sm-12">
            <div class="price js-product-price">
            <div class="prices-wrapper">
            
            <span class="sales ct-tile--price-primary ">
            <span class="value" content="1.99">
            <span class="ct-price-formatted">
            €1,99
            </span>
            <span class="ct-m-unit">
            /un
            </span>
            </span>
            </span>
            </div>
            <div class="ct-tile--price-secondary">
            <span class="ct-price-value">
            €2,93
            </span>
            <span class="ct-m-unit">
            /kg
            </span>
            </div>
            <p class="ct-discount-amount ct-discount-amount-pvpr">PVP Recomendado: €2,49/un</p>
            </div>
            </div>
            <div class="ct-tile-buy-section d-flex justify-content-center no-gutters col-auto col-sm-12">
            <div class="col-2 d-sm-flex d-none">
            <button class="wishlist-toggler guest-mode inactive button button--tertiary" data-pid="5208104" data-add-url="https://www.continente.pt/on/demandware.store/Sites-continente-Site/default/Wishlist-AddProduct?pid=5208104" data-toggle="tooltip" aria-label="Adicionar aos favoritos " data-original-title="Adicionar aos favoritos" data-placement="top">
            <svg class="active-content" width="100%" height="100%" viewBox="0 0 20 22" fill="none" xmlns="http://www.w3.org/2000/svg">
            <path fill-rule="evenodd" clip-rule="evenodd" d="M0 1.53052C0 0.685236 0.692171 0 1.54601 0H15.0736C15.9274 0 16.6196 0.685235 16.6196 1.53052V13.4064L15.8127 13.922L14.2658 14.2658L12.7189 13.4064L10.6054 14.3818C10.4994 14.2451 10.3327 14.157 10.1452 14.157H6.76329C6.4431 14.157 6.18354 14.414 6.18354 14.731C6.18354 15.0479 6.4431 15.3049 6.76329 15.3049H10.1452C10.2478 15.3049 10.3441 15.2785 10.4277 15.2322L10.3126 16.8439L13.2345 20.2793H1.54601C0.69217 20.2793 0 19.5941 0 18.7488V1.53052ZM6.18354 5.5483C6.18354 5.23132 6.4431 4.97436 6.76329 4.97436H12.3676C12.6878 4.97436 12.9473 5.23132 12.9473 5.5483C12.9473 5.86528 12.6878 6.12224 12.3676 6.12224H6.76329C6.4431 6.12224 6.18354 5.86528 6.18354 5.5483ZM6.76329 11.0961C6.4431 11.0961 6.18354 11.3531 6.18354 11.6701C6.18354 11.987 6.4431 12.244 6.76329 12.244H12.3676C12.6878 12.244 12.9473 11.987 12.9473 11.6701C12.9473 11.3531 12.6878 11.0961 12.3676 11.0961H6.76329ZM6.18354 8.60985C6.18354 8.29287 6.4431 8.03591 6.76329 8.03591H12.3676C12.6878 8.03591 12.9473 8.29287 12.9473 8.60985C12.9473 8.92684 12.6878 9.1838 12.3676 9.1838H6.76329C6.4431 9.1838 6.18354 8.92684 6.18354 8.60985ZM3.67118 5.5483C3.67118 5.23132 3.93075 4.97436 4.25093 4.97436H4.63743C4.95762 4.97436 5.21719 5.23132 5.21719 5.5483C5.21719 5.86528 4.95762 6.12224 4.63743 6.12224H4.25093C3.93075 6.12224 3.67118 5.86528 3.67118 5.5483ZM4.25093 11.0961C3.93075 11.0961 3.67118 11.3531 3.67118 11.6701C3.67118 11.987 3.93075 12.244 4.25093 12.244H4.63743C4.95762 12.244 5.21719 11.987 5.21719 11.6701C5.21719 11.3531 4.95762 11.0961 4.63743 11.0961H4.25093ZM3.67118 8.60985C3.67118 8.29287 3.93075 8.03591 4.25093 8.03591H4.63743C4.95762 8.03591 5.21719 8.29287 5.21719 8.60985C5.21719 8.92684 4.95762 9.1838 4.63743 9.1838H4.25093C3.93075 9.1838 3.67118 8.92684 3.67118 8.60985ZM4.25093 14.157C3.93075 14.157 3.67118 14.414 3.67118 14.731C3.67118 15.0479 3.93075 15.3049 4.25093 15.3049H4.63743C4.95762 15.3049 5.21719 15.0479 5.21719 14.731C5.21719 14.414 4.95762 14.157 4.63743 14.157H4.25093Z" fill="#EB0203"></path>
            <path fill-rule="evenodd" clip-rule="evenodd" d="M14.6252 13.6363C13.4918 12.6215 11.7817 12.5264 10.6569 13.4792C9.12421 14.7764 9.34841 16.8912 10.4409 18.0122L14.0159 21.6742C14.2197 21.8832 14.4928 22 14.7822 22C15.0737 22 15.3448 21.8852 15.5486 21.6762L19.1236 18.0142C20.214 16.8933 20.4423 14.7785 18.9075 13.4792C17.7827 12.5283 16.0724 12.6217 14.9391 13.6365C14.8855 13.6845 14.8331 13.7345 14.7822 13.7866C14.7313 13.7345 14.6789 13.6843 14.6252 13.6363ZM18.1546 14.3522C19.0973 15.1508 18.9962 16.4896 18.2891 17.2173C18.2888 17.2175 18.2886 17.2177 18.2884 17.218L14.7832 20.8084L11.2753 17.2151C11.2752 17.215 11.2751 17.2149 11.2749 17.2148C10.5677 16.4887 10.4678 15.1495 11.4104 14.3518L11.4108 14.3514C12.0745 13.7892 13.2018 13.82 13.9488 14.5846L14.7822 15.4378L15.6157 14.5846C16.3617 13.8211 17.4896 13.79 18.1545 14.3521" fill="#EB0203"></path>
            </svg>
            <svg class="inactive-content" width="100%" height="100%" viewBox="0 0 20 23" fill="none" xmlns="http://www.w3.org/2000/svg">
            <path fill-rule="evenodd" clip-rule="evenodd" d="M6.18408 5.77914C6.18408 5.46223 6.44363 5.20532 6.7638 5.20532H12.3678C12.6879 5.20532 12.9475 5.46223 12.9475 5.77914C12.9475 6.09606 12.6879 6.35297 12.3678 6.35297H6.7638C6.44363 6.35297 6.18408 6.09606 6.18408 5.77914Z" fill="#EB0203"></path>
            <path fill-rule="evenodd" clip-rule="evenodd" d="M6.18408 11.9034C6.18408 11.5865 6.44363 11.3296 6.7638 11.3296H12.3678C12.6879 11.3296 12.9475 11.5865 12.9475 11.9034C12.9475 12.2202 12.6879 12.4771 12.3678 12.4771H6.7638C6.44363 12.4771 6.18408 12.2202 6.18408 11.9034Z" fill="#EB0203"></path>
            <path fill-rule="evenodd" clip-rule="evenodd" d="M6.18408 8.84116C6.18408 8.52424 6.44363 8.26733 6.7638 8.26733H12.3678C12.6879 8.26733 12.9475 8.52424 12.9475 8.84116C12.9475 9.15807 12.6879 9.41498 12.3678 9.41498H6.7638C6.44363 9.41498 6.18408 9.15807 6.18408 8.84116Z" fill="#EB0203"></path>
            <path fill-rule="evenodd" clip-rule="evenodd" d="M6.18408 14.9655C6.18408 14.6486 6.44363 14.3917 6.7638 14.3917H10.1455C10.4657 14.3917 10.7252 14.6486 10.7252 14.9655C10.7252 15.2825 10.4657 15.5394 10.1455 15.5394H6.7638C6.44363 15.5394 6.18408 15.2825 6.18408 14.9655Z" fill="#EB0203"></path>
            <path fill-rule="evenodd" clip-rule="evenodd" d="M3.67139 5.77914C3.67139 5.46223 3.93094 5.20532 4.25111 5.20532H4.63759C4.95776 5.20532 5.21731 5.46223 5.21731 5.77914C5.21731 6.09606 4.95776 6.35297 4.63759 6.35297H4.25111C3.93094 6.35297 3.67139 6.09606 3.67139 5.77914Z" fill="#EB0203"></path>
            <path fill-rule="evenodd" clip-rule="evenodd" d="M3.67139 11.9034C3.67139 11.5865 3.93094 11.3296 4.25111 11.3296H4.63759C4.95776 11.3296 5.21731 11.5865 5.21731 11.9034C5.21731 12.2202 4.95776 12.4771 4.63759 12.4771H4.25111C3.93094 12.4771 3.67139 12.2202 3.67139 11.9034Z" fill="#EB0203"></path>
            <path fill-rule="evenodd" clip-rule="evenodd" d="M3.67139 8.84116C3.67139 8.52424 3.93094 8.26733 4.25111 8.26733H4.63759C4.95776 8.26733 5.21731 8.52424 5.21731 8.84116C5.21731 9.15807 4.95776 9.41498 4.63759 9.41498H4.25111C3.93094 9.41498 3.67139 9.15807 3.67139 8.84116Z" fill="#EB0203"></path>
            <path fill-rule="evenodd" clip-rule="evenodd" d="M3.67139 14.9655C3.67139 14.6486 3.93094 14.3917 4.25111 14.3917H4.63759C4.95776 14.3917 5.21731 14.6486 5.21731 14.9655C5.21731 15.2825 4.95776 15.5394 4.63759 15.5394H4.25111C3.93094 15.5394 3.67139 15.2825 3.67139 14.9655Z" fill="#EB0203"></path>
            <path fill-rule="evenodd" clip-rule="evenodd" d="M0 1.76033C0 0.914738 0.692131 0.229248 1.54592 0.229248H15.0727C15.9265 0.229248 16.6186 0.914738 16.6186 1.76033V11.2818C16.6186 11.5989 16.3591 11.8559 16.0389 11.8559C15.7187 11.8559 15.4592 11.5989 15.4592 11.2818V1.76033C15.4592 1.54893 15.2862 1.37756 15.0727 1.37756H1.54592C1.33247 1.37756 1.15944 1.54893 1.15944 1.76033V18.985C1.15944 19.1964 1.33247 19.3678 1.54592 19.3678H9.27551C9.59568 19.3678 9.85523 19.6249 9.85523 19.942C9.85523 20.2591 9.59568 20.5161 9.27551 20.5161H1.54592C0.692131 20.5161 0 19.8306 0 18.985V1.76033Z" fill="#EB0203"></path>
            <path fill-rule="evenodd" clip-rule="evenodd" d="M14.6254 13.8718C13.4921 12.8567 11.7821 12.7615 10.6574 13.7147C9.12472 15.0124 9.34891 17.128 10.4413 18.2493L14.0161 21.9126C14.2199 22.1217 14.493 22.2386 14.7824 22.2386C15.0739 22.2386 15.3449 22.1238 15.5487 21.9147L19.1235 18.2514C20.2139 17.13 20.4422 15.0144 18.9075 13.7147C17.7827 12.7634 16.0726 12.8569 14.9392 13.872C14.8856 13.92 14.8333 13.9701 14.7824 14.0222C14.7314 13.97 14.6791 13.9199 14.6254 13.8718ZM18.1546 14.588C19.0972 15.3869 18.9961 16.7262 18.2891 17.4541C18.2888 17.4543 18.2886 17.4546 18.2884 17.4548L14.7834 21.0466L11.2757 17.452C11.2756 17.4519 11.2755 17.4517 11.2753 17.4516C10.5681 16.7252 10.4682 15.3856 11.4108 14.5876L11.4112 14.5872C12.0748 14.0248 13.202 14.0556 13.949 14.8205L14.7824 15.674L15.6158 14.8205C16.3618 14.0567 17.4896 14.0256 18.1545 14.5879" fill="#EB0203"></path>
            </svg>
            </button>
            </div>
            <div class="col-sm-10 col-12">
            <div class="ct-tile-quantity d-none" data-pid="5208104">
            <input type="hidden" class="add-to-cart-url" value="https://www.continente.pt/on/demandware.store/Sites-continente-Site/default/Cart-AddProduct">
            <div class="d-none tile-delete-confirmation-btn" data-pid="5208104" data-delay-time="3000" data-in-cart-msg="no carrinho" data-one-product-added="Adicionado ao carrinho" data-remove-from-cart-msg="Removido do carrinho" data-stay-open="6000.0" data-confirmation-image="{&quot;url&quot;:&quot;https://www.continente.pt/dw/image/v2/BDVS_PRD/on/demandware.static/-/Sites-col-master-catalog/default/dwd64913b9/images/col/520/5208104-frente.jpg?sw=87&amp;sh=80&quot;,&quot;fallbackimage&quot;:{&quot;url&quot;:&quot;https://www.continente.pt/dw/image/v2/BDVS_PRD/on/demandware.static/Sites-continente-Site/-/default/dw7c42b4da/images/noimagelarge_product.png?sw=87&amp;sh=80&quot;,&quot;title&quot;:&quot;Pão de Sementes e Linhaça&quot;,&quot;alt&quot;:&quot;Pão de Sementes e Linhaça&quot;},&quot;title&quot;:&quot;Pão de Sementes e Linhaça&quot;,&quot;alt&quot;:&quot;Pão de Sementes e Linhaça&quot;}"></div>
            <div class="ct-tile-quantity-update quantity-update product-qty-vue" data-remove-action="https://www.continente.pt/on/demandware.store/Sites-continente-Site/default/Cart-RemoveProductLineItem" data-action="https://www.continente.pt/on/demandware.store/Sites-continente-Site/default/Cart-UpdateQuantity" data-dimension-update="https://www.continente.pt/on/demandware.store/Sites-continente-Site/default/Cart-DimensionUpdate" data-pid="5208104" data-uuid="0e8968a1513573cb9f28968ccb" data-add-delay="500.0" data-measure-options="{&quot;hasConversionRate&quot;:false,&quot;hasAlternativeSaleUnit&quot;:false,&quot;unitConversionRate&quot;:0,&quot;minOrderQuantity&quot;:1,&quot;stepQuantity&quot;:1,&quot;primaryunit&quot;:&quot;un&quot;,&quot;secondaryunit&quot;:&quot;kg&quot;,&quot;selectedunit&quot;:&quot;primary&quot;,&quot;maxNumberOfUnitsPerSale&quot;:50}" data-price-available="null" :data-has-error="isMaxQtyReached || isMinQtyReached || qtySelectedMoreThanOne">
            <template v-show="prodUnits">
            <div class="quantity-input-wrapper has-units">
            <label class="visually-hidden" :for="'quantity-' + pid + additionalTag">
            Quantidade no carrinho
            </label>
            <input :ref="'quantityInput-' + pid + additionalTag" class="add-to-cart-quantity form-control ct-form-input text-center" inputmode="numeric" :class="{'is-invalid': isInvalid}" :data-pid="pid + additionalTag" :name="'quantity-' + pid + additionalTag" type="text" aria-label="Insira a quantidade" title="" v-model="displayValue" @change="updateQuantity" @focus="updateQtyFormat" @blur="restoreQtyFormat" :disabled="!isPriceAvailable">
            <span class="quantity-icon quantity-icon--minus">
            <button class="decrease-quantity-btn" @click="updateQuantity" :disabled="!isPriceAvailable" role="button" aria-label="Reduzir quantidade">
            <i class="css-math-minus"></i>
            </button>
            </span>
            <span class="quantity-icon quantity-icon--plus">
            <button class="increase-quantity-btn" @click="updateQuantity" :disabled="isMaxQtyReached || !isPriceAvailable" role="button" aria-label="Aumentar quantidade">
            <i class="css-math-plus"></i>
            </button>
            <span class="quantity-btn-disabled-placeholder"></span>
            </span>
            <template v-if="isPDP">
            <span class="quantity-error ct-span-error text-sm-center product-max-allocation" v-if="isMaxQtyReached">
            Quantidade máxima atingida
            </span>
            <span class="quantity-error ct-span-product text-sm-center product-allocation" v-if="!isMinQtyReached &amp;&amp; !isMaxQtyReached">
            {{quantitySelected}} no carrinho
            </span>
            <span class="quantity-error ct-span-error text-sm-center product-min-allocation" :data-pid="pid" v-if="isMinQtyReached &amp;&amp; !isMaxQtyReached">
            Quantidade mínima atingida
            </span>
            </template>
            </div>
            <template v-if="showNotes">
            <div class="add-note-link-container ">
            <div class="add-note">
            <a href="/produto/pao-de-sementes-e-linhaca-oroweat-5208104.html?showNote=true" class="ct-add-note-redirect-pdp" aria-label="Adicionar comentário">
            <span class="svg-wrapper svg-icon-notes" style="width:19px; height:20px">
            <svg class="svg-inline icon-notes" viewBox="0 0 28 30" xmlns="http://www.w3.org/2000/svg" width="100%" height="100%"><path d="M21.738 0C22.985 0 24 1.04 24 2.319V12.47c0 .469-.37.848-.828.848-.457 0-.827-.38-.827-.848V2.32c0-.343-.273-.622-.607-.622H2.262c-.334 0-.607.279-.607.622V27.68c0 .343.273.622.607.622h7.81c.457 0 .827.38.827.849 0 .468-.37.848-.827.848h-7.81C1.015 30 0 28.96 0 27.681V2.32C0 1.04 1.015 0 2.262 0h19.476zm2.844 16.004l.227.007c.823.053 1.589.39 2.176.964.64.627.993 1.46.993 2.349 0 .888-.353 1.722-.993 2.348l-6.83 6.665c-.11.108-.247.186-.397.226l-5.032 1.363c-.078.021-.16.032-.241.032-.242 0-.478-.097-.647-.266-.23-.231-.314-.566-.218-.874l1.49-4.798c.044-.139.122-.266.227-.369l6.844-6.677c.64-.625 1.493-.97 2.401-.97zm-2.886 3.94l-4.922 4.802-.947 3.048 3.22-.872 4.897-4.78-2.248-2.197zm2.887-2.174c-.425 0-.824.162-1.124.455l-.484.472 2.248 2.197.484-.472c.62-.606.62-1.591 0-2.197l-.117-.104c-.283-.227-.636-.35-1.007-.35zm-10.839.022c.498 0 .904.396.904.883 0 .488-.406.884-.904.884H5.946c-.499 0-.904-.396-.904-.884 0-.487.405-.883.904-.883zm5.042-4.876c.498 0 .904.397.904.884s-.406.884-.904.884H5.946c-.499 0-.904-.397-.904-.884s.405-.884.904-.884zm0-4.875c.498 0 .904.396.904.884 0 .487-.406.883-.904.883H5.946c-.499 0-.904-.396-.904-.883 0-.488.405-.884.904-.884z" fill="#EB0203" fill-rule="evenodd"></path></svg>
            </span>
            <div class="available-note d-none"></div>
            </a>
            </div>
            </div>
            </template>
            <div class="measurement-unit-section" v-if="isPriceAvailable &amp;&amp; prodUnits ? prodUnits.hasAlternativeUnit : false">
            <div class="ct-form-radio" @click="setDimension">
            <input type="radio" title="" class="ct-form-check-input product-measurement-unit" :data-type="prodUnits.selectedUnit == prodUnits.secondaryUnit ? 'primary' : ''" :id="prodUnits.secondaryUnit + '-' + pid + '-measurement-unit-ptile' + additionalTag" :name="'measurement-unit-' + pid + '-ptile' + additionalTag" :value="prodUnits.secondaryUnit" v-model="prodUnits.selectedUnit">
            <label :class="prodUnits.secondaryUnit + '-label ct-form-check-label mb-0'" :for="prodUnits.secondaryUnit + '-' + pid + '-measurement-unit-ptile' + additionalTag">
            {{prodUnits.secondaryUnit}}
            </label>
            <span class="checkmark"></span>
            </div>
            <div class="ct-form-radio" @click="setDimension">
            <input type="radio" title="" class="ct-form-check-input product-measurement-unit" :data-type="prodUnits.selectedUnit == prodUnits.primaryUnit ? 'primary' : ''" :id="prodUnits.primaryUnit + '-' + pid + '-measurement-unit-ptile' + additionalTag" :name="'measurement-unit-' + pid + '-ptile' + additionalTag" :value="prodUnits.primaryUnit" v-model="prodUnits.selectedUnit">
            <label :class="prodUnits.primaryUnit + '-label ct-form-check-label mb-0'" :for="prodUnits.primaryUnit + '-' + pid + '-measurement-unit-ptile' + additionalTag">
            {{prodUnits.primaryUnit}}
            </label>
            <span class="checkmark"></span>
            </div>
            </div>
            <template v-if="!isPDP &amp;&amp; isPriceAvailable">
            <span class="quantity-error ct-span-error product-max-allocation" v-if="isMaxQtyReached">
            Quantidade máxima atingida
            </span>
            <span class="quantity-error ct-span-product product-allocation" v-if="!isMinQtyReached &amp;&amp; !isMaxQtyReached">
            {{quantitySelected}} no carrinho
            </span>
            <span class="quantity-error ct-span-error product-min-allocation" :data-pid="pid" v-if="isMinQtyReached &amp;&amp; !isMaxQtyReached">
            Quantidade mínima atingida
            </span>
            </template>
            </template>
            </div>
            <input class="quantity-value-mask d-none" name="quantity" type="number" min="0" value="">
            </div>
            <button type="button" class="add-to-cart button js-add-to-cart js-add-to-cart-tile 5208104 button--primary dynamic-layout-btn" data-toggle="modal" data-target="#chooseBonusProductModal" data-pid="5208104" data-quantity-value="null" aria-label="Carrinho">
            <span class="d-block d-sm-none">
            <span class="svg-wrapper svg-icon-cart" style="width:20px; height:20px">
            <svg class="svg-inline icon-cart" xmlns="http://www.w3.org/2000/svg" viewBox="0 0 500 500" width="100%" height="100%"><path fill="#EB0203" fill-rule="evenodd" d="M 485.67317,94.386311 C 476.37798,83.847129 463.09468,78.03348 448.30404,78.03348 H 90.690813 L 87.079511,51.327997 C 83.185582,22.539551 62.962285,0 41.011841,0 H 14.727836 C 6.563151,0 0,6.5286975 0,14.580758 c 0,8.05206 6.5945535,14.580758 14.727836,14.580758 h 26.284005 c 4.710398,0 14.696435,9.855222 16.894619,26.021523 L 100.01739,368.0631 c 1.88416,13.77244 9.01256,26.70549 20.1605,36.37417 8.25889,7.15046 18.02511,11.9071 28.26237,13.89679 -4.17655,7.58572 -6.53175,16.25957 -6.53175,25.493 0,29.53459 24.27424,53.59751 54.13815,53.59751 29.8325,0 54.13814,-24.03184 54.13814,-53.59751 0,-8.79818 -2.19818,-17.09897 -5.9979,-24.43598 h 77.12488 c -3.79973,7.33701 -5.96652,15.6378 -5.96652,24.43598 0,29.53459 24.27424,53.59751 54.13817,53.59751 29.83249,0 54.13814,-24.03184 54.13814,-53.59751 0,-8.79818 -2.1982,-17.09897 -5.9979,-24.43598 h 38.56243 c 8.13328,0 14.72783,-6.5287 14.72783,-14.61183 0,-8.02098 -6.59455,-14.54967 -14.72783,-14.54967 H 159.24277 c -14.38241,0 -28.13677,-11.90711 -30.02092,-26.02153 l -3.07746,-22.88154 h 290.6314 c 14.03698,0 27.94834,-5.28513 39.06488,-14.95381 11.11652,-9.6376 18.27632,-22.57065 20.16048,-36.37417 l 21.10259,-156.78201 c 1.94694,-14.51858 -2.10398,-28.29103 -11.43057,-38.861299 z M 220.76053,443.82706 c 0,13.49265 -11.08513,24.46709 -24.68247,24.46709 -13.62874,0 -24.71387,-10.97444 -24.71387,-24.46709 0,-13.49262 11.08513,-24.43598 24.71387,-24.43598 13.59734,0 24.68247,10.94336 24.68247,24.43598 z m 173.43675,0 c 0,13.49265 -11.08512,24.46709 -24.68245,24.46709 -13.62876,0 -24.71388,-10.97444 -24.71388,-24.46709 0,-13.49262 11.08512,-24.43598 24.71388,-24.43598 13.59733,0 24.68245,10.94336 24.68245,24.43598 z m 73.7648,-314.46558 -21.13397,156.782 c -1.88416,14.11442 -15.63851,26.05261 -30.02091,26.05261 H 122.25046 L 94.616142,107.19499 H 448.33544 c 6.18632,0 11.61896,2.2695 15.23028,6.37326 3.64269,4.13484 5.21283,9.73086 4.39636,15.79323 z"></path></svg>
            </span>
            </span>
            <span class="add-to-cart--text d-none d-sm-block">Carrinho</span>
            </button>
            </div>
            </div>
            </div>
            </div>
            
            <div class="col-12 d-sm-none">
            </div>
            </div>
            </div>
            </div>
            </div>
            <div class="col-12 col-sm-3 col-lg-2 productTile" data-idx="29">
            
            <script type="text/javascript">//<!--
            /* <![CDATA[ */
            (function(){
            try {
                if(window.CQuotient) {
                var cq_params = {};
                
                cq_params.cookieId = window.CQuotient.getCQCookieId();
                cq_params.userId = window.CQuotient.getCQUserId();
                cq_params.emailId = CQuotient.getCQHashedEmail();
                cq_params.loginId = CQuotient.getCQHashedLogin();
                cq_params.accumulate = true;
                cq_params.products = [{
                    id: '5091658',
                    sku: ''
                }];
                cq_params.categoryId = 'padaria-e-pastelaria-padaria-forma';
                cq_params.refinements = '[{\"name\":\"priceMin\",\"value\":\"0.01\"},{\"name\":\"priceMax\",\"value\":\"null\"},{\"name\":\"curr\",\"value\":\"EUR\"},{\"name\":\"Category\",\"value\":\"padaria-e-pastelaria-padaria-forma\"}]';
                cq_params.personalized = 'false';
                cq_params.sortingRule = 'categories top-sellers';
                cq_params.imageUUID = '__UNDEFINED__';
                cq_params.realm = "BDVS";
                cq_params.siteId = "continente";
                cq_params.instanceType = "prd";
                cq_params.queryLocale = "default";
                cq_params.locale = window.CQuotient.locale;
                
                if(window.CQuotient.sendActivity)
                    window.CQuotient.sendActivity(CQuotient.clientId, 'viewCategory', cq_params);
                else
                    window.CQuotient.activities.push({
                        activityType: 'viewCategory',
                        parameters: cq_params
                    });
              }
            } catch(err) {}
            })();
            /* ]]> */
            // -->
            </script>
            <script type="text/javascript">//<!--
            /* <![CDATA[ (viewCategoryProduct-active_data.js) */
            (function(){
            try {
                if (dw.ac) {
                    var search_params = {};
                    search_params.persd = 'false';
                    search_params.refs = '[{\"name\":\"priceMin\",\"value\":\"0.01\"},{\"name\":\"priceMax\",\"value\":\"null\"},{\"name\":\"curr\",\"value\":\"EUR\"},{\"name\":\"Category\",\"value\":\"padaria-e-pastelaria-padaria-forma\"}]';
                    search_params.sort = 'categories top-sellers';
                    search_params.imageUUID = '';
                    search_params.searchID = '79fd584c-cee5-42dd-a07f-04e8467e04c2';
                    search_params.locale = 'default';
                    search_params.queryLocale = 'default';
                    search_params.showProducts = 'true';
                    dw.ac.applyContext({category: "padaria-e-pastelaria-padaria-forma", searchData: search_params});
                    if (typeof dw.ac._scheduleDataSubmission === "function") {
                        dw.ac._scheduleDataSubmission();
                    }
                }
            } catch(err) {}
            })();
            /* ]]> */
            // -->
            </script>
            <script type="text/javascript">//<!--
            /* <![CDATA[ (viewProduct-active_data.js) */
            dw.ac._capture({id: "5091658", type: "searchhit"});
            /* ]]> */
            // -->
            </script>
            <div class="product" data-pid="5091658">
            <div class="product-tile pid-5091658 ct-product-tile data-layer-pushed" data-delay-time="3000" data-variants-mapping="[]" data-in-cart-msg="no carrinho" data-one-product-added="Adicionado ao carrinho" data-remove-from-cart-msg="Removido do carrinho" data-stay-open="6000.0" data-product-tile-impression="{&quot;name&quot;:&quot;5091658&quot;,&quot;id&quot;:&quot;5091658&quot;,&quot;price&quot;:2.29,&quot;brand&quot;:&quot;Bimbo&quot;,&quot;category&quot;:[{&quot;category_level_1&quot;:&quot;Padaria e Pastelaria&quot;},{&quot;category_level_2&quot;:&quot;Padaria&quot;},{&quot;category_level_3&quot;:&quot;Pão de Forma e Embalado&quot;}],&quot;variant&quot;:&quot;&quot;}">
            <div class="ct-inner-tile-wrap row no-gutters justify-content-center align-content-start">
            
            <div class="ct-image-container col-4 col-sm" data-confirmation-image="{&quot;url&quot;:&quot;https://www.continente.pt/dw/image/v2/BDVS_PRD/on/demandware.static/-/Sites-col-master-catalog/default/dwc70966ff/images/col/509/5091658-frente.jpg?sw=87&amp;sh=80&quot;,&quot;fallbackimage&quot;:{&quot;url&quot;:&quot;https://www.continente.pt/dw/image/v2/BDVS_PRD/on/demandware.static/Sites-continente-Site/-/default/dw7c42b4da/images/noimagelarge_product.png?sw=87&amp;sh=80&quot;,&quot;title&quot;:&quot;Pão Sandwich Thins 8 Cereais&quot;,&quot;alt&quot;:&quot;Pão Sandwich Thins 8 Cereais&quot;},&quot;title&quot;:&quot;Pão Sandwich Thins 8 Cereais&quot;,&quot;alt&quot;:&quot;Pão Sandwich Thins 8 Cereais&quot;}">
            <a href="https://www.continente.pt/produto/pao-sandwich-thins-8-cereais-bimbo-5091658.html?cgid=padaria-e-pastelaria-padaria-forma">
            <picture class="intrinsic intrinsic--square">
            <img class="ct-tile-image lazyloaded" loading="lazy" onerror="this.onerror=null;this.src='/on/demandware.static/Sites-continente-Site/-/default/dw7c42b4da/images/noimagelarge_product.png';" data-src="https://www.continente.pt/dw/image/v2/BDVS_PRD/on/demandware.static/-/Sites-col-master-catalog/default/dwc70966ff/images/col/509/5091658-frente.jpg?sw=280&amp;sh=280" alt="Pão Sandwich Thins 8 Cereais" title="Pão Sandwich Thins 8 Cereais" src="https://www.continente.pt/dw/image/v2/BDVS_PRD/on/demandware.static/-/Sites-col-master-catalog/default/dwc70966ff/images/col/509/5091658-frente.jpg?sw=280&amp;sh=280">
            </picture>
            </a>
            <div class="color-swatches d-flex" style="margin-left: 5px;">
            <div class="swatches d-flex">
            </div>
            </div>
            </div>
            <div class="ct-tile-body col col-sm-auto ">
            <div class="ct-pdp-details">
            <div class="ct-pdp-link">
            <a class="ct-tile--description" href="https://www.continente.pt/produto/pao-sandwich-thins-8-cereais-bimbo-5091658.html?cgid=padaria-e-pastelaria-padaria-forma">Pão Sandwich Thins 8 Cereais</a>
            <div class="ct-tile--favorite-top d-sm-none">
            <button class="wishlist-toggler guest-mode inactive button button--tertiary" data-pid="5091658" data-add-url="https://www.continente.pt/on/demandware.store/Sites-continente-Site/default/Wishlist-AddProduct?pid=5091658" data-toggle="tooltip" aria-label="Adicionar aos favoritos " data-original-title="Adicionar aos favoritos" data-placement="top">
            <svg class="active-content" width="100%" height="100%" viewBox="0 0 20 22" fill="none" xmlns="http://www.w3.org/2000/svg">
            <path fill-rule="evenodd" clip-rule="evenodd" d="M0 1.53052C0 0.685236 0.692171 0 1.54601 0H15.0736C15.9274 0 16.6196 0.685235 16.6196 1.53052V13.4064L15.8127 13.922L14.2658 14.2658L12.7189 13.4064L10.6054 14.3818C10.4994 14.2451 10.3327 14.157 10.1452 14.157H6.76329C6.4431 14.157 6.18354 14.414 6.18354 14.731C6.18354 15.0479 6.4431 15.3049 6.76329 15.3049H10.1452C10.2478 15.3049 10.3441 15.2785 10.4277 15.2322L10.3126 16.8439L13.2345 20.2793H1.54601C0.69217 20.2793 0 19.5941 0 18.7488V1.53052ZM6.18354 5.5483C6.18354 5.23132 6.4431 4.97436 6.76329 4.97436H12.3676C12.6878 4.97436 12.9473 5.23132 12.9473 5.5483C12.9473 5.86528 12.6878 6.12224 12.3676 6.12224H6.76329C6.4431 6.12224 6.18354 5.86528 6.18354 5.5483ZM6.76329 11.0961C6.4431 11.0961 6.18354 11.3531 6.18354 11.6701C6.18354 11.987 6.4431 12.244 6.76329 12.244H12.3676C12.6878 12.244 12.9473 11.987 12.9473 11.6701C12.9473 11.3531 12.6878 11.0961 12.3676 11.0961H6.76329ZM6.18354 8.60985C6.18354 8.29287 6.4431 8.03591 6.76329 8.03591H12.3676C12.6878 8.03591 12.9473 8.29287 12.9473 8.60985C12.9473 8.92684 12.6878 9.1838 12.3676 9.1838H6.76329C6.4431 9.1838 6.18354 8.92684 6.18354 8.60985ZM3.67118 5.5483C3.67118 5.23132 3.93075 4.97436 4.25093 4.97436H4.63743C4.95762 4.97436 5.21719 5.23132 5.21719 5.5483C5.21719 5.86528 4.95762 6.12224 4.63743 6.12224H4.25093C3.93075 6.12224 3.67118 5.86528 3.67118 5.5483ZM4.25093 11.0961C3.93075 11.0961 3.67118 11.3531 3.67118 11.6701C3.67118 11.987 3.93075 12.244 4.25093 12.244H4.63743C4.95762 12.244 5.21719 11.987 5.21719 11.6701C5.21719 11.3531 4.95762 11.0961 4.63743 11.0961H4.25093ZM3.67118 8.60985C3.67118 8.29287 3.93075 8.03591 4.25093 8.03591H4.63743C4.95762 8.03591 5.21719 8.29287 5.21719 8.60985C5.21719 8.92684 4.95762 9.1838 4.63743 9.1838H4.25093C3.93075 9.1838 3.67118 8.92684 3.67118 8.60985ZM4.25093 14.157C3.93075 14.157 3.67118 14.414 3.67118 14.731C3.67118 15.0479 3.93075 15.3049 4.25093 15.3049H4.63743C4.95762 15.3049 5.21719 15.0479 5.21719 14.731C5.21719 14.414 4.95762 14.157 4.63743 14.157H4.25093Z" fill="#EB0203"></path>
            <path fill-rule="evenodd" clip-rule="evenodd" d="M14.6252 13.6363C13.4918 12.6215 11.7817 12.5264 10.6569 13.4792C9.12421 14.7764 9.34841 16.8912 10.4409 18.0122L14.0159 21.6742C14.2197 21.8832 14.4928 22 14.7822 22C15.0737 22 15.3448 21.8852 15.5486 21.6762L19.1236 18.0142C20.214 16.8933 20.4423 14.7785 18.9075 13.4792C17.7827 12.5283 16.0724 12.6217 14.9391 13.6365C14.8855 13.6845 14.8331 13.7345 14.7822 13.7866C14.7313 13.7345 14.6789 13.6843 14.6252 13.6363ZM18.1546 14.3522C19.0973 15.1508 18.9962 16.4896 18.2891 17.2173C18.2888 17.2175 18.2886 17.2177 18.2884 17.218L14.7832 20.8084L11.2753 17.2151C11.2752 17.215 11.2751 17.2149 11.2749 17.2148C10.5677 16.4887 10.4678 15.1495 11.4104 14.3518L11.4108 14.3514C12.0745 13.7892 13.2018 13.82 13.9488 14.5846L14.7822 15.4378L15.6157 14.5846C16.3617 13.8211 17.4896 13.79 18.1545 14.3521" fill="#EB0203"></path>
            </svg>
            <svg class="inactive-content" width="100%" height="100%" viewBox="0 0 20 23" fill="none" xmlns="http://www.w3.org/2000/svg">
            <path fill-rule="evenodd" clip-rule="evenodd" d="M6.18408 5.77914C6.18408 5.46223 6.44363 5.20532 6.7638 5.20532H12.3678C12.6879 5.20532 12.9475 5.46223 12.9475 5.77914C12.9475 6.09606 12.6879 6.35297 12.3678 6.35297H6.7638C6.44363 6.35297 6.18408 6.09606 6.18408 5.77914Z" fill="#EB0203"></path>
            <path fill-rule="evenodd" clip-rule="evenodd" d="M6.18408 11.9034C6.18408 11.5865 6.44363 11.3296 6.7638 11.3296H12.3678C12.6879 11.3296 12.9475 11.5865 12.9475 11.9034C12.9475 12.2202 12.6879 12.4771 12.3678 12.4771H6.7638C6.44363 12.4771 6.18408 12.2202 6.18408 11.9034Z" fill="#EB0203"></path>
            <path fill-rule="evenodd" clip-rule="evenodd" d="M6.18408 8.84116C6.18408 8.52424 6.44363 8.26733 6.7638 8.26733H12.3678C12.6879 8.26733 12.9475 8.52424 12.9475 8.84116C12.9475 9.15807 12.6879 9.41498 12.3678 9.41498H6.7638C6.44363 9.41498 6.18408 9.15807 6.18408 8.84116Z" fill="#EB0203"></path>
            <path fill-rule="evenodd" clip-rule="evenodd" d="M6.18408 14.9655C6.18408 14.6486 6.44363 14.3917 6.7638 14.3917H10.1455C10.4657 14.3917 10.7252 14.6486 10.7252 14.9655C10.7252 15.2825 10.4657 15.5394 10.1455 15.5394H6.7638C6.44363 15.5394 6.18408 15.2825 6.18408 14.9655Z" fill="#EB0203"></path>
            <path fill-rule="evenodd" clip-rule="evenodd" d="M3.67139 5.77914C3.67139 5.46223 3.93094 5.20532 4.25111 5.20532H4.63759C4.95776 5.20532 5.21731 5.46223 5.21731 5.77914C5.21731 6.09606 4.95776 6.35297 4.63759 6.35297H4.25111C3.93094 6.35297 3.67139 6.09606 3.67139 5.77914Z" fill="#EB0203"></path>
            <path fill-rule="evenodd" clip-rule="evenodd" d="M3.67139 11.9034C3.67139 11.5865 3.93094 11.3296 4.25111 11.3296H4.63759C4.95776 11.3296 5.21731 11.5865 5.21731 11.9034C5.21731 12.2202 4.95776 12.4771 4.63759 12.4771H4.25111C3.93094 12.4771 3.67139 12.2202 3.67139 11.9034Z" fill="#EB0203"></path>
            <path fill-rule="evenodd" clip-rule="evenodd" d="M3.67139 8.84116C3.67139 8.52424 3.93094 8.26733 4.25111 8.26733H4.63759C4.95776 8.26733 5.21731 8.52424 5.21731 8.84116C5.21731 9.15807 4.95776 9.41498 4.63759 9.41498H4.25111C3.93094 9.41498 3.67139 9.15807 3.67139 8.84116Z" fill="#EB0203"></path>
            <path fill-rule="evenodd" clip-rule="evenodd" d="M3.67139 14.9655C3.67139 14.6486 3.93094 14.3917 4.25111 14.3917H4.63759C4.95776 14.3917 5.21731 14.6486 5.21731 14.9655C5.21731 15.2825 4.95776 15.5394 4.63759 15.5394H4.25111C3.93094 15.5394 3.67139 15.2825 3.67139 14.9655Z" fill="#EB0203"></path>
            <path fill-rule="evenodd" clip-rule="evenodd" d="M0 1.76033C0 0.914738 0.692131 0.229248 1.54592 0.229248H15.0727C15.9265 0.229248 16.6186 0.914738 16.6186 1.76033V11.2818C16.6186 11.5989 16.3591 11.8559 16.0389 11.8559C15.7187 11.8559 15.4592 11.5989 15.4592 11.2818V1.76033C15.4592 1.54893 15.2862 1.37756 15.0727 1.37756H1.54592C1.33247 1.37756 1.15944 1.54893 1.15944 1.76033V18.985C1.15944 19.1964 1.33247 19.3678 1.54592 19.3678H9.27551C9.59568 19.3678 9.85523 19.6249 9.85523 19.942C9.85523 20.2591 9.59568 20.5161 9.27551 20.5161H1.54592C0.692131 20.5161 0 19.8306 0 18.985V1.76033Z" fill="#EB0203"></path>
            <path fill-rule="evenodd" clip-rule="evenodd" d="M14.6254 13.8718C13.4921 12.8567 11.7821 12.7615 10.6574 13.7147C9.12472 15.0124 9.34891 17.128 10.4413 18.2493L14.0161 21.9126C14.2199 22.1217 14.493 22.2386 14.7824 22.2386C15.0739 22.2386 15.3449 22.1238 15.5487 21.9147L19.1235 18.2514C20.2139 17.13 20.4422 15.0144 18.9075 13.7147C17.7827 12.7634 16.0726 12.8569 14.9392 13.872C14.8856 13.92 14.8333 13.9701 14.7824 14.0222C14.7314 13.97 14.6791 13.9199 14.6254 13.8718ZM18.1546 14.588C19.0972 15.3869 18.9961 16.7262 18.2891 17.4541C18.2888 17.4543 18.2886 17.4546 18.2884 17.4548L14.7834 21.0466L11.2757 17.452C11.2756 17.4519 11.2755 17.4517 11.2753 17.4516C10.5681 16.7252 10.4682 15.3856 11.4108 14.5876L11.4112 14.5872C12.0748 14.0248 13.202 14.0556 13.949 14.8205L14.7824 15.674L15.6158 14.8205C16.3618 14.0567 17.4896 14.0256 18.1545 14.5879" fill="#EB0203"></path>
            </svg>
            </button>
            </div>
            </div>
            <p class="ct-tile--brand">Bimbo</p>
            <p class="ct-tile--quantity">emb. 310 gr</p>
            </div>
            <div class="ct-tile-bottom row no-gutters justify-content-between">
            <div class="ct-price-wrap col-8 col-sm-12">
            <div class="price js-product-price">
            <div class="prices-wrapper">
            <span class="sales ct-tile--price-primary ">
            <span class="value" content="2.29">
            <span class="ct-price-formatted">
            €2,29
            </span>
            <span class="ct-m-unit">
            /un
             </span>
            </span>
            </span>
            </div>
            <div class="ct-tile--price-secondary">
            <span class="ct-price-value">
            €7,39
            </span>
            <span class="ct-m-unit">
            /kg
            </span>
            </div>
            </div>
            </div>
            <div class="ct-tile-buy-section d-flex justify-content-center no-gutters col-auto col-sm-12">
            <div class="col-2 d-sm-flex d-none">
            <button class="wishlist-toggler guest-mode inactive button button--tertiary" data-pid="5091658" data-add-url="https://www.continente.pt/on/demandware.store/Sites-continente-Site/default/Wishlist-AddProduct?pid=5091658" data-toggle="tooltip" aria-label="Adicionar aos favoritos " data-original-title="Adicionar aos favoritos" data-placement="top">
            <svg class="active-content" width="100%" height="100%" viewBox="0 0 20 22" fill="none" xmlns="http://www.w3.org/2000/svg">
            <path fill-rule="evenodd" clip-rule="evenodd" d="M0 1.53052C0 0.685236 0.692171 0 1.54601 0H15.0736C15.9274 0 16.6196 0.685235 16.6196 1.53052V13.4064L15.8127 13.922L14.2658 14.2658L12.7189 13.4064L10.6054 14.3818C10.4994 14.2451 10.3327 14.157 10.1452 14.157H6.76329C6.4431 14.157 6.18354 14.414 6.18354 14.731C6.18354 15.0479 6.4431 15.3049 6.76329 15.3049H10.1452C10.2478 15.3049 10.3441 15.2785 10.4277 15.2322L10.3126 16.8439L13.2345 20.2793H1.54601C0.69217 20.2793 0 19.5941 0 18.7488V1.53052ZM6.18354 5.5483C6.18354 5.23132 6.4431 4.97436 6.76329 4.97436H12.3676C12.6878 4.97436 12.9473 5.23132 12.9473 5.5483C12.9473 5.86528 12.6878 6.12224 12.3676 6.12224H6.76329C6.4431 6.12224 6.18354 5.86528 6.18354 5.5483ZM6.76329 11.0961C6.4431 11.0961 6.18354 11.3531 6.18354 11.6701C6.18354 11.987 6.4431 12.244 6.76329 12.244H12.3676C12.6878 12.244 12.9473 11.987 12.9473 11.6701C12.9473 11.3531 12.6878 11.0961 12.3676 11.0961H6.76329ZM6.18354 8.60985C6.18354 8.29287 6.4431 8.03591 6.76329 8.03591H12.3676C12.6878 8.03591 12.9473 8.29287 12.9473 8.60985C12.9473 8.92684 12.6878 9.1838 12.3676 9.1838H6.76329C6.4431 9.1838 6.18354 8.92684 6.18354 8.60985ZM3.67118 5.5483C3.67118 5.23132 3.93075 4.97436 4.25093 4.97436H4.63743C4.95762 4.97436 5.21719 5.23132 5.21719 5.5483C5.21719 5.86528 4.95762 6.12224 4.63743 6.12224H4.25093C3.93075 6.12224 3.67118 5.86528 3.67118 5.5483ZM4.25093 11.0961C3.93075 11.0961 3.67118 11.3531 3.67118 11.6701C3.67118 11.987 3.93075 12.244 4.25093 12.244H4.63743C4.95762 12.244 5.21719 11.987 5.21719 11.6701C5.21719 11.3531 4.95762 11.0961 4.63743 11.0961H4.25093ZM3.67118 8.60985C3.67118 8.29287 3.93075 8.03591 4.25093 8.03591H4.63743C4.95762 8.03591 5.21719 8.29287 5.21719 8.60985C5.21719 8.92684 4.95762 9.1838 4.63743 9.1838H4.25093C3.93075 9.1838 3.67118 8.92684 3.67118 8.60985ZM4.25093 14.157C3.93075 14.157 3.67118 14.414 3.67118 14.731C3.67118 15.0479 3.93075 15.3049 4.25093 15.3049H4.63743C4.95762 15.3049 5.21719 15.0479 5.21719 14.731C5.21719 14.414 4.95762 14.157 4.63743 14.157H4.25093Z" fill="#EB0203"></path>
            <path fill-rule="evenodd" clip-rule="evenodd" d="M14.6252 13.6363C13.4918 12.6215 11.7817 12.5264 10.6569 13.4792C9.12421 14.7764 9.34841 16.8912 10.4409 18.0122L14.0159 21.6742C14.2197 21.8832 14.4928 22 14.7822 22C15.0737 22 15.3448 21.8852 15.5486 21.6762L19.1236 18.0142C20.214 16.8933 20.4423 14.7785 18.9075 13.4792C17.7827 12.5283 16.0724 12.6217 14.9391 13.6365C14.8855 13.6845 14.8331 13.7345 14.7822 13.7866C14.7313 13.7345 14.6789 13.6843 14.6252 13.6363ZM18.1546 14.3522C19.0973 15.1508 18.9962 16.4896 18.2891 17.2173C18.2888 17.2175 18.2886 17.2177 18.2884 17.218L14.7832 20.8084L11.2753 17.2151C11.2752 17.215 11.2751 17.2149 11.2749 17.2148C10.5677 16.4887 10.4678 15.1495 11.4104 14.3518L11.4108 14.3514C12.0745 13.7892 13.2018 13.82 13.9488 14.5846L14.7822 15.4378L15.6157 14.5846C16.3617 13.8211 17.4896 13.79 18.1545 14.3521" fill="#EB0203"></path>
            </svg>
            <svg class="inactive-content" width="100%" height="100%" viewBox="0 0 20 23" fill="none" xmlns="http://www.w3.org/2000/svg">
            <path fill-rule="evenodd" clip-rule="evenodd" d="M6.18408 5.77914C6.18408 5.46223 6.44363 5.20532 6.7638 5.20532H12.3678C12.6879 5.20532 12.9475 5.46223 12.9475 5.77914C12.9475 6.09606 12.6879 6.35297 12.3678 6.35297H6.7638C6.44363 6.35297 6.18408 6.09606 6.18408 5.77914Z" fill="#EB0203"></path>
            <path fill-rule="evenodd" clip-rule="evenodd" d="M6.18408 11.9034C6.18408 11.5865 6.44363 11.3296 6.7638 11.3296H12.3678C12.6879 11.3296 12.9475 11.5865 12.9475 11.9034C12.9475 12.2202 12.6879 12.4771 12.3678 12.4771H6.7638C6.44363 12.4771 6.18408 12.2202 6.18408 11.9034Z" fill="#EB0203"></path>
            <path fill-rule="evenodd" clip-rule="evenodd" d="M6.18408 8.84116C6.18408 8.52424 6.44363 8.26733 6.7638 8.26733H12.3678C12.6879 8.26733 12.9475 8.52424 12.9475 8.84116C12.9475 9.15807 12.6879 9.41498 12.3678 9.41498H6.7638C6.44363 9.41498 6.18408 9.15807 6.18408 8.84116Z" fill="#EB0203"></path>
            <path fill-rule="evenodd" clip-rule="evenodd" d="M6.18408 14.9655C6.18408 14.6486 6.44363 14.3917 6.7638 14.3917H10.1455C10.4657 14.3917 10.7252 14.6486 10.7252 14.9655C10.7252 15.2825 10.4657 15.5394 10.1455 15.5394H6.7638C6.44363 15.5394 6.18408 15.2825 6.18408 14.9655Z" fill="#EB0203"></path>
            <path fill-rule="evenodd" clip-rule="evenodd" d="M3.67139 5.77914C3.67139 5.46223 3.93094 5.20532 4.25111 5.20532H4.63759C4.95776 5.20532 5.21731 5.46223 5.21731 5.77914C5.21731 6.09606 4.95776 6.35297 4.63759 6.35297H4.25111C3.93094 6.35297 3.67139 6.09606 3.67139 5.77914Z" fill="#EB0203"></path>
            <path fill-rule="evenodd" clip-rule="evenodd" d="M3.67139 11.9034C3.67139 11.5865 3.93094 11.3296 4.25111 11.3296H4.63759C4.95776 11.3296 5.21731 11.5865 5.21731 11.9034C5.21731 12.2202 4.95776 12.4771 4.63759 12.4771H4.25111C3.93094 12.4771 3.67139 12.2202 3.67139 11.9034Z" fill="#EB0203"></path>
            <path fill-rule="evenodd" clip-rule="evenodd" d="M3.67139 8.84116C3.67139 8.52424 3.93094 8.26733 4.25111 8.26733H4.63759C4.95776 8.26733 5.21731 8.52424 5.21731 8.84116C5.21731 9.15807 4.95776 9.41498 4.63759 9.41498H4.25111C3.93094 9.41498 3.67139 9.15807 3.67139 8.84116Z" fill="#EB0203"></path>
            <path fill-rule="evenodd" clip-rule="evenodd" d="M3.67139 14.9655C3.67139 14.6486 3.93094 14.3917 4.25111 14.3917H4.63759C4.95776 14.3917 5.21731 14.6486 5.21731 14.9655C5.21731 15.2825 4.95776 15.5394 4.63759 15.5394H4.25111C3.93094 15.5394 3.67139 15.2825 3.67139 14.9655Z" fill="#EB0203"></path>
            <path fill-rule="evenodd" clip-rule="evenodd" d="M0 1.76033C0 0.914738 0.692131 0.229248 1.54592 0.229248H15.0727C15.9265 0.229248 16.6186 0.914738 16.6186 1.76033V11.2818C16.6186 11.5989 16.3591 11.8559 16.0389 11.8559C15.7187 11.8559 15.4592 11.5989 15.4592 11.2818V1.76033C15.4592 1.54893 15.2862 1.37756 15.0727 1.37756H1.54592C1.33247 1.37756 1.15944 1.54893 1.15944 1.76033V18.985C1.15944 19.1964 1.33247 19.3678 1.54592 19.3678H9.27551C9.59568 19.3678 9.85523 19.6249 9.85523 19.942C9.85523 20.2591 9.59568 20.5161 9.27551 20.5161H1.54592C0.692131 20.5161 0 19.8306 0 18.985V1.76033Z" fill="#EB0203"></path>
            <path fill-rule="evenodd" clip-rule="evenodd" d="M14.6254 13.8718C13.4921 12.8567 11.7821 12.7615 10.6574 13.7147C9.12472 15.0124 9.34891 17.128 10.4413 18.2493L14.0161 21.9126C14.2199 22.1217 14.493 22.2386 14.7824 22.2386C15.0739 22.2386 15.3449 22.1238 15.5487 21.9147L19.1235 18.2514C20.2139 17.13 20.4422 15.0144 18.9075 13.7147C17.7827 12.7634 16.0726 12.8569 14.9392 13.872C14.8856 13.92 14.8333 13.9701 14.7824 14.0222C14.7314 13.97 14.6791 13.9199 14.6254 13.8718ZM18.1546 14.588C19.0972 15.3869 18.9961 16.7262 18.2891 17.4541C18.2888 17.4543 18.2886 17.4546 18.2884 17.4548L14.7834 21.0466L11.2757 17.452C11.2756 17.4519 11.2755 17.4517 11.2753 17.4516C10.5681 16.7252 10.4682 15.3856 11.4108 14.5876L11.4112 14.5872C12.0748 14.0248 13.202 14.0556 13.949 14.8205L14.7824 15.674L15.6158 14.8205C16.3618 14.0567 17.4896 14.0256 18.1545 14.5879" fill="#EB0203"></path>
            </svg>
            </button>
            </div>
            
            <div class="col-sm-10 col-12">
            <div class="ct-tile-quantity d-none" data-pid="5091658">
            <input type="hidden" class="add-to-cart-url" value="https://www.continente.pt/on/demandware.store/Sites-continente-Site/default/Cart-AddProduct">
            <div class="d-none tile-delete-confirmation-btn" data-pid="5091658" data-delay-time="3000" data-in-cart-msg="no carrinho" data-one-product-added="Adicionado ao carrinho" data-remove-from-cart-msg="Removido do carrinho" data-stay-open="6000.0" data-confirmation-image="{&quot;url&quot;:&quot;https://www.continente.pt/dw/image/v2/BDVS_PRD/on/demandware.static/-/Sites-col-master-catalog/default/dwc70966ff/images/col/509/5091658-frente.jpg?sw=87&amp;sh=80&quot;,&quot;fallbackimage&quot;:{&quot;url&quot;:&quot;https://www.continente.pt/dw/image/v2/BDVS_PRD/on/demandware.static/Sites-continente-Site/-/default/dw7c42b4da/images/noimagelarge_product.png?sw=87&amp;sh=80&quot;,&quot;title&quot;:&quot;Pão Sandwich Thins 8 Cereais&quot;,&quot;alt&quot;:&quot;Pão Sandwich Thins 8 Cereais&quot;},&quot;title&quot;:&quot;Pão Sandwich Thins 8 Cereais&quot;,&quot;alt&quot;:&quot;Pão Sandwich Thins 8 Cereais&quot;}"></div>
            <div class="ct-tile-quantity-update quantity-update product-qty-vue" data-remove-action="https://www.continente.pt/on/demandware.store/Sites-continente-Site/default/Cart-RemoveProductLineItem" data-action="https://www.continente.pt/on/demandware.store/Sites-continente-Site/default/Cart-UpdateQuantity" data-dimension-update="https://www.continente.pt/on/demandware.store/Sites-continente-Site/default/Cart-DimensionUpdate" data-pid="5091658" data-uuid="d3a45c248ff2c735aa6034017e" data-add-delay="500.0" data-measure-options="{&quot;hasConversionRate&quot;:false,&quot;hasAlternativeSaleUnit&quot;:false,&quot;unitConversionRate&quot;:0,&quot;minOrderQuantity&quot;:1,&quot;stepQuantity&quot;:1,&quot;primaryunit&quot;:&quot;un&quot;,&quot;secondaryunit&quot;:&quot;kg&quot;,&quot;selectedunit&quot;:&quot;primary&quot;,&quot;maxNumberOfUnitsPerSale&quot;:50}" data-price-available="null" :data-has-error="isMaxQtyReached || isMinQtyReached || qtySelectedMoreThanOne">
            <template v-show="prodUnits">
            <div class="quantity-input-wrapper has-units">
            <label class="visually-hidden" :for="'quantity-' + pid + additionalTag">
            Quantidade no carrinho
            </label>
            <input :ref="'quantityInput-' + pid + additionalTag" class="add-to-cart-quantity form-control ct-form-input text-center" inputmode="numeric" :class="{'is-invalid': isInvalid}" :data-pid="pid + additionalTag" :name="'quantity-' + pid + additionalTag" type="text" aria-label="Insira a quantidade" title="" v-model="displayValue" @change="updateQuantity" @focus="updateQtyFormat" @blur="restoreQtyFormat" :disabled="!isPriceAvailable">
            <span class="quantity-icon quantity-icon--minus">
            <button class="decrease-quantity-btn" @click="updateQuantity" :disabled="!isPriceAvailable" role="button" aria-label="Reduzir quantidade">
            <i class="css-math-minus"></i>
            </button>
            </span>
            <span class="quantity-icon quantity-icon--plus">
            <button class="increase-quantity-btn" @click="updateQuantity" :disabled="isMaxQtyReached || !isPriceAvailable" role="button" aria-label="Aumentar quantidade">
            <i class="css-math-plus"></i>
            </button>
            <span class="quantity-btn-disabled-placeholder"></span>
            </span>
            <template v-if="isPDP">
            <span class="quantity-error ct-span-error text-sm-center product-max-allocation" v-if="isMaxQtyReached">
            Quantidade máxima atingida
            </span>
            <span class="quantity-error ct-span-product text-sm-center product-allocation" v-if="!isMinQtyReached &amp;&amp; !isMaxQtyReached">
            {{quantitySelected}} no carrinho
            </span>
            <span class="quantity-error ct-span-error text-sm-center product-min-allocation" :data-pid="pid" v-if="isMinQtyReached &amp;&amp; !isMaxQtyReached">
            Quantidade mínima atingida
            </span>
            </template>
            </div>
            <template v-if="showNotes">
            <div class="add-note-link-container ">
            <div class="add-note">
            <a href="/produto/pao-sandwich-thins-8-cereais-bimbo-5091658.html?showNote=true" class="ct-add-note-redirect-pdp" aria-label="Adicionar comentário">
            <span class="svg-wrapper svg-icon-notes" style="width:19px; height:20px">
            <svg class="svg-inline icon-notes" viewBox="0 0 28 30" xmlns="http://www.w3.org/2000/svg" width="100%" height="100%"><path d="M21.738 0C22.985 0 24 1.04 24 2.319V12.47c0 .469-.37.848-.828.848-.457 0-.827-.38-.827-.848V2.32c0-.343-.273-.622-.607-.622H2.262c-.334 0-.607.279-.607.622V27.68c0 .343.273.622.607.622h7.81c.457 0 .827.38.827.849 0 .468-.37.848-.827.848h-7.81C1.015 30 0 28.96 0 27.681V2.32C0 1.04 1.015 0 2.262 0h19.476zm2.844 16.004l.227.007c.823.053 1.589.39 2.176.964.64.627.993 1.46.993 2.349 0 .888-.353 1.722-.993 2.348l-6.83 6.665c-.11.108-.247.186-.397.226l-5.032 1.363c-.078.021-.16.032-.241.032-.242 0-.478-.097-.647-.266-.23-.231-.314-.566-.218-.874l1.49-4.798c.044-.139.122-.266.227-.369l6.844-6.677c.64-.625 1.493-.97 2.401-.97zm-2.886 3.94l-4.922 4.802-.947 3.048 3.22-.872 4.897-4.78-2.248-2.197zm2.887-2.174c-.425 0-.824.162-1.124.455l-.484.472 2.248 2.197.484-.472c.62-.606.62-1.591 0-2.197l-.117-.104c-.283-.227-.636-.35-1.007-.35zm-10.839.022c.498 0 .904.396.904.883 0 .488-.406.884-.904.884H5.946c-.499 0-.904-.396-.904-.884 0-.487.405-.883.904-.883zm5.042-4.876c.498 0 .904.397.904.884s-.406.884-.904.884H5.946c-.499 0-.904-.397-.904-.884s.405-.884.904-.884zm0-4.875c.498 0 .904.396.904.884 0 .487-.406.883-.904.883H5.946c-.499 0-.904-.396-.904-.883 0-.488.405-.884.904-.884z" fill="#EB0203" fill-rule="evenodd"></path></svg>
            </span>
            <div class="available-note d-none"></div>
            </a>
            </div>
            </div>
            </template>
            <div class="measurement-unit-section" v-if="isPriceAvailable &amp;&amp; prodUnits ? prodUnits.hasAlternativeUnit : false">
            <div class="ct-form-radio" @click="setDimension">
            <input type="radio" title="" class="ct-form-check-input product-measurement-unit" :data-type="prodUnits.selectedUnit == prodUnits.secondaryUnit ? 'primary' : ''" :id="prodUnits.secondaryUnit + '-' + pid + '-measurement-unit-ptile' + additionalTag" :name="'measurement-unit-' + pid + '-ptile' + additionalTag" :value="prodUnits.secondaryUnit" v-model="prodUnits.selectedUnit">
            <label :class="prodUnits.secondaryUnit + '-label ct-form-check-label mb-0'" :for="prodUnits.secondaryUnit + '-' + pid + '-measurement-unit-ptile' + additionalTag">
            {{prodUnits.secondaryUnit}}
            </label>
            <span class="checkmark"></span>
            </div>
            <div class="ct-form-radio" @click="setDimension">
            <input type="radio" title="" class="ct-form-check-input product-measurement-unit" :data-type="prodUnits.selectedUnit == prodUnits.primaryUnit ? 'primary' : ''" :id="prodUnits.primaryUnit + '-' + pid + '-measurement-unit-ptile' + additionalTag" :name="'measurement-unit-' + pid + '-ptile' + additionalTag" :value="prodUnits.primaryUnit" v-model="prodUnits.selectedUnit">
            <label :class="prodUnits.primaryUnit + '-label ct-form-check-label mb-0'" :for="prodUnits.primaryUnit + '-' + pid + '-measurement-unit-ptile' + additionalTag">
            {{prodUnits.primaryUnit}}
            </label>
            <span class="checkmark"></span>
            </div>
            </div>
            <template v-if="!isPDP &amp;&amp; isPriceAvailable">
            <span class="quantity-error ct-span-error product-max-allocation" v-if="isMaxQtyReached">
            Quantidade máxima atingida
            </span>
            <span class="quantity-error ct-span-product product-allocation" v-if="!isMinQtyReached &amp;&amp; !isMaxQtyReached">
            {{quantitySelected}} no carrinho
            </span>
            <span class="quantity-error ct-span-error product-min-allocation" :data-pid="pid" v-if="isMinQtyReached &amp;&amp; !isMaxQtyReached">
            Quantidade mínima atingida
            </span>
            </template>
            </template>
            </div>
            <input class="quantity-value-mask d-none" name="quantity" type="number" min="0" value="">
            </div>
            <button type="button" class="add-to-cart button js-add-to-cart js-add-to-cart-tile 5091658 button--primary dynamic-layout-btn" data-toggle="modal" data-target="#chooseBonusProductModal" data-pid="5091658" data-quantity-value="null" aria-label="Carrinho">
            <span class="d-block d-sm-none">
            <span class="svg-wrapper svg-icon-cart" style="width:20px; height:20px">
            <svg class="svg-inline icon-cart" xmlns="http://www.w3.org/2000/svg" viewBox="0 0 500 500" width="100%" height="100%"><path fill="#EB0203" fill-rule="evenodd" d="M 485.67317,94.386311 C 476.37798,83.847129 463.09468,78.03348 448.30404,78.03348 H 90.690813 L 87.079511,51.327997 C 83.185582,22.539551 62.962285,0 41.011841,0 H 14.727836 C 6.563151,0 0,6.5286975 0,14.580758 c 0,8.05206 6.5945535,14.580758 14.727836,14.580758 h 26.284005 c 4.710398,0 14.696435,9.855222 16.894619,26.021523 L 100.01739,368.0631 c 1.88416,13.77244 9.01256,26.70549 20.1605,36.37417 8.25889,7.15046 18.02511,11.9071 28.26237,13.89679 -4.17655,7.58572 -6.53175,16.25957 -6.53175,25.493 0,29.53459 24.27424,53.59751 54.13815,53.59751 29.8325,0 54.13814,-24.03184 54.13814,-53.59751 0,-8.79818 -2.19818,-17.09897 -5.9979,-24.43598 h 77.12488 c -3.79973,7.33701 -5.96652,15.6378 -5.96652,24.43598 0,29.53459 24.27424,53.59751 54.13817,53.59751 29.83249,0 54.13814,-24.03184 54.13814,-53.59751 0,-8.79818 -2.1982,-17.09897 -5.9979,-24.43598 h 38.56243 c 8.13328,0 14.72783,-6.5287 14.72783,-14.61183 0,-8.02098 -6.59455,-14.54967 -14.72783,-14.54967 H 159.24277 c -14.38241,0 -28.13677,-11.90711 -30.02092,-26.02153 l -3.07746,-22.88154 h 290.6314 c 14.03698,0 27.94834,-5.28513 39.06488,-14.95381 11.11652,-9.6376 18.27632,-22.57065 20.16048,-36.37417 l 21.10259,-156.78201 c 1.94694,-14.51858 -2.10398,-28.29103 -11.43057,-38.861299 z M 220.76053,443.82706 c 0,13.49265 -11.08513,24.46709 -24.68247,24.46709 -13.62874,0 -24.71387,-10.97444 -24.71387,-24.46709 0,-13.49262 11.08513,-24.43598 24.71387,-24.43598 13.59734,0 24.68247,10.94336 24.68247,24.43598 z m 173.43675,0 c 0,13.49265 -11.08512,24.46709 -24.68245,24.46709 -13.62876,0 -24.71388,-10.97444 -24.71388,-24.46709 0,-13.49262 11.08512,-24.43598 24.71388,-24.43598 13.59733,0 24.68245,10.94336 24.68245,24.43598 z m 73.7648,-314.46558 -21.13397,156.782 c -1.88416,14.11442 -15.63851,26.05261 -30.02091,26.05261 H 122.25046 L 94.616142,107.19499 H 448.33544 c 6.18632,0 11.61896,2.2695 15.23028,6.37326 3.64269,4.13484 5.21283,9.73086 4.39636,15.79323 z"></path></svg>
            </span>
            </span>
            <span class="add-to-cart--text d-none d-sm-block">Carrinho</span>
            </button>
            </div>
            </div>
            </div>
            </div>
            
            <div class="col-12 d-sm-none">
            </div>
            </div>
            </div>
            </div>
            </div>
            <div class="col-12 col-sm-3 col-lg-2 productTile" data-idx="30">
            
            <script type="text/javascript">//<!--
            /* <![CDATA[ */
            (function(){
            try {
                if(window.CQuotient) {
                var cq_params = {};
                
                cq_params.cookieId = window.CQuotient.getCQCookieId();
                cq_params.userId = window.CQuotient.getCQUserId();
                cq_params.emailId = CQuotient.getCQHashedEmail();
                cq_params.loginId = CQuotient.getCQHashedLogin();
                cq_params.accumulate = true;
                cq_params.products = [{
                    id: '6578937',
                    sku: ''
                }];
                cq_params.categoryId = 'padaria-e-pastelaria-padaria-forma';
                cq_params.refinements = '[{\"name\":\"priceMin\",\"value\":\"0.01\"},{\"name\":\"priceMax\",\"value\":\"null\"},{\"name\":\"curr\",\"value\":\"EUR\"},{\"name\":\"Category\",\"value\":\"padaria-e-pastelaria-padaria-forma\"}]';
                cq_params.personalized = 'false';
                cq_params.sortingRule = 'categories top-sellers';
                cq_params.imageUUID = '__UNDEFINED__';
                cq_params.realm = "BDVS";
                cq_params.siteId = "continente";
                cq_params.instanceType = "prd";
                cq_params.queryLocale = "default";
                cq_params.locale = window.CQuotient.locale;
                
                if(window.CQuotient.sendActivity)
                    window.CQuotient.sendActivity(CQuotient.clientId, 'viewCategory', cq_params);
                else
                    window.CQuotient.activities.push({
                        activityType: 'viewCategory',
                        parameters: cq_params
                    });
              }
            } catch(err) {}
            })();
            /* ]]> */
            // -->
            </script>
            <script type="text/javascript">//<!--
            /* <![CDATA[ (viewCategoryProduct-active_data.js) */
            (function(){
            try {
                if (dw.ac) {
                    var search_params = {};
                    search_params.persd = 'false';
                    search_params.refs = '[{\"name\":\"priceMin\",\"value\":\"0.01\"},{\"name\":\"priceMax\",\"value\":\"null\"},{\"name\":\"curr\",\"value\":\"EUR\"},{\"name\":\"Category\",\"value\":\"padaria-e-pastelaria-padaria-forma\"}]';
                    search_params.sort = 'categories top-sellers';
                    search_params.imageUUID = '';
                    search_params.searchID = '79fd584c-cee5-42dd-a07f-04e8467e04c2';
                    search_params.locale = 'default';
                    search_params.queryLocale = 'default';
                    search_params.showProducts = 'true';
                    dw.ac.applyContext({category: "padaria-e-pastelaria-padaria-forma", searchData: search_params});
                    if (typeof dw.ac._scheduleDataSubmission === "function") {
                        dw.ac._scheduleDataSubmission();
                    }
                }
            } catch(err) {}
            })();
            /* ]]> */
            // -->
            </script>
            <script type="text/javascript">//<!--
            /* <![CDATA[ (viewProduct-active_data.js) */
            dw.ac._capture({id: "6578937", type: "searchhit"});
            /* ]]> */
            // -->
            </script>
            <div class="product" data-pid="6578937">
            <div class="product-tile pid-6578937 ct-product-tile data-layer-pushed" data-delay-time="3000" data-variants-mapping="[]" data-in-cart-msg="no carrinho" data-one-product-added="Adicionado ao carrinho" data-remove-from-cart-msg="Removido do carrinho" data-stay-open="6000.0" data-product-tile-impression="{&quot;name&quot;:&quot;6578937&quot;,&quot;id&quot;:&quot;6578937&quot;,&quot;price&quot;:1.69,&quot;brand&quot;:&quot;Panrico&quot;,&quot;category&quot;:[{&quot;category_level_1&quot;:&quot;Padaria e Pastelaria&quot;},{&quot;category_level_2&quot;:&quot;Padaria&quot;},{&quot;category_level_3&quot;:&quot;Pão de Forma e Embalado&quot;}],&quot;variant&quot;:&quot;&quot;}">
            <div class="ct-inner-tile-wrap row no-gutters justify-content-center align-content-start">
            
            <div class="ct-image-container col-4 col-sm" data-confirmation-image="{&quot;url&quot;:&quot;https://www.continente.pt/dw/image/v2/BDVS_PRD/on/demandware.static/-/Sites-col-master-catalog/default/dwc5677d3f/images/col/657/6578937-frente.jpg?sw=87&amp;sh=80&quot;,&quot;fallbackimage&quot;:{&quot;url&quot;:&quot;https://www.continente.pt/dw/image/v2/BDVS_PRD/on/demandware.static/Sites-continente-Site/-/default/dw7c42b4da/images/noimagelarge_product.png?sw=87&amp;sh=80&quot;,&quot;title&quot;:&quot;Pão de Forma Integral com Côdea&quot;,&quot;alt&quot;:&quot;Pão de Forma Integral com Côdea&quot;},&quot;title&quot;:&quot;Pão de Forma Integral com Côdea&quot;,&quot;alt&quot;:&quot;Pão de Forma Integral com Côdea&quot;}">
            <a href="https://www.continente.pt/produto/pao-de-forma-integral-com-codea-panrico-6578937.html?cgid=padaria-e-pastelaria-padaria-forma">
            <picture class="intrinsic intrinsic--square">
            <img class="ct-tile-image lazyloaded" loading="lazy" onerror="this.onerror=null;this.src='/on/demandware.static/Sites-continente-Site/-/default/dw7c42b4da/images/noimagelarge_product.png';" data-src="https://www.continente.pt/dw/image/v2/BDVS_PRD/on/demandware.static/-/Sites-col-master-catalog/default/dwc5677d3f/images/col/657/6578937-frente.jpg?sw=280&amp;sh=280" alt="Pão de Forma Integral com Côdea" title="Pão de Forma Integral com Côdea" src="https://www.continente.pt/dw/image/v2/BDVS_PRD/on/demandware.static/-/Sites-col-master-catalog/default/dwc5677d3f/images/col/657/6578937-frente.jpg?sw=280&amp;sh=280">
            </picture>
            </a>
            <div class="color-swatches d-flex" style="margin-left: 5px;">
            <div class="swatches d-flex">
            </div>
            </div>
            </div>
            <div class="ct-tile-body col col-sm-auto ">
            <div class="ct-pdp-details">
            <div class="ct-pdp-link">
            <a class="ct-tile--description" href="https://www.continente.pt/produto/pao-de-forma-integral-com-codea-panrico-6578937.html?cgid=padaria-e-pastelaria-padaria-forma">Pão de Forma Integral com Côdea</a>
            <div class="ct-tile--favorite-top d-sm-none">
            <button class="wishlist-toggler guest-mode inactive button button--tertiary" data-pid="6578937" data-add-url="https://www.continente.pt/on/demandware.store/Sites-continente-Site/default/Wishlist-AddProduct?pid=6578937" data-toggle="tooltip" aria-label="Adicionar aos favoritos " data-original-title="Adicionar aos favoritos" data-placement="top">
            <svg class="active-content" width="100%" height="100%" viewBox="0 0 20 22" fill="none" xmlns="http://www.w3.org/2000/svg">
            <path fill-rule="evenodd" clip-rule="evenodd" d="M0 1.53052C0 0.685236 0.692171 0 1.54601 0H15.0736C15.9274 0 16.6196 0.685235 16.6196 1.53052V13.4064L15.8127 13.922L14.2658 14.2658L12.7189 13.4064L10.6054 14.3818C10.4994 14.2451 10.3327 14.157 10.1452 14.157H6.76329C6.4431 14.157 6.18354 14.414 6.18354 14.731C6.18354 15.0479 6.4431 15.3049 6.76329 15.3049H10.1452C10.2478 15.3049 10.3441 15.2785 10.4277 15.2322L10.3126 16.8439L13.2345 20.2793H1.54601C0.69217 20.2793 0 19.5941 0 18.7488V1.53052ZM6.18354 5.5483C6.18354 5.23132 6.4431 4.97436 6.76329 4.97436H12.3676C12.6878 4.97436 12.9473 5.23132 12.9473 5.5483C12.9473 5.86528 12.6878 6.12224 12.3676 6.12224H6.76329C6.4431 6.12224 6.18354 5.86528 6.18354 5.5483ZM6.76329 11.0961C6.4431 11.0961 6.18354 11.3531 6.18354 11.6701C6.18354 11.987 6.4431 12.244 6.76329 12.244H12.3676C12.6878 12.244 12.9473 11.987 12.9473 11.6701C12.9473 11.3531 12.6878 11.0961 12.3676 11.0961H6.76329ZM6.18354 8.60985C6.18354 8.29287 6.4431 8.03591 6.76329 8.03591H12.3676C12.6878 8.03591 12.9473 8.29287 12.9473 8.60985C12.9473 8.92684 12.6878 9.1838 12.3676 9.1838H6.76329C6.4431 9.1838 6.18354 8.92684 6.18354 8.60985ZM3.67118 5.5483C3.67118 5.23132 3.93075 4.97436 4.25093 4.97436H4.63743C4.95762 4.97436 5.21719 5.23132 5.21719 5.5483C5.21719 5.86528 4.95762 6.12224 4.63743 6.12224H4.25093C3.93075 6.12224 3.67118 5.86528 3.67118 5.5483ZM4.25093 11.0961C3.93075 11.0961 3.67118 11.3531 3.67118 11.6701C3.67118 11.987 3.93075 12.244 4.25093 12.244H4.63743C4.95762 12.244 5.21719 11.987 5.21719 11.6701C5.21719 11.3531 4.95762 11.0961 4.63743 11.0961H4.25093ZM3.67118 8.60985C3.67118 8.29287 3.93075 8.03591 4.25093 8.03591H4.63743C4.95762 8.03591 5.21719 8.29287 5.21719 8.60985C5.21719 8.92684 4.95762 9.1838 4.63743 9.1838H4.25093C3.93075 9.1838 3.67118 8.92684 3.67118 8.60985ZM4.25093 14.157C3.93075 14.157 3.67118 14.414 3.67118 14.731C3.67118 15.0479 3.93075 15.3049 4.25093 15.3049H4.63743C4.95762 15.3049 5.21719 15.0479 5.21719 14.731C5.21719 14.414 4.95762 14.157 4.63743 14.157H4.25093Z" fill="#EB0203"></path>
            <path fill-rule="evenodd" clip-rule="evenodd" d="M14.6252 13.6363C13.4918 12.6215 11.7817 12.5264 10.6569 13.4792C9.12421 14.7764 9.34841 16.8912 10.4409 18.0122L14.0159 21.6742C14.2197 21.8832 14.4928 22 14.7822 22C15.0737 22 15.3448 21.8852 15.5486 21.6762L19.1236 18.0142C20.214 16.8933 20.4423 14.7785 18.9075 13.4792C17.7827 12.5283 16.0724 12.6217 14.9391 13.6365C14.8855 13.6845 14.8331 13.7345 14.7822 13.7866C14.7313 13.7345 14.6789 13.6843 14.6252 13.6363ZM18.1546 14.3522C19.0973 15.1508 18.9962 16.4896 18.2891 17.2173C18.2888 17.2175 18.2886 17.2177 18.2884 17.218L14.7832 20.8084L11.2753 17.2151C11.2752 17.215 11.2751 17.2149 11.2749 17.2148C10.5677 16.4887 10.4678 15.1495 11.4104 14.3518L11.4108 14.3514C12.0745 13.7892 13.2018 13.82 13.9488 14.5846L14.7822 15.4378L15.6157 14.5846C16.3617 13.8211 17.4896 13.79 18.1545 14.3521" fill="#EB0203"></path>
            </svg>
            <svg class="inactive-content" width="100%" height="100%" viewBox="0 0 20 23" fill="none" xmlns="http://www.w3.org/2000/svg">
            <path fill-rule="evenodd" clip-rule="evenodd" d="M6.18408 5.77914C6.18408 5.46223 6.44363 5.20532 6.7638 5.20532H12.3678C12.6879 5.20532 12.9475 5.46223 12.9475 5.77914C12.9475 6.09606 12.6879 6.35297 12.3678 6.35297H6.7638C6.44363 6.35297 6.18408 6.09606 6.18408 5.77914Z" fill="#EB0203"></path>
            <path fill-rule="evenodd" clip-rule="evenodd" d="M6.18408 11.9034C6.18408 11.5865 6.44363 11.3296 6.7638 11.3296H12.3678C12.6879 11.3296 12.9475 11.5865 12.9475 11.9034C12.9475 12.2202 12.6879 12.4771 12.3678 12.4771H6.7638C6.44363 12.4771 6.18408 12.2202 6.18408 11.9034Z" fill="#EB0203"></path>
            <path fill-rule="evenodd" clip-rule="evenodd" d="M6.18408 8.84116C6.18408 8.52424 6.44363 8.26733 6.7638 8.26733H12.3678C12.6879 8.26733 12.9475 8.52424 12.9475 8.84116C12.9475 9.15807 12.6879 9.41498 12.3678 9.41498H6.7638C6.44363 9.41498 6.18408 9.15807 6.18408 8.84116Z" fill="#EB0203"></path>
            <path fill-rule="evenodd" clip-rule="evenodd" d="M6.18408 14.9655C6.18408 14.6486 6.44363 14.3917 6.7638 14.3917H10.1455C10.4657 14.3917 10.7252 14.6486 10.7252 14.9655C10.7252 15.2825 10.4657 15.5394 10.1455 15.5394H6.7638C6.44363 15.5394 6.18408 15.2825 6.18408 14.9655Z" fill="#EB0203"></path>
            <path fill-rule="evenodd" clip-rule="evenodd" d="M3.67139 5.77914C3.67139 5.46223 3.93094 5.20532 4.25111 5.20532H4.63759C4.95776 5.20532 5.21731 5.46223 5.21731 5.77914C5.21731 6.09606 4.95776 6.35297 4.63759 6.35297H4.25111C3.93094 6.35297 3.67139 6.09606 3.67139 5.77914Z" fill="#EB0203"></path>
            <path fill-rule="evenodd" clip-rule="evenodd" d="M3.67139 11.9034C3.67139 11.5865 3.93094 11.3296 4.25111 11.3296H4.63759C4.95776 11.3296 5.21731 11.5865 5.21731 11.9034C5.21731 12.2202 4.95776 12.4771 4.63759 12.4771H4.25111C3.93094 12.4771 3.67139 12.2202 3.67139 11.9034Z" fill="#EB0203"></path>
            <path fill-rule="evenodd" clip-rule="evenodd" d="M3.67139 8.84116C3.67139 8.52424 3.93094 8.26733 4.25111 8.26733H4.63759C4.95776 8.26733 5.21731 8.52424 5.21731 8.84116C5.21731 9.15807 4.95776 9.41498 4.63759 9.41498H4.25111C3.93094 9.41498 3.67139 9.15807 3.67139 8.84116Z" fill="#EB0203"></path>
            <path fill-rule="evenodd" clip-rule="evenodd" d="M3.67139 14.9655C3.67139 14.6486 3.93094 14.3917 4.25111 14.3917H4.63759C4.95776 14.3917 5.21731 14.6486 5.21731 14.9655C5.21731 15.2825 4.95776 15.5394 4.63759 15.5394H4.25111C3.93094 15.5394 3.67139 15.2825 3.67139 14.9655Z" fill="#EB0203"></path>
            <path fill-rule="evenodd" clip-rule="evenodd" d="M0 1.76033C0 0.914738 0.692131 0.229248 1.54592 0.229248H15.0727C15.9265 0.229248 16.6186 0.914738 16.6186 1.76033V11.2818C16.6186 11.5989 16.3591 11.8559 16.0389 11.8559C15.7187 11.8559 15.4592 11.5989 15.4592 11.2818V1.76033C15.4592 1.54893 15.2862 1.37756 15.0727 1.37756H1.54592C1.33247 1.37756 1.15944 1.54893 1.15944 1.76033V18.985C1.15944 19.1964 1.33247 19.3678 1.54592 19.3678H9.27551C9.59568 19.3678 9.85523 19.6249 9.85523 19.942C9.85523 20.2591 9.59568 20.5161 9.27551 20.5161H1.54592C0.692131 20.5161 0 19.8306 0 18.985V1.76033Z" fill="#EB0203"></path>
            <path fill-rule="evenodd" clip-rule="evenodd" d="M14.6254 13.8718C13.4921 12.8567 11.7821 12.7615 10.6574 13.7147C9.12472 15.0124 9.34891 17.128 10.4413 18.2493L14.0161 21.9126C14.2199 22.1217 14.493 22.2386 14.7824 22.2386C15.0739 22.2386 15.3449 22.1238 15.5487 21.9147L19.1235 18.2514C20.2139 17.13 20.4422 15.0144 18.9075 13.7147C17.7827 12.7634 16.0726 12.8569 14.9392 13.872C14.8856 13.92 14.8333 13.9701 14.7824 14.0222C14.7314 13.97 14.6791 13.9199 14.6254 13.8718ZM18.1546 14.588C19.0972 15.3869 18.9961 16.7262 18.2891 17.4541C18.2888 17.4543 18.2886 17.4546 18.2884 17.4548L14.7834 21.0466L11.2757 17.452C11.2756 17.4519 11.2755 17.4517 11.2753 17.4516C10.5681 16.7252 10.4682 15.3856 11.4108 14.5876L11.4112 14.5872C12.0748 14.0248 13.202 14.0556 13.949 14.8205L14.7824 15.674L15.6158 14.8205C16.3618 14.0567 17.4896 14.0256 18.1545 14.5879" fill="#EB0203"></path>
            </svg>
            </button>
            </div>
            </div>
            <p class="ct-tile--brand">Panrico</p>
            <p class="ct-tile--quantity">emb. 520 gr</p>
            </div>
            <div class="ct-tile-bottom row no-gutters justify-content-between">
            <div class="ct-price-wrap col-8 col-sm-12">
            <div class="price js-product-price">
            <div class="prices-wrapper">
            <span class="sales ct-tile--price-primary ">
            <span class="value" content="1.69">
            <span class="ct-price-formatted">
            €1,69
            </span>
            <span class="ct-m-unit">
            /un
            </span>
            </span>
            </span>
            </div>
            <div class="ct-tile--price-secondary">
            <span class="ct-price-value">
            €3,25
            </span>
            <span class="ct-m-unit">
            /kg
            </span>
            </div>
            </div>
            </div>
            <div class="ct-tile-buy-section d-flex justify-content-center no-gutters col-auto col-sm-12">
            
            <div class="col-2 d-sm-flex d-none">
            <button class="wishlist-toggler guest-mode inactive button button--tertiary" data-pid="6578937" data-add-url="https://www.continente.pt/on/demandware.store/Sites-continente-Site/default/Wishlist-AddProduct?pid=6578937" data-toggle="tooltip" aria-label="Adicionar aos favoritos " data-original-title="Adicionar aos favoritos" data-placement="top">
            <svg class="active-content" width="100%" height="100%" viewBox="0 0 20 22" fill="none" xmlns="http://www.w3.org/2000/svg">
            <path fill-rule="evenodd" clip-rule="evenodd" d="M0 1.53052C0 0.685236 0.692171 0 1.54601 0H15.0736C15.9274 0 16.6196 0.685235 16.6196 1.53052V13.4064L15.8127 13.922L14.2658 14.2658L12.7189 13.4064L10.6054 14.3818C10.4994 14.2451 10.3327 14.157 10.1452 14.157H6.76329C6.4431 14.157 6.18354 14.414 6.18354 14.731C6.18354 15.0479 6.4431 15.3049 6.76329 15.3049H10.1452C10.2478 15.3049 10.3441 15.2785 10.4277 15.2322L10.3126 16.8439L13.2345 20.2793H1.54601C0.69217 20.2793 0 19.5941 0 18.7488V1.53052ZM6.18354 5.5483C6.18354 5.23132 6.4431 4.97436 6.76329 4.97436H12.3676C12.6878 4.97436 12.9473 5.23132 12.9473 5.5483C12.9473 5.86528 12.6878 6.12224 12.3676 6.12224H6.76329C6.4431 6.12224 6.18354 5.86528 6.18354 5.5483ZM6.76329 11.0961C6.4431 11.0961 6.18354 11.3531 6.18354 11.6701C6.18354 11.987 6.4431 12.244 6.76329 12.244H12.3676C12.6878 12.244 12.9473 11.987 12.9473 11.6701C12.9473 11.3531 12.6878 11.0961 12.3676 11.0961H6.76329ZM6.18354 8.60985C6.18354 8.29287 6.4431 8.03591 6.76329 8.03591H12.3676C12.6878 8.03591 12.9473 8.29287 12.9473 8.60985C12.9473 8.92684 12.6878 9.1838 12.3676 9.1838H6.76329C6.4431 9.1838 6.18354 8.92684 6.18354 8.60985ZM3.67118 5.5483C3.67118 5.23132 3.93075 4.97436 4.25093 4.97436H4.63743C4.95762 4.97436 5.21719 5.23132 5.21719 5.5483C5.21719 5.86528 4.95762 6.12224 4.63743 6.12224H4.25093C3.93075 6.12224 3.67118 5.86528 3.67118 5.5483ZM4.25093 11.0961C3.93075 11.0961 3.67118 11.3531 3.67118 11.6701C3.67118 11.987 3.93075 12.244 4.25093 12.244H4.63743C4.95762 12.244 5.21719 11.987 5.21719 11.6701C5.21719 11.3531 4.95762 11.0961 4.63743 11.0961H4.25093ZM3.67118 8.60985C3.67118 8.29287 3.93075 8.03591 4.25093 8.03591H4.63743C4.95762 8.03591 5.21719 8.29287 5.21719 8.60985C5.21719 8.92684 4.95762 9.1838 4.63743 9.1838H4.25093C3.93075 9.1838 3.67118 8.92684 3.67118 8.60985ZM4.25093 14.157C3.93075 14.157 3.67118 14.414 3.67118 14.731C3.67118 15.0479 3.93075 15.3049 4.25093 15.3049H4.63743C4.95762 15.3049 5.21719 15.0479 5.21719 14.731C5.21719 14.414 4.95762 14.157 4.63743 14.157H4.25093Z" fill="#EB0203"></path>
            <path fill-rule="evenodd" clip-rule="evenodd" d="M14.6252 13.6363C13.4918 12.6215 11.7817 12.5264 10.6569 13.4792C9.12421 14.7764 9.34841 16.8912 10.4409 18.0122L14.0159 21.6742C14.2197 21.8832 14.4928 22 14.7822 22C15.0737 22 15.3448 21.8852 15.5486 21.6762L19.1236 18.0142C20.214 16.8933 20.4423 14.7785 18.9075 13.4792C17.7827 12.5283 16.0724 12.6217 14.9391 13.6365C14.8855 13.6845 14.8331 13.7345 14.7822 13.7866C14.7313 13.7345 14.6789 13.6843 14.6252 13.6363ZM18.1546 14.3522C19.0973 15.1508 18.9962 16.4896 18.2891 17.2173C18.2888 17.2175 18.2886 17.2177 18.2884 17.218L14.7832 20.8084L11.2753 17.2151C11.2752 17.215 11.2751 17.2149 11.2749 17.2148C10.5677 16.4887 10.4678 15.1495 11.4104 14.3518L11.4108 14.3514C12.0745 13.7892 13.2018 13.82 13.9488 14.5846L14.7822 15.4378L15.6157 14.5846C16.3617 13.8211 17.4896 13.79 18.1545 14.3521" fill="#EB0203"></path>
            </svg>
            <svg class="inactive-content" width="100%" height="100%" viewBox="0 0 20 23" fill="none" xmlns="http://www.w3.org/2000/svg">
            <path fill-rule="evenodd" clip-rule="evenodd" d="M6.18408 5.77914C6.18408 5.46223 6.44363 5.20532 6.7638 5.20532H12.3678C12.6879 5.20532 12.9475 5.46223 12.9475 5.77914C12.9475 6.09606 12.6879 6.35297 12.3678 6.35297H6.7638C6.44363 6.35297 6.18408 6.09606 6.18408 5.77914Z" fill="#EB0203"></path>
            <path fill-rule="evenodd" clip-rule="evenodd" d="M6.18408 11.9034C6.18408 11.5865 6.44363 11.3296 6.7638 11.3296H12.3678C12.6879 11.3296 12.9475 11.5865 12.9475 11.9034C12.9475 12.2202 12.6879 12.4771 12.3678 12.4771H6.7638C6.44363 12.4771 6.18408 12.2202 6.18408 11.9034Z" fill="#EB0203"></path>
            <path fill-rule="evenodd" clip-rule="evenodd" d="M6.18408 8.84116C6.18408 8.52424 6.44363 8.26733 6.7638 8.26733H12.3678C12.6879 8.26733 12.9475 8.52424 12.9475 8.84116C12.9475 9.15807 12.6879 9.41498 12.3678 9.41498H6.7638C6.44363 9.41498 6.18408 9.15807 6.18408 8.84116Z" fill="#EB0203"></path>
            <path fill-rule="evenodd" clip-rule="evenodd" d="M6.18408 14.9655C6.18408 14.6486 6.44363 14.3917 6.7638 14.3917H10.1455C10.4657 14.3917 10.7252 14.6486 10.7252 14.9655C10.7252 15.2825 10.4657 15.5394 10.1455 15.5394H6.7638C6.44363 15.5394 6.18408 15.2825 6.18408 14.9655Z" fill="#EB0203"></path>
            <path fill-rule="evenodd" clip-rule="evenodd" d="M3.67139 5.77914C3.67139 5.46223 3.93094 5.20532 4.25111 5.20532H4.63759C4.95776 5.20532 5.21731 5.46223 5.21731 5.77914C5.21731 6.09606 4.95776 6.35297 4.63759 6.35297H4.25111C3.93094 6.35297 3.67139 6.09606 3.67139 5.77914Z" fill="#EB0203"></path>
            <path fill-rule="evenodd" clip-rule="evenodd" d="M3.67139 11.9034C3.67139 11.5865 3.93094 11.3296 4.25111 11.3296H4.63759C4.95776 11.3296 5.21731 11.5865 5.21731 11.9034C5.21731 12.2202 4.95776 12.4771 4.63759 12.4771H4.25111C3.93094 12.4771 3.67139 12.2202 3.67139 11.9034Z" fill="#EB0203"></path>
            <path fill-rule="evenodd" clip-rule="evenodd" d="M3.67139 8.84116C3.67139 8.52424 3.93094 8.26733 4.25111 8.26733H4.63759C4.95776 8.26733 5.21731 8.52424 5.21731 8.84116C5.21731 9.15807 4.95776 9.41498 4.63759 9.41498H4.25111C3.93094 9.41498 3.67139 9.15807 3.67139 8.84116Z" fill="#EB0203"></path>
            <path fill-rule="evenodd" clip-rule="evenodd" d="M3.67139 14.9655C3.67139 14.6486 3.93094 14.3917 4.25111 14.3917H4.63759C4.95776 14.3917 5.21731 14.6486 5.21731 14.9655C5.21731 15.2825 4.95776 15.5394 4.63759 15.5394H4.25111C3.93094 15.5394 3.67139 15.2825 3.67139 14.9655Z" fill="#EB0203"></path>
            <path fill-rule="evenodd" clip-rule="evenodd" d="M0 1.76033C0 0.914738 0.692131 0.229248 1.54592 0.229248H15.0727C15.9265 0.229248 16.6186 0.914738 16.6186 1.76033V11.2818C16.6186 11.5989 16.3591 11.8559 16.0389 11.8559C15.7187 11.8559 15.4592 11.5989 15.4592 11.2818V1.76033C15.4592 1.54893 15.2862 1.37756 15.0727 1.37756H1.54592C1.33247 1.37756 1.15944 1.54893 1.15944 1.76033V18.985C1.15944 19.1964 1.33247 19.3678 1.54592 19.3678H9.27551C9.59568 19.3678 9.85523 19.6249 9.85523 19.942C9.85523 20.2591 9.59568 20.5161 9.27551 20.5161H1.54592C0.692131 20.5161 0 19.8306 0 18.985V1.76033Z" fill="#EB0203"></path>
            <path fill-rule="evenodd" clip-rule="evenodd" d="M14.6254 13.8718C13.4921 12.8567 11.7821 12.7615 10.6574 13.7147C9.12472 15.0124 9.34891 17.128 10.4413 18.2493L14.0161 21.9126C14.2199 22.1217 14.493 22.2386 14.7824 22.2386C15.0739 22.2386 15.3449 22.1238 15.5487 21.9147L19.1235 18.2514C20.2139 17.13 20.4422 15.0144 18.9075 13.7147C17.7827 12.7634 16.0726 12.8569 14.9392 13.872C14.8856 13.92 14.8333 13.9701 14.7824 14.0222C14.7314 13.97 14.6791 13.9199 14.6254 13.8718ZM18.1546 14.588C19.0972 15.3869 18.9961 16.7262 18.2891 17.4541C18.2888 17.4543 18.2886 17.4546 18.2884 17.4548L14.7834 21.0466L11.2757 17.452C11.2756 17.4519 11.2755 17.4517 11.2753 17.4516C10.5681 16.7252 10.4682 15.3856 11.4108 14.5876L11.4112 14.5872C12.0748 14.0248 13.202 14.0556 13.949 14.8205L14.7824 15.674L15.6158 14.8205C16.3618 14.0567 17.4896 14.0256 18.1545 14.5879" fill="#EB0203"></path>
            </svg>
            </button>
            </div>
            <div class="col-sm-10 col-12">
            <div class="ct-tile-quantity d-none" data-pid="6578937">
            <input type="hidden" class="add-to-cart-url" value="https://www.continente.pt/on/demandware.store/Sites-continente-Site/default/Cart-AddProduct">
            <div class="d-none tile-delete-confirmation-btn" data-pid="6578937" data-delay-time="3000" data-in-cart-msg="no carrinho" data-one-product-added="Adicionado ao carrinho" data-remove-from-cart-msg="Removido do carrinho" data-stay-open="6000.0" data-confirmation-image="{&quot;url&quot;:&quot;https://www.continente.pt/dw/image/v2/BDVS_PRD/on/demandware.static/-/Sites-col-master-catalog/default/dwc5677d3f/images/col/657/6578937-frente.jpg?sw=87&amp;sh=80&quot;,&quot;fallbackimage&quot;:{&quot;url&quot;:&quot;https://www.continente.pt/dw/image/v2/BDVS_PRD/on/demandware.static/Sites-continente-Site/-/default/dw7c42b4da/images/noimagelarge_product.png?sw=87&amp;sh=80&quot;,&quot;title&quot;:&quot;Pão de Forma Integral com Côdea&quot;,&quot;alt&quot;:&quot;Pão de Forma Integral com Côdea&quot;},&quot;title&quot;:&quot;Pão de Forma Integral com Côdea&quot;,&quot;alt&quot;:&quot;Pão de Forma Integral com Côdea&quot;}"></div>
            <div class="ct-tile-quantity-update quantity-update product-qty-vue" data-remove-action="https://www.continente.pt/on/demandware.store/Sites-continente-Site/default/Cart-RemoveProductLineItem" data-action="https://www.continente.pt/on/demandware.store/Sites-continente-Site/default/Cart-UpdateQuantity" data-dimension-update="https://www.continente.pt/on/demandware.store/Sites-continente-Site/default/Cart-DimensionUpdate" data-pid="6578937" data-uuid="df12cac4c17ec9ab9fbb56f99d" data-add-delay="500.0" data-measure-options="{&quot;hasConversionRate&quot;:false,&quot;hasAlternativeSaleUnit&quot;:false,&quot;unitConversionRate&quot;:0,&quot;minOrderQuantity&quot;:1,&quot;stepQuantity&quot;:1,&quot;primaryunit&quot;:&quot;un&quot;,&quot;secondaryunit&quot;:&quot;kg&quot;,&quot;selectedunit&quot;:&quot;primary&quot;,&quot;maxNumberOfUnitsPerSale&quot;:50}" data-price-available="null" :data-has-error="isMaxQtyReached || isMinQtyReached || qtySelectedMoreThanOne">
            <template v-show="prodUnits">
            <div class="quantity-input-wrapper has-units">
            <label class="visually-hidden" :for="'quantity-' + pid + additionalTag">
            Quantidade no carrinho
            </label>
            <input :ref="'quantityInput-' + pid + additionalTag" class="add-to-cart-quantity form-control ct-form-input text-center" inputmode="numeric" :class="{'is-invalid': isInvalid}" :data-pid="pid + additionalTag" :name="'quantity-' + pid + additionalTag" type="text" aria-label="Insira a quantidade" title="" v-model="displayValue" @change="updateQuantity" @focus="updateQtyFormat" @blur="restoreQtyFormat" :disabled="!isPriceAvailable">
            <span class="quantity-icon quantity-icon--minus">
            <button class="decrease-quantity-btn" @click="updateQuantity" :disabled="!isPriceAvailable" role="button" aria-label="Reduzir quantidade">
            <i class="css-math-minus"></i>
            </button>
            </span>
            <span class="quantity-icon quantity-icon--plus">
            <button class="increase-quantity-btn" @click="updateQuantity" :disabled="isMaxQtyReached || !isPriceAvailable" role="button" aria-label="Aumentar quantidade">
            <i class="css-math-plus"></i>
            </button>
            <span class="quantity-btn-disabled-placeholder"></span>
            </span>
            <template v-if="isPDP">
            <span class="quantity-error ct-span-error text-sm-center product-max-allocation" v-if="isMaxQtyReached">
            Quantidade máxima atingida
            </span>
            <span class="quantity-error ct-span-product text-sm-center product-allocation" v-if="!isMinQtyReached &amp;&amp; !isMaxQtyReached">
            {{quantitySelected}} no carrinho
            </span>
            <span class="quantity-error ct-span-error text-sm-center product-min-allocation" :data-pid="pid" v-if="isMinQtyReached &amp;&amp; !isMaxQtyReached">
            Quantidade mínima atingida
            </span>
            </template>
            </div>
            <template v-if="showNotes">
            <div class="add-note-link-container ">
            <div class="add-note">
            <a href="/produto/pao-de-forma-integral-com-codea-panrico-6578937.html?showNote=true" class="ct-add-note-redirect-pdp" aria-label="Adicionar comentário">
            <span class="svg-wrapper svg-icon-notes" style="width:19px; height:20px">
            <svg class="svg-inline icon-notes" viewBox="0 0 28 30" xmlns="http://www.w3.org/2000/svg" width="100%" height="100%"><path d="M21.738 0C22.985 0 24 1.04 24 2.319V12.47c0 .469-.37.848-.828.848-.457 0-.827-.38-.827-.848V2.32c0-.343-.273-.622-.607-.622H2.262c-.334 0-.607.279-.607.622V27.68c0 .343.273.622.607.622h7.81c.457 0 .827.38.827.849 0 .468-.37.848-.827.848h-7.81C1.015 30 0 28.96 0 27.681V2.32C0 1.04 1.015 0 2.262 0h19.476zm2.844 16.004l.227.007c.823.053 1.589.39 2.176.964.64.627.993 1.46.993 2.349 0 .888-.353 1.722-.993 2.348l-6.83 6.665c-.11.108-.247.186-.397.226l-5.032 1.363c-.078.021-.16.032-.241.032-.242 0-.478-.097-.647-.266-.23-.231-.314-.566-.218-.874l1.49-4.798c.044-.139.122-.266.227-.369l6.844-6.677c.64-.625 1.493-.97 2.401-.97zm-2.886 3.94l-4.922 4.802-.947 3.048 3.22-.872 4.897-4.78-2.248-2.197zm2.887-2.174c-.425 0-.824.162-1.124.455l-.484.472 2.248 2.197.484-.472c.62-.606.62-1.591 0-2.197l-.117-.104c-.283-.227-.636-.35-1.007-.35zm-10.839.022c.498 0 .904.396.904.883 0 .488-.406.884-.904.884H5.946c-.499 0-.904-.396-.904-.884 0-.487.405-.883.904-.883zm5.042-4.876c.498 0 .904.397.904.884s-.406.884-.904.884H5.946c-.499 0-.904-.397-.904-.884s.405-.884.904-.884zm0-4.875c.498 0 .904.396.904.884 0 .487-.406.883-.904.883H5.946c-.499 0-.904-.396-.904-.883 0-.488.405-.884.904-.884z" fill="#EB0203" fill-rule="evenodd"></path></svg>
            </span>
            <div class="available-note d-none"></div>
            </a>
            </div>
            </div>
            </template>
            <div class="measurement-unit-section" v-if="isPriceAvailable &amp;&amp; prodUnits ? prodUnits.hasAlternativeUnit : false">
            <div class="ct-form-radio" @click="setDimension">
            <input type="radio" title="" class="ct-form-check-input product-measurement-unit" :data-type="prodUnits.selectedUnit == prodUnits.secondaryUnit ? 'primary' : ''" :id="prodUnits.secondaryUnit + '-' + pid + '-measurement-unit-ptile' + additionalTag" :name="'measurement-unit-' + pid + '-ptile' + additionalTag" :value="prodUnits.secondaryUnit" v-model="prodUnits.selectedUnit">
            <label :class="prodUnits.secondaryUnit + '-label ct-form-check-label mb-0'" :for="prodUnits.secondaryUnit + '-' + pid + '-measurement-unit-ptile' + additionalTag">
            {{prodUnits.secondaryUnit}}
            </label>
            <span class="checkmark"></span>
            </div>
            <div class="ct-form-radio" @click="setDimension">
            <input type="radio" title="" class="ct-form-check-input product-measurement-unit" :data-type="prodUnits.selectedUnit == prodUnits.primaryUnit ? 'primary' : ''" :id="prodUnits.primaryUnit + '-' + pid + '-measurement-unit-ptile' + additionalTag" :name="'measurement-unit-' + pid + '-ptile' + additionalTag" :value="prodUnits.primaryUnit" v-model="prodUnits.selectedUnit">
            <label :class="prodUnits.primaryUnit + '-label ct-form-check-label mb-0'" :for="prodUnits.primaryUnit + '-' + pid + '-measurement-unit-ptile' + additionalTag">
            {{prodUnits.primaryUnit}}
            </label>
            <span class="checkmark"></span>
            </div>
            </div>
            <template v-if="!isPDP &amp;&amp; isPriceAvailable">
            <span class="quantity-error ct-span-error product-max-allocation" v-if="isMaxQtyReached">
            Quantidade máxima atingida
            </span>
            <span class="quantity-error ct-span-product product-allocation" v-if="!isMinQtyReached &amp;&amp; !isMaxQtyReached">
            {{quantitySelected}} no carrinho
            </span>
            <span class="quantity-error ct-span-error product-min-allocation" :data-pid="pid" v-if="isMinQtyReached &amp;&amp; !isMaxQtyReached">
            Quantidade mínima atingida
            </span>
            </template>
            </template>
            </div>
            <input class="quantity-value-mask d-none" name="quantity" type="number" min="0" value="">
            </div>
            <button type="button" class="add-to-cart button js-add-to-cart js-add-to-cart-tile 6578937 button--primary dynamic-layout-btn" data-toggle="modal" data-target="#chooseBonusProductModal" data-pid="6578937" data-quantity-value="null" aria-label="Carrinho">
            <span class="d-block d-sm-none">
            <span class="svg-wrapper svg-icon-cart" style="width:20px; height:20px">
            <svg class="svg-inline icon-cart" xmlns="http://www.w3.org/2000/svg" viewBox="0 0 500 500" width="100%" height="100%"><path fill="#EB0203" fill-rule="evenodd" d="M 485.67317,94.386311 C 476.37798,83.847129 463.09468,78.03348 448.30404,78.03348 H 90.690813 L 87.079511,51.327997 C 83.185582,22.539551 62.962285,0 41.011841,0 H 14.727836 C 6.563151,0 0,6.5286975 0,14.580758 c 0,8.05206 6.5945535,14.580758 14.727836,14.580758 h 26.284005 c 4.710398,0 14.696435,9.855222 16.894619,26.021523 L 100.01739,368.0631 c 1.88416,13.77244 9.01256,26.70549 20.1605,36.37417 8.25889,7.15046 18.02511,11.9071 28.26237,13.89679 -4.17655,7.58572 -6.53175,16.25957 -6.53175,25.493 0,29.53459 24.27424,53.59751 54.13815,53.59751 29.8325,0 54.13814,-24.03184 54.13814,-53.59751 0,-8.79818 -2.19818,-17.09897 -5.9979,-24.43598 h 77.12488 c -3.79973,7.33701 -5.96652,15.6378 -5.96652,24.43598 0,29.53459 24.27424,53.59751 54.13817,53.59751 29.83249,0 54.13814,-24.03184 54.13814,-53.59751 0,-8.79818 -2.1982,-17.09897 -5.9979,-24.43598 h 38.56243 c 8.13328,0 14.72783,-6.5287 14.72783,-14.61183 0,-8.02098 -6.59455,-14.54967 -14.72783,-14.54967 H 159.24277 c -14.38241,0 -28.13677,-11.90711 -30.02092,-26.02153 l -3.07746,-22.88154 h 290.6314 c 14.03698,0 27.94834,-5.28513 39.06488,-14.95381 11.11652,-9.6376 18.27632,-22.57065 20.16048,-36.37417 l 21.10259,-156.78201 c 1.94694,-14.51858 -2.10398,-28.29103 -11.43057,-38.861299 z M 220.76053,443.82706 c 0,13.49265 -11.08513,24.46709 -24.68247,24.46709 -13.62874,0 -24.71387,-10.97444 -24.71387,-24.46709 0,-13.49262 11.08513,-24.43598 24.71387,-24.43598 13.59734,0 24.68247,10.94336 24.68247,24.43598 z m 173.43675,0 c 0,13.49265 -11.08512,24.46709 -24.68245,24.46709 -13.62876,0 -24.71388,-10.97444 -24.71388,-24.46709 0,-13.49262 11.08512,-24.43598 24.71388,-24.43598 13.59733,0 24.68245,10.94336 24.68245,24.43598 z m 73.7648,-314.46558 -21.13397,156.782 c -1.88416,14.11442 -15.63851,26.05261 -30.02091,26.05261 H 122.25046 L 94.616142,107.19499 H 448.33544 c 6.18632,0 11.61896,2.2695 15.23028,6.37326 3.64269,4.13484 5.21283,9.73086 4.39636,15.79323 z"></path></svg>
            </span>
            </span>
            <span class="add-to-cart--text d-none d-sm-block">Carrinho</span>
            </button>
            </div>
            </div>
            </div>
            </div>
            
            <div class="col-12 d-sm-none">
            </div>
            </div>
            </div>
            </div>
            </div>
            <div class="col-12 col-sm-3 col-lg-2 productTile" data-idx="31">
            
            <script type="text/javascript">//<!--
            /* <![CDATA[ */
            (function(){
            try {
                if(window.CQuotient) {
                var cq_params = {};
                
                cq_params.cookieId = window.CQuotient.getCQCookieId();
                cq_params.userId = window.CQuotient.getCQUserId();
                cq_params.emailId = CQuotient.getCQHashedEmail();
                cq_params.loginId = CQuotient.getCQHashedLogin();
                cq_params.accumulate = true;
                cq_params.products = [{
                    id: '5726428',
                    sku: ''
                }];
                cq_params.categoryId = 'padaria-e-pastelaria-padaria-forma';
                cq_params.refinements = '[{\"name\":\"priceMin\",\"value\":\"0.01\"},{\"name\":\"priceMax\",\"value\":\"null\"},{\"name\":\"curr\",\"value\":\"EUR\"},{\"name\":\"Category\",\"value\":\"padaria-e-pastelaria-padaria-forma\"}]';
                cq_params.personalized = 'false';
                cq_params.sortingRule = 'categories top-sellers';
                cq_params.imageUUID = '__UNDEFINED__';
                cq_params.realm = "BDVS";
                cq_params.siteId = "continente";
                cq_params.instanceType = "prd";
                cq_params.queryLocale = "default";
                cq_params.locale = window.CQuotient.locale;
                
                if(window.CQuotient.sendActivity)
                    window.CQuotient.sendActivity(CQuotient.clientId, 'viewCategory', cq_params);
                else
                    window.CQuotient.activities.push({
                        activityType: 'viewCategory',
                        parameters: cq_params
                    });
              }
            } catch(err) {}
            })();
            /* ]]> */
            // -->
            </script>
            <script type="text/javascript">//<!--
            /* <![CDATA[ (viewCategoryProduct-active_data.js) */
            (function(){
            try {
                if (dw.ac) {
                    var search_params = {};
                    search_params.persd = 'false';
                    search_params.refs = '[{\"name\":\"priceMin\",\"value\":\"0.01\"},{\"name\":\"priceMax\",\"value\":\"null\"},{\"name\":\"curr\",\"value\":\"EUR\"},{\"name\":\"Category\",\"value\":\"padaria-e-pastelaria-padaria-forma\"}]';
                    search_params.sort = 'categories top-sellers';
                    search_params.imageUUID = '';
                    search_params.searchID = '79fd584c-cee5-42dd-a07f-04e8467e04c2';
                    search_params.locale = 'default';
                    search_params.queryLocale = 'default';
                    search_params.showProducts = 'true';
                    dw.ac.applyContext({category: "padaria-e-pastelaria-padaria-forma", searchData: search_params});
                    if (typeof dw.ac._scheduleDataSubmission === "function") {
                        dw.ac._scheduleDataSubmission();
                    }
                }
            } catch(err) {}
            })();
            /* ]]> */
            // -->
            </script>
            <script type="text/javascript">//<!--
            /* <![CDATA[ (viewProduct-active_data.js) */
            dw.ac._capture({id: "5726428", type: "searchhit"});
            /* ]]> */
            // -->
            </script>
            <div class="product" data-pid="5726428">
            <div class="product-tile pid-5726428 ct-product-tile data-layer-pushed" data-delay-time="3000" data-variants-mapping="[]" data-in-cart-msg="no carrinho" data-one-product-added="Adicionado ao carrinho" data-remove-from-cart-msg="Removido do carrinho" data-stay-open="6000.0" data-product-tile-impression="{&quot;name&quot;:&quot;5726428&quot;,&quot;id&quot;:&quot;5726428&quot;,&quot;price&quot;:2.29,&quot;brand&quot;:&quot;The Rustik Bakery&quot;,&quot;category&quot;:[{&quot;category_level_1&quot;:&quot;Padaria e Pastelaria&quot;},{&quot;category_level_2&quot;:&quot;Padaria&quot;},{&quot;category_level_3&quot;:&quot;Pão de Forma e Embalado&quot;}],&quot;variant&quot;:&quot;&quot;}">
            <div class="ct-inner-tile-wrap row no-gutters justify-content-center align-content-start">
            
            <div class="ct-image-container col-4 col-sm" data-confirmation-image="{&quot;url&quot;:&quot;https://www.continente.pt/dw/image/v2/BDVS_PRD/on/demandware.static/-/Sites-col-master-catalog/default/dwcbf767c1/images/col/572/5726428-frente.jpg?sw=87&amp;sh=80&quot;,&quot;fallbackimage&quot;:{&quot;url&quot;:&quot;https://www.continente.pt/dw/image/v2/BDVS_PRD/on/demandware.static/Sites-continente-Site/-/default/dw7c42b4da/images/noimagelarge_product.png?sw=87&amp;sh=80&quot;,&quot;title&quot;:&quot;Pão Rústico Massa Mãe&quot;,&quot;alt&quot;:&quot;Pão Rústico Massa Mãe&quot;},&quot;title&quot;:&quot;Pão Rústico Massa Mãe&quot;,&quot;alt&quot;:&quot;Pão Rústico Massa Mãe&quot;}">
            <a href="https://www.continente.pt/produto/pao-rustico-massa-mae-the-rustik-bakery-5726428.html?cgid=padaria-e-pastelaria-padaria-forma">
            <picture class="intrinsic intrinsic--square">
            <img class="ct-tile-image lazyloaded" loading="lazy" onerror="this.onerror=null;this.src='/on/demandware.static/Sites-continente-Site/-/default/dw7c42b4da/images/noimagelarge_product.png';" data-src="https://www.continente.pt/dw/image/v2/BDVS_PRD/on/demandware.static/-/Sites-col-master-catalog/default/dwcbf767c1/images/col/572/5726428-frente.jpg?sw=280&amp;sh=280" alt="Pão Rústico Massa Mãe" title="Pão Rústico Massa Mãe" src="https://www.continente.pt/dw/image/v2/BDVS_PRD/on/demandware.static/-/Sites-col-master-catalog/default/dwcbf767c1/images/col/572/5726428-frente.jpg?sw=280&amp;sh=280">
            </picture>
            </a>
            <div class="color-swatches d-flex" style="margin-left: 5px;">
            <div class="swatches d-flex">
            </div>
            </div>
            </div>
            <div class="ct-tile-body col col-sm-auto ">
            <div class="ct-pdp-details">
            <div class="ct-pdp-link">
            <a class="ct-tile--description" href="https://www.continente.pt/produto/pao-rustico-massa-mae-the-rustik-bakery-5726428.html?cgid=padaria-e-pastelaria-padaria-forma">Pão Rústico Massa Mãe</a>
            <div class="ct-tile--favorite-top d-sm-none">
            <button class="wishlist-toggler guest-mode inactive button button--tertiary" data-pid="5726428" data-add-url="https://www.continente.pt/on/demandware.store/Sites-continente-Site/default/Wishlist-AddProduct?pid=5726428" data-toggle="tooltip" aria-label="Adicionar aos favoritos " data-original-title="Adicionar aos favoritos" data-placement="top">
            <svg class="active-content" width="100%" height="100%" viewBox="0 0 20 22" fill="none" xmlns="http://www.w3.org/2000/svg">
            <path fill-rule="evenodd" clip-rule="evenodd" d="M0 1.53052C0 0.685236 0.692171 0 1.54601 0H15.0736C15.9274 0 16.6196 0.685235 16.6196 1.53052V13.4064L15.8127 13.922L14.2658 14.2658L12.7189 13.4064L10.6054 14.3818C10.4994 14.2451 10.3327 14.157 10.1452 14.157H6.76329C6.4431 14.157 6.18354 14.414 6.18354 14.731C6.18354 15.0479 6.4431 15.3049 6.76329 15.3049H10.1452C10.2478 15.3049 10.3441 15.2785 10.4277 15.2322L10.3126 16.8439L13.2345 20.2793H1.54601C0.69217 20.2793 0 19.5941 0 18.7488V1.53052ZM6.18354 5.5483C6.18354 5.23132 6.4431 4.97436 6.76329 4.97436H12.3676C12.6878 4.97436 12.9473 5.23132 12.9473 5.5483C12.9473 5.86528 12.6878 6.12224 12.3676 6.12224H6.76329C6.4431 6.12224 6.18354 5.86528 6.18354 5.5483ZM6.76329 11.0961C6.4431 11.0961 6.18354 11.3531 6.18354 11.6701C6.18354 11.987 6.4431 12.244 6.76329 12.244H12.3676C12.6878 12.244 12.9473 11.987 12.9473 11.6701C12.9473 11.3531 12.6878 11.0961 12.3676 11.0961H6.76329ZM6.18354 8.60985C6.18354 8.29287 6.4431 8.03591 6.76329 8.03591H12.3676C12.6878 8.03591 12.9473 8.29287 12.9473 8.60985C12.9473 8.92684 12.6878 9.1838 12.3676 9.1838H6.76329C6.4431 9.1838 6.18354 8.92684 6.18354 8.60985ZM3.67118 5.5483C3.67118 5.23132 3.93075 4.97436 4.25093 4.97436H4.63743C4.95762 4.97436 5.21719 5.23132 5.21719 5.5483C5.21719 5.86528 4.95762 6.12224 4.63743 6.12224H4.25093C3.93075 6.12224 3.67118 5.86528 3.67118 5.5483ZM4.25093 11.0961C3.93075 11.0961 3.67118 11.3531 3.67118 11.6701C3.67118 11.987 3.93075 12.244 4.25093 12.244H4.63743C4.95762 12.244 5.21719 11.987 5.21719 11.6701C5.21719 11.3531 4.95762 11.0961 4.63743 11.0961H4.25093ZM3.67118 8.60985C3.67118 8.29287 3.93075 8.03591 4.25093 8.03591H4.63743C4.95762 8.03591 5.21719 8.29287 5.21719 8.60985C5.21719 8.92684 4.95762 9.1838 4.63743 9.1838H4.25093C3.93075 9.1838 3.67118 8.92684 3.67118 8.60985ZM4.25093 14.157C3.93075 14.157 3.67118 14.414 3.67118 14.731C3.67118 15.0479 3.93075 15.3049 4.25093 15.3049H4.63743C4.95762 15.3049 5.21719 15.0479 5.21719 14.731C5.21719 14.414 4.95762 14.157 4.63743 14.157H4.25093Z" fill="#EB0203"></path>
            <path fill-rule="evenodd" clip-rule="evenodd" d="M14.6252 13.6363C13.4918 12.6215 11.7817 12.5264 10.6569 13.4792C9.12421 14.7764 9.34841 16.8912 10.4409 18.0122L14.0159 21.6742C14.2197 21.8832 14.4928 22 14.7822 22C15.0737 22 15.3448 21.8852 15.5486 21.6762L19.1236 18.0142C20.214 16.8933 20.4423 14.7785 18.9075 13.4792C17.7827 12.5283 16.0724 12.6217 14.9391 13.6365C14.8855 13.6845 14.8331 13.7345 14.7822 13.7866C14.7313 13.7345 14.6789 13.6843 14.6252 13.6363ZM18.1546 14.3522C19.0973 15.1508 18.9962 16.4896 18.2891 17.2173C18.2888 17.2175 18.2886 17.2177 18.2884 17.218L14.7832 20.8084L11.2753 17.2151C11.2752 17.215 11.2751 17.2149 11.2749 17.2148C10.5677 16.4887 10.4678 15.1495 11.4104 14.3518L11.4108 14.3514C12.0745 13.7892 13.2018 13.82 13.9488 14.5846L14.7822 15.4378L15.6157 14.5846C16.3617 13.8211 17.4896 13.79 18.1545 14.3521" fill="#EB0203"></path>
            </svg>
            <svg class="inactive-content" width="100%" height="100%" viewBox="0 0 20 23" fill="none" xmlns="http://www.w3.org/2000/svg">
            <path fill-rule="evenodd" clip-rule="evenodd" d="M6.18408 5.77914C6.18408 5.46223 6.44363 5.20532 6.7638 5.20532H12.3678C12.6879 5.20532 12.9475 5.46223 12.9475 5.77914C12.9475 6.09606 12.6879 6.35297 12.3678 6.35297H6.7638C6.44363 6.35297 6.18408 6.09606 6.18408 5.77914Z" fill="#EB0203"></path>
            <path fill-rule="evenodd" clip-rule="evenodd" d="M6.18408 11.9034C6.18408 11.5865 6.44363 11.3296 6.7638 11.3296H12.3678C12.6879 11.3296 12.9475 11.5865 12.9475 11.9034C12.9475 12.2202 12.6879 12.4771 12.3678 12.4771H6.7638C6.44363 12.4771 6.18408 12.2202 6.18408 11.9034Z" fill="#EB0203"></path>
            <path fill-rule="evenodd" clip-rule="evenodd" d="M6.18408 8.84116C6.18408 8.52424 6.44363 8.26733 6.7638 8.26733H12.3678C12.6879 8.26733 12.9475 8.52424 12.9475 8.84116C12.9475 9.15807 12.6879 9.41498 12.3678 9.41498H6.7638C6.44363 9.41498 6.18408 9.15807 6.18408 8.84116Z" fill="#EB0203"></path>
            <path fill-rule="evenodd" clip-rule="evenodd" d="M6.18408 14.9655C6.18408 14.6486 6.44363 14.3917 6.7638 14.3917H10.1455C10.4657 14.3917 10.7252 14.6486 10.7252 14.9655C10.7252 15.2825 10.4657 15.5394 10.1455 15.5394H6.7638C6.44363 15.5394 6.18408 15.2825 6.18408 14.9655Z" fill="#EB0203"></path>
            <path fill-rule="evenodd" clip-rule="evenodd" d="M3.67139 5.77914C3.67139 5.46223 3.93094 5.20532 4.25111 5.20532H4.63759C4.95776 5.20532 5.21731 5.46223 5.21731 5.77914C5.21731 6.09606 4.95776 6.35297 4.63759 6.35297H4.25111C3.93094 6.35297 3.67139 6.09606 3.67139 5.77914Z" fill="#EB0203"></path>
            <path fill-rule="evenodd" clip-rule="evenodd" d="M3.67139 11.9034C3.67139 11.5865 3.93094 11.3296 4.25111 11.3296H4.63759C4.95776 11.3296 5.21731 11.5865 5.21731 11.9034C5.21731 12.2202 4.95776 12.4771 4.63759 12.4771H4.25111C3.93094 12.4771 3.67139 12.2202 3.67139 11.9034Z" fill="#EB0203"></path>
            <path fill-rule="evenodd" clip-rule="evenodd" d="M3.67139 8.84116C3.67139 8.52424 3.93094 8.26733 4.25111 8.26733H4.63759C4.95776 8.26733 5.21731 8.52424 5.21731 8.84116C5.21731 9.15807 4.95776 9.41498 4.63759 9.41498H4.25111C3.93094 9.41498 3.67139 9.15807 3.67139 8.84116Z" fill="#EB0203"></path>
            <path fill-rule="evenodd" clip-rule="evenodd" d="M3.67139 14.9655C3.67139 14.6486 3.93094 14.3917 4.25111 14.3917H4.63759C4.95776 14.3917 5.21731 14.6486 5.21731 14.9655C5.21731 15.2825 4.95776 15.5394 4.63759 15.5394H4.25111C3.93094 15.5394 3.67139 15.2825 3.67139 14.9655Z" fill="#EB0203"></path>
            <path fill-rule="evenodd" clip-rule="evenodd" d="M0 1.76033C0 0.914738 0.692131 0.229248 1.54592 0.229248H15.0727C15.9265 0.229248 16.6186 0.914738 16.6186 1.76033V11.2818C16.6186 11.5989 16.3591 11.8559 16.0389 11.8559C15.7187 11.8559 15.4592 11.5989 15.4592 11.2818V1.76033C15.4592 1.54893 15.2862 1.37756 15.0727 1.37756H1.54592C1.33247 1.37756 1.15944 1.54893 1.15944 1.76033V18.985C1.15944 19.1964 1.33247 19.3678 1.54592 19.3678H9.27551C9.59568 19.3678 9.85523 19.6249 9.85523 19.942C9.85523 20.2591 9.59568 20.5161 9.27551 20.5161H1.54592C0.692131 20.5161 0 19.8306 0 18.985V1.76033Z" fill="#EB0203"></path>
            <path fill-rule="evenodd" clip-rule="evenodd" d="M14.6254 13.8718C13.4921 12.8567 11.7821 12.7615 10.6574 13.7147C9.12472 15.0124 9.34891 17.128 10.4413 18.2493L14.0161 21.9126C14.2199 22.1217 14.493 22.2386 14.7824 22.2386C15.0739 22.2386 15.3449 22.1238 15.5487 21.9147L19.1235 18.2514C20.2139 17.13 20.4422 15.0144 18.9075 13.7147C17.7827 12.7634 16.0726 12.8569 14.9392 13.872C14.8856 13.92 14.8333 13.9701 14.7824 14.0222C14.7314 13.97 14.6791 13.9199 14.6254 13.8718ZM18.1546 14.588C19.0972 15.3869 18.9961 16.7262 18.2891 17.4541C18.2888 17.4543 18.2886 17.4546 18.2884 17.4548L14.7834 21.0466L11.2757 17.452C11.2756 17.4519 11.2755 17.4517 11.2753 17.4516C10.5681 16.7252 10.4682 15.3856 11.4108 14.5876L11.4112 14.5872C12.0748 14.0248 13.202 14.0556 13.949 14.8205L14.7824 15.674L15.6158 14.8205C16.3618 14.0567 17.4896 14.0256 18.1545 14.5879" fill="#EB0203"></path>
            </svg>
            </button>
            </div>
            </div>
            <p class="ct-tile--brand">The Rustik Bakery</p>
            <p class="ct-tile--quantity">emb. 450 gr</p>
            </div>
            <div class="ct-tile-bottom row no-gutters justify-content-between">
            <div class="ct-price-wrap col-8 col-sm-12">
            <div class="price js-product-price">
            <div class="prices-wrapper">
            <span class="sales ct-tile--price-primary ">
            <span class="value" content="2.29">
            <span class="ct-price-formatted">
            €2,29
            </span>
            <span class="ct-m-unit">
            /un
            </span>
            </span>
            </span>
            </div>
            <div class="ct-tile--price-secondary">
            <span class="ct-price-value">
            €5,09
            </span>
            <span class="ct-m-unit">
            /kg
            </span>
            </div>
            </div>
            </div>
            <div class="ct-tile-buy-section d-flex justify-content-center no-gutters col-auto col-sm-12">
             <div class="col-2 d-sm-flex d-none">
            <button class="wishlist-toggler guest-mode inactive button button--tertiary" data-pid="5726428" data-add-url="https://www.continente.pt/on/demandware.store/Sites-continente-Site/default/Wishlist-AddProduct?pid=5726428" data-toggle="tooltip" aria-label="Adicionar aos favoritos " data-original-title="Adicionar aos favoritos" data-placement="top">
            <svg class="active-content" width="100%" height="100%" viewBox="0 0 20 22" fill="none" xmlns="http://www.w3.org/2000/svg">
            <path fill-rule="evenodd" clip-rule="evenodd" d="M0 1.53052C0 0.685236 0.692171 0 1.54601 0H15.0736C15.9274 0 16.6196 0.685235 16.6196 1.53052V13.4064L15.8127 13.922L14.2658 14.2658L12.7189 13.4064L10.6054 14.3818C10.4994 14.2451 10.3327 14.157 10.1452 14.157H6.76329C6.4431 14.157 6.18354 14.414 6.18354 14.731C6.18354 15.0479 6.4431 15.3049 6.76329 15.3049H10.1452C10.2478 15.3049 10.3441 15.2785 10.4277 15.2322L10.3126 16.8439L13.2345 20.2793H1.54601C0.69217 20.2793 0 19.5941 0 18.7488V1.53052ZM6.18354 5.5483C6.18354 5.23132 6.4431 4.97436 6.76329 4.97436H12.3676C12.6878 4.97436 12.9473 5.23132 12.9473 5.5483C12.9473 5.86528 12.6878 6.12224 12.3676 6.12224H6.76329C6.4431 6.12224 6.18354 5.86528 6.18354 5.5483ZM6.76329 11.0961C6.4431 11.0961 6.18354 11.3531 6.18354 11.6701C6.18354 11.987 6.4431 12.244 6.76329 12.244H12.3676C12.6878 12.244 12.9473 11.987 12.9473 11.6701C12.9473 11.3531 12.6878 11.0961 12.3676 11.0961H6.76329ZM6.18354 8.60985C6.18354 8.29287 6.4431 8.03591 6.76329 8.03591H12.3676C12.6878 8.03591 12.9473 8.29287 12.9473 8.60985C12.9473 8.92684 12.6878 9.1838 12.3676 9.1838H6.76329C6.4431 9.1838 6.18354 8.92684 6.18354 8.60985ZM3.67118 5.5483C3.67118 5.23132 3.93075 4.97436 4.25093 4.97436H4.63743C4.95762 4.97436 5.21719 5.23132 5.21719 5.5483C5.21719 5.86528 4.95762 6.12224 4.63743 6.12224H4.25093C3.93075 6.12224 3.67118 5.86528 3.67118 5.5483ZM4.25093 11.0961C3.93075 11.0961 3.67118 11.3531 3.67118 11.6701C3.67118 11.987 3.93075 12.244 4.25093 12.244H4.63743C4.95762 12.244 5.21719 11.987 5.21719 11.6701C5.21719 11.3531 4.95762 11.0961 4.63743 11.0961H4.25093ZM3.67118 8.60985C3.67118 8.29287 3.93075 8.03591 4.25093 8.03591H4.63743C4.95762 8.03591 5.21719 8.29287 5.21719 8.60985C5.21719 8.92684 4.95762 9.1838 4.63743 9.1838H4.25093C3.93075 9.1838 3.67118 8.92684 3.67118 8.60985ZM4.25093 14.157C3.93075 14.157 3.67118 14.414 3.67118 14.731C3.67118 15.0479 3.93075 15.3049 4.25093 15.3049H4.63743C4.95762 15.3049 5.21719 15.0479 5.21719 14.731C5.21719 14.414 4.95762 14.157 4.63743 14.157H4.25093Z" fill="#EB0203"></path>
            <path fill-rule="evenodd" clip-rule="evenodd" d="M14.6252 13.6363C13.4918 12.6215 11.7817 12.5264 10.6569 13.4792C9.12421 14.7764 9.34841 16.8912 10.4409 18.0122L14.0159 21.6742C14.2197 21.8832 14.4928 22 14.7822 22C15.0737 22 15.3448 21.8852 15.5486 21.6762L19.1236 18.0142C20.214 16.8933 20.4423 14.7785 18.9075 13.4792C17.7827 12.5283 16.0724 12.6217 14.9391 13.6365C14.8855 13.6845 14.8331 13.7345 14.7822 13.7866C14.7313 13.7345 14.6789 13.6843 14.6252 13.6363ZM18.1546 14.3522C19.0973 15.1508 18.9962 16.4896 18.2891 17.2173C18.2888 17.2175 18.2886 17.2177 18.2884 17.218L14.7832 20.8084L11.2753 17.2151C11.2752 17.215 11.2751 17.2149 11.2749 17.2148C10.5677 16.4887 10.4678 15.1495 11.4104 14.3518L11.4108 14.3514C12.0745 13.7892 13.2018 13.82 13.9488 14.5846L14.7822 15.4378L15.6157 14.5846C16.3617 13.8211 17.4896 13.79 18.1545 14.3521" fill="#EB0203"></path>
            </svg>
            <svg class="inactive-content" width="100%" height="100%" viewBox="0 0 20 23" fill="none" xmlns="http://www.w3.org/2000/svg">
            <path fill-rule="evenodd" clip-rule="evenodd" d="M6.18408 5.77914C6.18408 5.46223 6.44363 5.20532 6.7638 5.20532H12.3678C12.6879 5.20532 12.9475 5.46223 12.9475 5.77914C12.9475 6.09606 12.6879 6.35297 12.3678 6.35297H6.7638C6.44363 6.35297 6.18408 6.09606 6.18408 5.77914Z" fill="#EB0203"></path>
            <path fill-rule="evenodd" clip-rule="evenodd" d="M6.18408 11.9034C6.18408 11.5865 6.44363 11.3296 6.7638 11.3296H12.3678C12.6879 11.3296 12.9475 11.5865 12.9475 11.9034C12.9475 12.2202 12.6879 12.4771 12.3678 12.4771H6.7638C6.44363 12.4771 6.18408 12.2202 6.18408 11.9034Z" fill="#EB0203"></path>
            <path fill-rule="evenodd" clip-rule="evenodd" d="M6.18408 8.84116C6.18408 8.52424 6.44363 8.26733 6.7638 8.26733H12.3678C12.6879 8.26733 12.9475 8.52424 12.9475 8.84116C12.9475 9.15807 12.6879 9.41498 12.3678 9.41498H6.7638C6.44363 9.41498 6.18408 9.15807 6.18408 8.84116Z" fill="#EB0203"></path>
            <path fill-rule="evenodd" clip-rule="evenodd" d="M6.18408 14.9655C6.18408 14.6486 6.44363 14.3917 6.7638 14.3917H10.1455C10.4657 14.3917 10.7252 14.6486 10.7252 14.9655C10.7252 15.2825 10.4657 15.5394 10.1455 15.5394H6.7638C6.44363 15.5394 6.18408 15.2825 6.18408 14.9655Z" fill="#EB0203"></path>
            <path fill-rule="evenodd" clip-rule="evenodd" d="M3.67139 5.77914C3.67139 5.46223 3.93094 5.20532 4.25111 5.20532H4.63759C4.95776 5.20532 5.21731 5.46223 5.21731 5.77914C5.21731 6.09606 4.95776 6.35297 4.63759 6.35297H4.25111C3.93094 6.35297 3.67139 6.09606 3.67139 5.77914Z" fill="#EB0203"></path>
            <path fill-rule="evenodd" clip-rule="evenodd" d="M3.67139 11.9034C3.67139 11.5865 3.93094 11.3296 4.25111 11.3296H4.63759C4.95776 11.3296 5.21731 11.5865 5.21731 11.9034C5.21731 12.2202 4.95776 12.4771 4.63759 12.4771H4.25111C3.93094 12.4771 3.67139 12.2202 3.67139 11.9034Z" fill="#EB0203"></path>
            <path fill-rule="evenodd" clip-rule="evenodd" d="M3.67139 8.84116C3.67139 8.52424 3.93094 8.26733 4.25111 8.26733H4.63759C4.95776 8.26733 5.21731 8.52424 5.21731 8.84116C5.21731 9.15807 4.95776 9.41498 4.63759 9.41498H4.25111C3.93094 9.41498 3.67139 9.15807 3.67139 8.84116Z" fill="#EB0203"></path>
            <path fill-rule="evenodd" clip-rule="evenodd" d="M3.67139 14.9655C3.67139 14.6486 3.93094 14.3917 4.25111 14.3917H4.63759C4.95776 14.3917 5.21731 14.6486 5.21731 14.9655C5.21731 15.2825 4.95776 15.5394 4.63759 15.5394H4.25111C3.93094 15.5394 3.67139 15.2825 3.67139 14.9655Z" fill="#EB0203"></path>
            <path fill-rule="evenodd" clip-rule="evenodd" d="M0 1.76033C0 0.914738 0.692131 0.229248 1.54592 0.229248H15.0727C15.9265 0.229248 16.6186 0.914738 16.6186 1.76033V11.2818C16.6186 11.5989 16.3591 11.8559 16.0389 11.8559C15.7187 11.8559 15.4592 11.5989 15.4592 11.2818V1.76033C15.4592 1.54893 15.2862 1.37756 15.0727 1.37756H1.54592C1.33247 1.37756 1.15944 1.54893 1.15944 1.76033V18.985C1.15944 19.1964 1.33247 19.3678 1.54592 19.3678H9.27551C9.59568 19.3678 9.85523 19.6249 9.85523 19.942C9.85523 20.2591 9.59568 20.5161 9.27551 20.5161H1.54592C0.692131 20.5161 0 19.8306 0 18.985V1.76033Z" fill="#EB0203"></path>
            <path fill-rule="evenodd" clip-rule="evenodd" d="M14.6254 13.8718C13.4921 12.8567 11.7821 12.7615 10.6574 13.7147C9.12472 15.0124 9.34891 17.128 10.4413 18.2493L14.0161 21.9126C14.2199 22.1217 14.493 22.2386 14.7824 22.2386C15.0739 22.2386 15.3449 22.1238 15.5487 21.9147L19.1235 18.2514C20.2139 17.13 20.4422 15.0144 18.9075 13.7147C17.7827 12.7634 16.0726 12.8569 14.9392 13.872C14.8856 13.92 14.8333 13.9701 14.7824 14.0222C14.7314 13.97 14.6791 13.9199 14.6254 13.8718ZM18.1546 14.588C19.0972 15.3869 18.9961 16.7262 18.2891 17.4541C18.2888 17.4543 18.2886 17.4546 18.2884 17.4548L14.7834 21.0466L11.2757 17.452C11.2756 17.4519 11.2755 17.4517 11.2753 17.4516C10.5681 16.7252 10.4682 15.3856 11.4108 14.5876L11.4112 14.5872C12.0748 14.0248 13.202 14.0556 13.949 14.8205L14.7824 15.674L15.6158 14.8205C16.3618 14.0567 17.4896 14.0256 18.1545 14.5879" fill="#EB0203"></path>
            </svg>
            </button>
            </div>
            <div class="col-sm-10 col-12">
            <div class="ct-tile-quantity d-none" data-pid="5726428">
            <input type="hidden" class="add-to-cart-url" value="https://www.continente.pt/on/demandware.store/Sites-continente-Site/default/Cart-AddProduct">
            <div class="d-none tile-delete-confirmation-btn" data-pid="5726428" data-delay-time="3000" data-in-cart-msg="no carrinho" data-one-product-added="Adicionado ao carrinho" data-remove-from-cart-msg="Removido do carrinho" data-stay-open="6000.0" data-confirmation-image="{&quot;url&quot;:&quot;https://www.continente.pt/dw/image/v2/BDVS_PRD/on/demandware.static/-/Sites-col-master-catalog/default/dwcbf767c1/images/col/572/5726428-frente.jpg?sw=87&amp;sh=80&quot;,&quot;fallbackimage&quot;:{&quot;url&quot;:&quot;https://www.continente.pt/dw/image/v2/BDVS_PRD/on/demandware.static/Sites-continente-Site/-/default/dw7c42b4da/images/noimagelarge_product.png?sw=87&amp;sh=80&quot;,&quot;title&quot;:&quot;Pão Rústico Massa Mãe&quot;,&quot;alt&quot;:&quot;Pão Rústico Massa Mãe&quot;},&quot;title&quot;:&quot;Pão Rústico Massa Mãe&quot;,&quot;alt&quot;:&quot;Pão Rústico Massa Mãe&quot;}"></div>
            <div class="ct-tile-quantity-update quantity-update product-qty-vue" data-remove-action="https://www.continente.pt/on/demandware.store/Sites-continente-Site/default/Cart-RemoveProductLineItem" data-action="https://www.continente.pt/on/demandware.store/Sites-continente-Site/default/Cart-UpdateQuantity" data-dimension-update="https://www.continente.pt/on/demandware.store/Sites-continente-Site/default/Cart-DimensionUpdate" data-pid="5726428" data-uuid="1f2f78f0aa285536c9e28a3a65" data-add-delay="500.0" data-measure-options="{&quot;hasConversionRate&quot;:false,&quot;hasAlternativeSaleUnit&quot;:false,&quot;unitConversionRate&quot;:0,&quot;minOrderQuantity&quot;:1,&quot;stepQuantity&quot;:1,&quot;primaryunit&quot;:&quot;un&quot;,&quot;secondaryunit&quot;:&quot;kg&quot;,&quot;selectedunit&quot;:&quot;primary&quot;,&quot;maxNumberOfUnitsPerSale&quot;:50}" data-price-available="null" :data-has-error="isMaxQtyReached || isMinQtyReached || qtySelectedMoreThanOne">
            <template v-show="prodUnits">
            <div class="quantity-input-wrapper has-units">
            <label class="visually-hidden" :for="'quantity-' + pid + additionalTag">
            Quantidade no carrinho
            </label>
            <input :ref="'quantityInput-' + pid + additionalTag" class="add-to-cart-quantity form-control ct-form-input text-center" inputmode="numeric" :class="{'is-invalid': isInvalid}" :data-pid="pid + additionalTag" :name="'quantity-' + pid + additionalTag" type="text" aria-label="Insira a quantidade" title="" v-model="displayValue" @change="updateQuantity" @focus="updateQtyFormat" @blur="restoreQtyFormat" :disabled="!isPriceAvailable">
            <span class="quantity-icon quantity-icon--minus">
            <button class="decrease-quantity-btn" @click="updateQuantity" :disabled="!isPriceAvailable" role="button" aria-label="Reduzir quantidade">
            <i class="css-math-minus"></i>
            </button>
            </span>
            <span class="quantity-icon quantity-icon--plus">
            <button class="increase-quantity-btn" @click="updateQuantity" :disabled="isMaxQtyReached || !isPriceAvailable" role="button" aria-label="Aumentar quantidade">
            <i class="css-math-plus"></i>
            </button>
            <span class="quantity-btn-disabled-placeholder"></span>
            </span>
            <template v-if="isPDP">
            <span class="quantity-error ct-span-error text-sm-center product-max-allocation" v-if="isMaxQtyReached">
            Quantidade máxima atingida
            </span>
            <span class="quantity-error ct-span-product text-sm-center product-allocation" v-if="!isMinQtyReached &amp;&amp; !isMaxQtyReached">
            {{quantitySelected}} no carrinho
            </span>
            <span class="quantity-error ct-span-error text-sm-center product-min-allocation" :data-pid="pid" v-if="isMinQtyReached &amp;&amp; !isMaxQtyReached">
            Quantidade mínima atingida
            </span>
            </template>
            </div>
            <template v-if="showNotes">
            <div class="add-note-link-container ">
            <div class="add-note">
            <a href="/produto/pao-rustico-massa-mae-the-rustik-bakery-5726428.html?showNote=true" class="ct-add-note-redirect-pdp" aria-label="Adicionar comentário">
            <span class="svg-wrapper svg-icon-notes" style="width:19px; height:20px">
            <svg class="svg-inline icon-notes" viewBox="0 0 28 30" xmlns="http://www.w3.org/2000/svg" width="100%" height="100%"><path d="M21.738 0C22.985 0 24 1.04 24 2.319V12.47c0 .469-.37.848-.828.848-.457 0-.827-.38-.827-.848V2.32c0-.343-.273-.622-.607-.622H2.262c-.334 0-.607.279-.607.622V27.68c0 .343.273.622.607.622h7.81c.457 0 .827.38.827.849 0 .468-.37.848-.827.848h-7.81C1.015 30 0 28.96 0 27.681V2.32C0 1.04 1.015 0 2.262 0h19.476zm2.844 16.004l.227.007c.823.053 1.589.39 2.176.964.64.627.993 1.46.993 2.349 0 .888-.353 1.722-.993 2.348l-6.83 6.665c-.11.108-.247.186-.397.226l-5.032 1.363c-.078.021-.16.032-.241.032-.242 0-.478-.097-.647-.266-.23-.231-.314-.566-.218-.874l1.49-4.798c.044-.139.122-.266.227-.369l6.844-6.677c.64-.625 1.493-.97 2.401-.97zm-2.886 3.94l-4.922 4.802-.947 3.048 3.22-.872 4.897-4.78-2.248-2.197zm2.887-2.174c-.425 0-.824.162-1.124.455l-.484.472 2.248 2.197.484-.472c.62-.606.62-1.591 0-2.197l-.117-.104c-.283-.227-.636-.35-1.007-.35zm-10.839.022c.498 0 .904.396.904.883 0 .488-.406.884-.904.884H5.946c-.499 0-.904-.396-.904-.884 0-.487.405-.883.904-.883zm5.042-4.876c.498 0 .904.397.904.884s-.406.884-.904.884H5.946c-.499 0-.904-.397-.904-.884s.405-.884.904-.884zm0-4.875c.498 0 .904.396.904.884 0 .487-.406.883-.904.883H5.946c-.499 0-.904-.396-.904-.883 0-.488.405-.884.904-.884z" fill="#EB0203" fill-rule="evenodd"></path></svg>
            </span>
            <div class="available-note d-none"></div>
            </a>
            </div>
            </div>
            </template>
            <div class="measurement-unit-section" v-if="isPriceAvailable &amp;&amp; prodUnits ? prodUnits.hasAlternativeUnit : false">
            <div class="ct-form-radio" @click="setDimension">
            <input type="radio" title="" class="ct-form-check-input product-measurement-unit" :data-type="prodUnits.selectedUnit == prodUnits.secondaryUnit ? 'primary' : ''" :id="prodUnits.secondaryUnit + '-' + pid + '-measurement-unit-ptile' + additionalTag" :name="'measurement-unit-' + pid + '-ptile' + additionalTag" :value="prodUnits.secondaryUnit" v-model="prodUnits.selectedUnit">
            <label :class="prodUnits.secondaryUnit + '-label ct-form-check-label mb-0'" :for="prodUnits.secondaryUnit + '-' + pid + '-measurement-unit-ptile' + additionalTag">
            {{prodUnits.secondaryUnit}}
            </label>
            <span class="checkmark"></span>
            </div>
            <div class="ct-form-radio" @click="setDimension">
            <input type="radio" title="" class="ct-form-check-input product-measurement-unit" :data-type="prodUnits.selectedUnit == prodUnits.primaryUnit ? 'primary' : ''" :id="prodUnits.primaryUnit + '-' + pid + '-measurement-unit-ptile' + additionalTag" :name="'measurement-unit-' + pid + '-ptile' + additionalTag" :value="prodUnits.primaryUnit" v-model="prodUnits.selectedUnit">
            <label :class="prodUnits.primaryUnit + '-label ct-form-check-label mb-0'" :for="prodUnits.primaryUnit + '-' + pid + '-measurement-unit-ptile' + additionalTag">
            {{prodUnits.primaryUnit}}
            </label>
            <span class="checkmark"></span>
            </div>
            </div>
            <template v-if="!isPDP &amp;&amp; isPriceAvailable">
            <span class="quantity-error ct-span-error product-max-allocation" v-if="isMaxQtyReached">
            Quantidade máxima atingida
            </span>
            <span class="quantity-error ct-span-product product-allocation" v-if="!isMinQtyReached &amp;&amp; !isMaxQtyReached">
            {{quantitySelected}} no carrinho
            </span>
            <span class="quantity-error ct-span-error product-min-allocation" :data-pid="pid" v-if="isMinQtyReached &amp;&amp; !isMaxQtyReached">
            Quantidade mínima atingida
            </span>
            </template>
            </template>
            </div>
            <input class="quantity-value-mask d-none" name="quantity" type="number" min="0" value="">
            </div>
            <button type="button" class="add-to-cart button js-add-to-cart js-add-to-cart-tile 5726428 button--primary dynamic-layout-btn" data-toggle="modal" data-target="#chooseBonusProductModal" data-pid="5726428" data-quantity-value="null" aria-label="Carrinho">
            <span class="d-block d-sm-none">
            <span class="svg-wrapper svg-icon-cart" style="width:20px; height:20px">
            <svg class="svg-inline icon-cart" xmlns="http://www.w3.org/2000/svg" viewBox="0 0 500 500" width="100%" height="100%"><path fill="#EB0203" fill-rule="evenodd" d="M 485.67317,94.386311 C 476.37798,83.847129 463.09468,78.03348 448.30404,78.03348 H 90.690813 L 87.079511,51.327997 C 83.185582,22.539551 62.962285,0 41.011841,0 H 14.727836 C 6.563151,0 0,6.5286975 0,14.580758 c 0,8.05206 6.5945535,14.580758 14.727836,14.580758 h 26.284005 c 4.710398,0 14.696435,9.855222 16.894619,26.021523 L 100.01739,368.0631 c 1.88416,13.77244 9.01256,26.70549 20.1605,36.37417 8.25889,7.15046 18.02511,11.9071 28.26237,13.89679 -4.17655,7.58572 -6.53175,16.25957 -6.53175,25.493 0,29.53459 24.27424,53.59751 54.13815,53.59751 29.8325,0 54.13814,-24.03184 54.13814,-53.59751 0,-8.79818 -2.19818,-17.09897 -5.9979,-24.43598 h 77.12488 c -3.79973,7.33701 -5.96652,15.6378 -5.96652,24.43598 0,29.53459 24.27424,53.59751 54.13817,53.59751 29.83249,0 54.13814,-24.03184 54.13814,-53.59751 0,-8.79818 -2.1982,-17.09897 -5.9979,-24.43598 h 38.56243 c 8.13328,0 14.72783,-6.5287 14.72783,-14.61183 0,-8.02098 -6.59455,-14.54967 -14.72783,-14.54967 H 159.24277 c -14.38241,0 -28.13677,-11.90711 -30.02092,-26.02153 l -3.07746,-22.88154 h 290.6314 c 14.03698,0 27.94834,-5.28513 39.06488,-14.95381 11.11652,-9.6376 18.27632,-22.57065 20.16048,-36.37417 l 21.10259,-156.78201 c 1.94694,-14.51858 -2.10398,-28.29103 -11.43057,-38.861299 z M 220.76053,443.82706 c 0,13.49265 -11.08513,24.46709 -24.68247,24.46709 -13.62874,0 -24.71387,-10.97444 -24.71387,-24.46709 0,-13.49262 11.08513,-24.43598 24.71387,-24.43598 13.59734,0 24.68247,10.94336 24.68247,24.43598 z m 173.43675,0 c 0,13.49265 -11.08512,24.46709 -24.68245,24.46709 -13.62876,0 -24.71388,-10.97444 -24.71388,-24.46709 0,-13.49262 11.08512,-24.43598 24.71388,-24.43598 13.59733,0 24.68245,10.94336 24.68245,24.43598 z m 73.7648,-314.46558 -21.13397,156.782 c -1.88416,14.11442 -15.63851,26.05261 -30.02091,26.05261 H 122.25046 L 94.616142,107.19499 H 448.33544 c 6.18632,0 11.61896,2.2695 15.23028,6.37326 3.64269,4.13484 5.21283,9.73086 4.39636,15.79323 z"></path></svg>
            </span>
            </span>
             <span class="add-to-cart--text d-none d-sm-block">Carrinho</span>
            </button>
            </div>
            </div>
            </div>
            </div>
            
            <div class="col-12 d-sm-none">
            </div>
            </div>
            </div>
            </div>
            </div>
            <div class="col-12 col-sm-3 col-lg-2 productTile" data-idx="32">
            
            <script type="text/javascript">//<!--
            /* <![CDATA[ */
            (function(){
            try {
                if(window.CQuotient) {
                var cq_params = {};
                
                cq_params.cookieId = window.CQuotient.getCQCookieId();
                cq_params.userId = window.CQuotient.getCQUserId();
                cq_params.emailId = CQuotient.getCQHashedEmail();
                cq_params.loginId = CQuotient.getCQHashedLogin();
                cq_params.accumulate = true;
                cq_params.products = [{
                    id: '5296290',
                    sku: ''
                }];
                cq_params.categoryId = 'padaria-e-pastelaria-padaria-forma';
                cq_params.refinements = '[{\"name\":\"priceMin\",\"value\":\"0.01\"},{\"name\":\"priceMax\",\"value\":\"null\"},{\"name\":\"curr\",\"value\":\"EUR\"},{\"name\":\"Category\",\"value\":\"padaria-e-pastelaria-padaria-forma\"}]';
                cq_params.personalized = 'false';
                cq_params.sortingRule = 'categories top-sellers';
                cq_params.imageUUID = '__UNDEFINED__';
                cq_params.realm = "BDVS";
                cq_params.siteId = "continente";
                cq_params.instanceType = "prd";
                cq_params.queryLocale = "default";
                cq_params.locale = window.CQuotient.locale;
                
                if(window.CQuotient.sendActivity)
                    window.CQuotient.sendActivity(CQuotient.clientId, 'viewCategory', cq_params);
                else
                    window.CQuotient.activities.push({
                        activityType: 'viewCategory',
                        parameters: cq_params
                    });
              }
            } catch(err) {}
            })();
            /* ]]> */
            // -->
            </script>
            <script type="text/javascript">//<!--
            /* <![CDATA[ (viewCategoryProduct-active_data.js) */
            (function(){
            try {
                if (dw.ac) {
                    var search_params = {};
                    search_params.persd = 'false';
                    search_params.refs = '[{\"name\":\"priceMin\",\"value\":\"0.01\"},{\"name\":\"priceMax\",\"value\":\"null\"},{\"name\":\"curr\",\"value\":\"EUR\"},{\"name\":\"Category\",\"value\":\"padaria-e-pastelaria-padaria-forma\"}]';
                    search_params.sort = 'categories top-sellers';
                    search_params.imageUUID = '';
                    search_params.searchID = '79fd584c-cee5-42dd-a07f-04e8467e04c2';
                    search_params.locale = 'default';
                    search_params.queryLocale = 'default';
                    search_params.showProducts = 'true';
                    dw.ac.applyContext({category: "padaria-e-pastelaria-padaria-forma", searchData: search_params});
                    if (typeof dw.ac._scheduleDataSubmission === "function") {
                        dw.ac._scheduleDataSubmission();
                    }
                }
            } catch(err) {}
            })();
            /* ]]> */
            // -->
            </script>
            <script type="text/javascript">//<!--
            /* <![CDATA[ (viewProduct-active_data.js) */
            dw.ac._capture({id: "5296290", type: "searchhit"});
            /* ]]> */
            // -->
            </script>
            <div class="product" data-pid="5296290">
            <div class="product-tile pid-5296290 ct-product-tile data-layer-pushed" data-delay-time="3000" data-variants-mapping="[]" data-in-cart-msg="no carrinho" data-one-product-added="Adicionado ao carrinho" data-remove-from-cart-msg="Removido do carrinho" data-stay-open="6000.0" data-product-tile-impression="{&quot;name&quot;:&quot;5296290&quot;,&quot;id&quot;:&quot;5296290&quot;,&quot;price&quot;:3.35,&quot;brand&quot;:&quot;Schär&quot;,&quot;category&quot;:[{&quot;category_level_1&quot;:&quot;Padaria e Pastelaria&quot;},{&quot;category_level_2&quot;:&quot;Padaria&quot;},{&quot;category_level_3&quot;:&quot;Pão de Forma e Embalado&quot;}],&quot;variant&quot;:&quot;&quot;}">
            <div class="ct-inner-tile-wrap row no-gutters justify-content-center align-content-start">
            
            
            <div class="ct-image-container col-4 col-sm" data-confirmation-image="{&quot;url&quot;:&quot;https://www.continente.pt/dw/image/v2/BDVS_PRD/on/demandware.static/-/Sites-col-master-catalog/default/dw87cf2575/images/col/529/5296290-frente.jpg?sw=87&amp;sh=80&quot;,&quot;fallbackimage&quot;:{&quot;url&quot;:&quot;https://www.continente.pt/dw/image/v2/BDVS_PRD/on/demandware.static/Sites-continente-Site/-/default/dw7c42b4da/images/noimagelarge_product.png?sw=87&amp;sh=80&quot;,&quot;title&quot;:&quot;Pão Clássico sem Glúten&quot;,&quot;alt&quot;:&quot;Pão Clássico sem Glúten&quot;},&quot;title&quot;:&quot;Pão Clássico sem Glúten&quot;,&quot;alt&quot;:&quot;Pão Clássico sem Glúten&quot;}">
            <a href="https://www.continente.pt/produto/pao-classico-sem-gluten-schar-5296290.html?cgid=padaria-e-pastelaria-padaria-forma">
            <picture class="intrinsic intrinsic--square">
            <img class="ct-tile-image lazyloaded" loading="lazy" onerror="this.onerror=null;this.src='/on/demandware.static/Sites-continente-Site/-/default/dw7c42b4da/images/noimagelarge_product.png';" data-src="https://www.continente.pt/dw/image/v2/BDVS_PRD/on/demandware.static/-/Sites-col-master-catalog/default/dw87cf2575/images/col/529/5296290-frente.jpg?sw=280&amp;sh=280" alt="Pão Clássico sem Glúten" title="Pão Clássico sem Glúten" src="https://www.continente.pt/dw/image/v2/BDVS_PRD/on/demandware.static/-/Sites-col-master-catalog/default/dw87cf2575/images/col/529/5296290-frente.jpg?sw=280&amp;sh=280">
            </picture>
            </a>
            <div class="color-swatches d-flex" style="margin-left: 5px;">
            <div class="swatches d-flex">
            </div>
            </div>
            </div>
            <div class="ct-tile-body col col-sm-auto ">
            <div class="ct-pdp-details">
            <div class="ct-pdp-link">
            <a class="ct-tile--description" href="https://www.continente.pt/produto/pao-classico-sem-gluten-schar-5296290.html?cgid=padaria-e-pastelaria-padaria-forma">Pão Clássico sem Glúten</a>
            <div class="ct-tile--favorite-top d-sm-none">
            <button class="wishlist-toggler guest-mode inactive button button--tertiary" data-pid="5296290" data-add-url="https://www.continente.pt/on/demandware.store/Sites-continente-Site/default/Wishlist-AddProduct?pid=5296290" data-toggle="tooltip" aria-label="Adicionar aos favoritos " data-original-title="Adicionar aos favoritos" data-placement="top">
            <svg class="active-content" width="100%" height="100%" viewBox="0 0 20 22" fill="none" xmlns="http://www.w3.org/2000/svg">
            <path fill-rule="evenodd" clip-rule="evenodd" d="M0 1.53052C0 0.685236 0.692171 0 1.54601 0H15.0736C15.9274 0 16.6196 0.685235 16.6196 1.53052V13.4064L15.8127 13.922L14.2658 14.2658L12.7189 13.4064L10.6054 14.3818C10.4994 14.2451 10.3327 14.157 10.1452 14.157H6.76329C6.4431 14.157 6.18354 14.414 6.18354 14.731C6.18354 15.0479 6.4431 15.3049 6.76329 15.3049H10.1452C10.2478 15.3049 10.3441 15.2785 10.4277 15.2322L10.3126 16.8439L13.2345 20.2793H1.54601C0.69217 20.2793 0 19.5941 0 18.7488V1.53052ZM6.18354 5.5483C6.18354 5.23132 6.4431 4.97436 6.76329 4.97436H12.3676C12.6878 4.97436 12.9473 5.23132 12.9473 5.5483C12.9473 5.86528 12.6878 6.12224 12.3676 6.12224H6.76329C6.4431 6.12224 6.18354 5.86528 6.18354 5.5483ZM6.76329 11.0961C6.4431 11.0961 6.18354 11.3531 6.18354 11.6701C6.18354 11.987 6.4431 12.244 6.76329 12.244H12.3676C12.6878 12.244 12.9473 11.987 12.9473 11.6701C12.9473 11.3531 12.6878 11.0961 12.3676 11.0961H6.76329ZM6.18354 8.60985C6.18354 8.29287 6.4431 8.03591 6.76329 8.03591H12.3676C12.6878 8.03591 12.9473 8.29287 12.9473 8.60985C12.9473 8.92684 12.6878 9.1838 12.3676 9.1838H6.76329C6.4431 9.1838 6.18354 8.92684 6.18354 8.60985ZM3.67118 5.5483C3.67118 5.23132 3.93075 4.97436 4.25093 4.97436H4.63743C4.95762 4.97436 5.21719 5.23132 5.21719 5.5483C5.21719 5.86528 4.95762 6.12224 4.63743 6.12224H4.25093C3.93075 6.12224 3.67118 5.86528 3.67118 5.5483ZM4.25093 11.0961C3.93075 11.0961 3.67118 11.3531 3.67118 11.6701C3.67118 11.987 3.93075 12.244 4.25093 12.244H4.63743C4.95762 12.244 5.21719 11.987 5.21719 11.6701C5.21719 11.3531 4.95762 11.0961 4.63743 11.0961H4.25093ZM3.67118 8.60985C3.67118 8.29287 3.93075 8.03591 4.25093 8.03591H4.63743C4.95762 8.03591 5.21719 8.29287 5.21719 8.60985C5.21719 8.92684 4.95762 9.1838 4.63743 9.1838H4.25093C3.93075 9.1838 3.67118 8.92684 3.67118 8.60985ZM4.25093 14.157C3.93075 14.157 3.67118 14.414 3.67118 14.731C3.67118 15.0479 3.93075 15.3049 4.25093 15.3049H4.63743C4.95762 15.3049 5.21719 15.0479 5.21719 14.731C5.21719 14.414 4.95762 14.157 4.63743 14.157H4.25093Z" fill="#EB0203"></path>
            <path fill-rule="evenodd" clip-rule="evenodd" d="M14.6252 13.6363C13.4918 12.6215 11.7817 12.5264 10.6569 13.4792C9.12421 14.7764 9.34841 16.8912 10.4409 18.0122L14.0159 21.6742C14.2197 21.8832 14.4928 22 14.7822 22C15.0737 22 15.3448 21.8852 15.5486 21.6762L19.1236 18.0142C20.214 16.8933 20.4423 14.7785 18.9075 13.4792C17.7827 12.5283 16.0724 12.6217 14.9391 13.6365C14.8855 13.6845 14.8331 13.7345 14.7822 13.7866C14.7313 13.7345 14.6789 13.6843 14.6252 13.6363ZM18.1546 14.3522C19.0973 15.1508 18.9962 16.4896 18.2891 17.2173C18.2888 17.2175 18.2886 17.2177 18.2884 17.218L14.7832 20.8084L11.2753 17.2151C11.2752 17.215 11.2751 17.2149 11.2749 17.2148C10.5677 16.4887 10.4678 15.1495 11.4104 14.3518L11.4108 14.3514C12.0745 13.7892 13.2018 13.82 13.9488 14.5846L14.7822 15.4378L15.6157 14.5846C16.3617 13.8211 17.4896 13.79 18.1545 14.3521" fill="#EB0203"></path>
            </svg>
            <svg class="inactive-content" width="100%" height="100%" viewBox="0 0 20 23" fill="none" xmlns="http://www.w3.org/2000/svg">
            <path fill-rule="evenodd" clip-rule="evenodd" d="M6.18408 5.77914C6.18408 5.46223 6.44363 5.20532 6.7638 5.20532H12.3678C12.6879 5.20532 12.9475 5.46223 12.9475 5.77914C12.9475 6.09606 12.6879 6.35297 12.3678 6.35297H6.7638C6.44363 6.35297 6.18408 6.09606 6.18408 5.77914Z" fill="#EB0203"></path>
            <path fill-rule="evenodd" clip-rule="evenodd" d="M6.18408 11.9034C6.18408 11.5865 6.44363 11.3296 6.7638 11.3296H12.3678C12.6879 11.3296 12.9475 11.5865 12.9475 11.9034C12.9475 12.2202 12.6879 12.4771 12.3678 12.4771H6.7638C6.44363 12.4771 6.18408 12.2202 6.18408 11.9034Z" fill="#EB0203"></path>
            <path fill-rule="evenodd" clip-rule="evenodd" d="M6.18408 8.84116C6.18408 8.52424 6.44363 8.26733 6.7638 8.26733H12.3678C12.6879 8.26733 12.9475 8.52424 12.9475 8.84116C12.9475 9.15807 12.6879 9.41498 12.3678 9.41498H6.7638C6.44363 9.41498 6.18408 9.15807 6.18408 8.84116Z" fill="#EB0203"></path>
            <path fill-rule="evenodd" clip-rule="evenodd" d="M6.18408 14.9655C6.18408 14.6486 6.44363 14.3917 6.7638 14.3917H10.1455C10.4657 14.3917 10.7252 14.6486 10.7252 14.9655C10.7252 15.2825 10.4657 15.5394 10.1455 15.5394H6.7638C6.44363 15.5394 6.18408 15.2825 6.18408 14.9655Z" fill="#EB0203"></path>
            <path fill-rule="evenodd" clip-rule="evenodd" d="M3.67139 5.77914C3.67139 5.46223 3.93094 5.20532 4.25111 5.20532H4.63759C4.95776 5.20532 5.21731 5.46223 5.21731 5.77914C5.21731 6.09606 4.95776 6.35297 4.63759 6.35297H4.25111C3.93094 6.35297 3.67139 6.09606 3.67139 5.77914Z" fill="#EB0203"></path>
            <path fill-rule="evenodd" clip-rule="evenodd" d="M3.67139 11.9034C3.67139 11.5865 3.93094 11.3296 4.25111 11.3296H4.63759C4.95776 11.3296 5.21731 11.5865 5.21731 11.9034C5.21731 12.2202 4.95776 12.4771 4.63759 12.4771H4.25111C3.93094 12.4771 3.67139 12.2202 3.67139 11.9034Z" fill="#EB0203"></path>
            <path fill-rule="evenodd" clip-rule="evenodd" d="M3.67139 8.84116C3.67139 8.52424 3.93094 8.26733 4.25111 8.26733H4.63759C4.95776 8.26733 5.21731 8.52424 5.21731 8.84116C5.21731 9.15807 4.95776 9.41498 4.63759 9.41498H4.25111C3.93094 9.41498 3.67139 9.15807 3.67139 8.84116Z" fill="#EB0203"></path>
            <path fill-rule="evenodd" clip-rule="evenodd" d="M3.67139 14.9655C3.67139 14.6486 3.93094 14.3917 4.25111 14.3917H4.63759C4.95776 14.3917 5.21731 14.6486 5.21731 14.9655C5.21731 15.2825 4.95776 15.5394 4.63759 15.5394H4.25111C3.93094 15.5394 3.67139 15.2825 3.67139 14.9655Z" fill="#EB0203"></path>
            <path fill-rule="evenodd" clip-rule="evenodd" d="M0 1.76033C0 0.914738 0.692131 0.229248 1.54592 0.229248H15.0727C15.9265 0.229248 16.6186 0.914738 16.6186 1.76033V11.2818C16.6186 11.5989 16.3591 11.8559 16.0389 11.8559C15.7187 11.8559 15.4592 11.5989 15.4592 11.2818V1.76033C15.4592 1.54893 15.2862 1.37756 15.0727 1.37756H1.54592C1.33247 1.37756 1.15944 1.54893 1.15944 1.76033V18.985C1.15944 19.1964 1.33247 19.3678 1.54592 19.3678H9.27551C9.59568 19.3678 9.85523 19.6249 9.85523 19.942C9.85523 20.2591 9.59568 20.5161 9.27551 20.5161H1.54592C0.692131 20.5161 0 19.8306 0 18.985V1.76033Z" fill="#EB0203"></path>
            <path fill-rule="evenodd" clip-rule="evenodd" d="M14.6254 13.8718C13.4921 12.8567 11.7821 12.7615 10.6574 13.7147C9.12472 15.0124 9.34891 17.128 10.4413 18.2493L14.0161 21.9126C14.2199 22.1217 14.493 22.2386 14.7824 22.2386C15.0739 22.2386 15.3449 22.1238 15.5487 21.9147L19.1235 18.2514C20.2139 17.13 20.4422 15.0144 18.9075 13.7147C17.7827 12.7634 16.0726 12.8569 14.9392 13.872C14.8856 13.92 14.8333 13.9701 14.7824 14.0222C14.7314 13.97 14.6791 13.9199 14.6254 13.8718ZM18.1546 14.588C19.0972 15.3869 18.9961 16.7262 18.2891 17.4541C18.2888 17.4543 18.2886 17.4546 18.2884 17.4548L14.7834 21.0466L11.2757 17.452C11.2756 17.4519 11.2755 17.4517 11.2753 17.4516C10.5681 16.7252 10.4682 15.3856 11.4108 14.5876L11.4112 14.5872C12.0748 14.0248 13.202 14.0556 13.949 14.8205L14.7824 15.674L15.6158 14.8205C16.3618 14.0567 17.4896 14.0256 18.1545 14.5879" fill="#EB0203"></path>
            </svg>
            </button>
            </div>
            </div>
            <p class="ct-tile--brand">Schär</p>
            <p class="ct-tile--quantity">emb. 300 gr</p>
            </div>
            <div class="ct-tile-bottom row no-gutters justify-content-between">
            <div class="ct-price-wrap col-8 col-sm-12">
            <div class="price js-product-price">
            <div class="prices-wrapper">
            <span class="sales ct-tile--price-primary ">
            <span class="value" content="3.35">
            <span class="ct-price-formatted">
            €3,35
            </span>
            <span class="ct-m-unit">
            /un
            </span>
            </span>
            </span>
            </div>
            <div class="ct-tile--price-secondary">
            <span class="ct-price-value">
            €11,17
            </span>
            <span class="ct-m-unit">
            /kg
            </span>
            </div>
            </div>
            </div>
            <div class="ct-tile-buy-section d-flex justify-content-center no-gutters col-auto col-sm-12">
            <div class="col-2 d-sm-flex d-none">
            <button class="wishlist-toggler guest-mode inactive button button--tertiary" data-pid="5296290" data-add-url="https://www.continente.pt/on/demandware.store/Sites-continente-Site/default/Wishlist-AddProduct?pid=5296290" data-toggle="tooltip" aria-label="Adicionar aos favoritos " data-original-title="Adicionar aos favoritos" data-placement="top">
            <svg class="active-content" width="100%" height="100%" viewBox="0 0 20 22" fill="none" xmlns="http://www.w3.org/2000/svg">
            <path fill-rule="evenodd" clip-rule="evenodd" d="M0 1.53052C0 0.685236 0.692171 0 1.54601 0H15.0736C15.9274 0 16.6196 0.685235 16.6196 1.53052V13.4064L15.8127 13.922L14.2658 14.2658L12.7189 13.4064L10.6054 14.3818C10.4994 14.2451 10.3327 14.157 10.1452 14.157H6.76329C6.4431 14.157 6.18354 14.414 6.18354 14.731C6.18354 15.0479 6.4431 15.3049 6.76329 15.3049H10.1452C10.2478 15.3049 10.3441 15.2785 10.4277 15.2322L10.3126 16.8439L13.2345 20.2793H1.54601C0.69217 20.2793 0 19.5941 0 18.7488V1.53052ZM6.18354 5.5483C6.18354 5.23132 6.4431 4.97436 6.76329 4.97436H12.3676C12.6878 4.97436 12.9473 5.23132 12.9473 5.5483C12.9473 5.86528 12.6878 6.12224 12.3676 6.12224H6.76329C6.4431 6.12224 6.18354 5.86528 6.18354 5.5483ZM6.76329 11.0961C6.4431 11.0961 6.18354 11.3531 6.18354 11.6701C6.18354 11.987 6.4431 12.244 6.76329 12.244H12.3676C12.6878 12.244 12.9473 11.987 12.9473 11.6701C12.9473 11.3531 12.6878 11.0961 12.3676 11.0961H6.76329ZM6.18354 8.60985C6.18354 8.29287 6.4431 8.03591 6.76329 8.03591H12.3676C12.6878 8.03591 12.9473 8.29287 12.9473 8.60985C12.9473 8.92684 12.6878 9.1838 12.3676 9.1838H6.76329C6.4431 9.1838 6.18354 8.92684 6.18354 8.60985ZM3.67118 5.5483C3.67118 5.23132 3.93075 4.97436 4.25093 4.97436H4.63743C4.95762 4.97436 5.21719 5.23132 5.21719 5.5483C5.21719 5.86528 4.95762 6.12224 4.63743 6.12224H4.25093C3.93075 6.12224 3.67118 5.86528 3.67118 5.5483ZM4.25093 11.0961C3.93075 11.0961 3.67118 11.3531 3.67118 11.6701C3.67118 11.987 3.93075 12.244 4.25093 12.244H4.63743C4.95762 12.244 5.21719 11.987 5.21719 11.6701C5.21719 11.3531 4.95762 11.0961 4.63743 11.0961H4.25093ZM3.67118 8.60985C3.67118 8.29287 3.93075 8.03591 4.25093 8.03591H4.63743C4.95762 8.03591 5.21719 8.29287 5.21719 8.60985C5.21719 8.92684 4.95762 9.1838 4.63743 9.1838H4.25093C3.93075 9.1838 3.67118 8.92684 3.67118 8.60985ZM4.25093 14.157C3.93075 14.157 3.67118 14.414 3.67118 14.731C3.67118 15.0479 3.93075 15.3049 4.25093 15.3049H4.63743C4.95762 15.3049 5.21719 15.0479 5.21719 14.731C5.21719 14.414 4.95762 14.157 4.63743 14.157H4.25093Z" fill="#EB0203"></path>
            <path fill-rule="evenodd" clip-rule="evenodd" d="M14.6252 13.6363C13.4918 12.6215 11.7817 12.5264 10.6569 13.4792C9.12421 14.7764 9.34841 16.8912 10.4409 18.0122L14.0159 21.6742C14.2197 21.8832 14.4928 22 14.7822 22C15.0737 22 15.3448 21.8852 15.5486 21.6762L19.1236 18.0142C20.214 16.8933 20.4423 14.7785 18.9075 13.4792C17.7827 12.5283 16.0724 12.6217 14.9391 13.6365C14.8855 13.6845 14.8331 13.7345 14.7822 13.7866C14.7313 13.7345 14.6789 13.6843 14.6252 13.6363ZM18.1546 14.3522C19.0973 15.1508 18.9962 16.4896 18.2891 17.2173C18.2888 17.2175 18.2886 17.2177 18.2884 17.218L14.7832 20.8084L11.2753 17.2151C11.2752 17.215 11.2751 17.2149 11.2749 17.2148C10.5677 16.4887 10.4678 15.1495 11.4104 14.3518L11.4108 14.3514C12.0745 13.7892 13.2018 13.82 13.9488 14.5846L14.7822 15.4378L15.6157 14.5846C16.3617 13.8211 17.4896 13.79 18.1545 14.3521" fill="#EB0203"></path>
            </svg>
            <svg class="inactive-content" width="100%" height="100%" viewBox="0 0 20 23" fill="none" xmlns="http://www.w3.org/2000/svg">
            <path fill-rule="evenodd" clip-rule="evenodd" d="M6.18408 5.77914C6.18408 5.46223 6.44363 5.20532 6.7638 5.20532H12.3678C12.6879 5.20532 12.9475 5.46223 12.9475 5.77914C12.9475 6.09606 12.6879 6.35297 12.3678 6.35297H6.7638C6.44363 6.35297 6.18408 6.09606 6.18408 5.77914Z" fill="#EB0203"></path>
            <path fill-rule="evenodd" clip-rule="evenodd" d="M6.18408 11.9034C6.18408 11.5865 6.44363 11.3296 6.7638 11.3296H12.3678C12.6879 11.3296 12.9475 11.5865 12.9475 11.9034C12.9475 12.2202 12.6879 12.4771 12.3678 12.4771H6.7638C6.44363 12.4771 6.18408 12.2202 6.18408 11.9034Z" fill="#EB0203"></path>
            <path fill-rule="evenodd" clip-rule="evenodd" d="M6.18408 8.84116C6.18408 8.52424 6.44363 8.26733 6.7638 8.26733H12.3678C12.6879 8.26733 12.9475 8.52424 12.9475 8.84116C12.9475 9.15807 12.6879 9.41498 12.3678 9.41498H6.7638C6.44363 9.41498 6.18408 9.15807 6.18408 8.84116Z" fill="#EB0203"></path>
            <path fill-rule="evenodd" clip-rule="evenodd" d="M6.18408 14.9655C6.18408 14.6486 6.44363 14.3917 6.7638 14.3917H10.1455C10.4657 14.3917 10.7252 14.6486 10.7252 14.9655C10.7252 15.2825 10.4657 15.5394 10.1455 15.5394H6.7638C6.44363 15.5394 6.18408 15.2825 6.18408 14.9655Z" fill="#EB0203"></path>
            <path fill-rule="evenodd" clip-rule="evenodd" d="M3.67139 5.77914C3.67139 5.46223 3.93094 5.20532 4.25111 5.20532H4.63759C4.95776 5.20532 5.21731 5.46223 5.21731 5.77914C5.21731 6.09606 4.95776 6.35297 4.63759 6.35297H4.25111C3.93094 6.35297 3.67139 6.09606 3.67139 5.77914Z" fill="#EB0203"></path>
            <path fill-rule="evenodd" clip-rule="evenodd" d="M3.67139 11.9034C3.67139 11.5865 3.93094 11.3296 4.25111 11.3296H4.63759C4.95776 11.3296 5.21731 11.5865 5.21731 11.9034C5.21731 12.2202 4.95776 12.4771 4.63759 12.4771H4.25111C3.93094 12.4771 3.67139 12.2202 3.67139 11.9034Z" fill="#EB0203"></path>
            <path fill-rule="evenodd" clip-rule="evenodd" d="M3.67139 8.84116C3.67139 8.52424 3.93094 8.26733 4.25111 8.26733H4.63759C4.95776 8.26733 5.21731 8.52424 5.21731 8.84116C5.21731 9.15807 4.95776 9.41498 4.63759 9.41498H4.25111C3.93094 9.41498 3.67139 9.15807 3.67139 8.84116Z" fill="#EB0203"></path>
            <path fill-rule="evenodd" clip-rule="evenodd" d="M3.67139 14.9655C3.67139 14.6486 3.93094 14.3917 4.25111 14.3917H4.63759C4.95776 14.3917 5.21731 14.6486 5.21731 14.9655C5.21731 15.2825 4.95776 15.5394 4.63759 15.5394H4.25111C3.93094 15.5394 3.67139 15.2825 3.67139 14.9655Z" fill="#EB0203"></path>
            <path fill-rule="evenodd" clip-rule="evenodd" d="M0 1.76033C0 0.914738 0.692131 0.229248 1.54592 0.229248H15.0727C15.9265 0.229248 16.6186 0.914738 16.6186 1.76033V11.2818C16.6186 11.5989 16.3591 11.8559 16.0389 11.8559C15.7187 11.8559 15.4592 11.5989 15.4592 11.2818V1.76033C15.4592 1.54893 15.2862 1.37756 15.0727 1.37756H1.54592C1.33247 1.37756 1.15944 1.54893 1.15944 1.76033V18.985C1.15944 19.1964 1.33247 19.3678 1.54592 19.3678H9.27551C9.59568 19.3678 9.85523 19.6249 9.85523 19.942C9.85523 20.2591 9.59568 20.5161 9.27551 20.5161H1.54592C0.692131 20.5161 0 19.8306 0 18.985V1.76033Z" fill="#EB0203"></path>
            <path fill-rule="evenodd" clip-rule="evenodd" d="M14.6254 13.8718C13.4921 12.8567 11.7821 12.7615 10.6574 13.7147C9.12472 15.0124 9.34891 17.128 10.4413 18.2493L14.0161 21.9126C14.2199 22.1217 14.493 22.2386 14.7824 22.2386C15.0739 22.2386 15.3449 22.1238 15.5487 21.9147L19.1235 18.2514C20.2139 17.13 20.4422 15.0144 18.9075 13.7147C17.7827 12.7634 16.0726 12.8569 14.9392 13.872C14.8856 13.92 14.8333 13.9701 14.7824 14.0222C14.7314 13.97 14.6791 13.9199 14.6254 13.8718ZM18.1546 14.588C19.0972 15.3869 18.9961 16.7262 18.2891 17.4541C18.2888 17.4543 18.2886 17.4546 18.2884 17.4548L14.7834 21.0466L11.2757 17.452C11.2756 17.4519 11.2755 17.4517 11.2753 17.4516C10.5681 16.7252 10.4682 15.3856 11.4108 14.5876L11.4112 14.5872C12.0748 14.0248 13.202 14.0556 13.949 14.8205L14.7824 15.674L15.6158 14.8205C16.3618 14.0567 17.4896 14.0256 18.1545 14.5879" fill="#EB0203"></path>
            </svg>
            </button>
            </div>
            <div class="col-sm-10 col-12">
            <div class="ct-tile-quantity d-none" data-pid="5296290">
            <input type="hidden" class="add-to-cart-url" value="https://www.continente.pt/on/demandware.store/Sites-continente-Site/default/Cart-AddProduct">
            <div class="d-none tile-delete-confirmation-btn" data-pid="5296290" data-delay-time="3000" data-in-cart-msg="no carrinho" data-one-product-added="Adicionado ao carrinho" data-remove-from-cart-msg="Removido do carrinho" data-stay-open="6000.0" data-confirmation-image="{&quot;url&quot;:&quot;https://www.continente.pt/dw/image/v2/BDVS_PRD/on/demandware.static/-/Sites-col-master-catalog/default/dw87cf2575/images/col/529/5296290-frente.jpg?sw=87&amp;sh=80&quot;,&quot;fallbackimage&quot;:{&quot;url&quot;:&quot;https://www.continente.pt/dw/image/v2/BDVS_PRD/on/demandware.static/Sites-continente-Site/-/default/dw7c42b4da/images/noimagelarge_product.png?sw=87&amp;sh=80&quot;,&quot;title&quot;:&quot;Pão Clássico sem Glúten&quot;,&quot;alt&quot;:&quot;Pão Clássico sem Glúten&quot;},&quot;title&quot;:&quot;Pão Clássico sem Glúten&quot;,&quot;alt&quot;:&quot;Pão Clássico sem Glúten&quot;}"></div>
            <div class="ct-tile-quantity-update quantity-update product-qty-vue" data-remove-action="https://www.continente.pt/on/demandware.store/Sites-continente-Site/default/Cart-RemoveProductLineItem" data-action="https://www.continente.pt/on/demandware.store/Sites-continente-Site/default/Cart-UpdateQuantity" data-dimension-update="https://www.continente.pt/on/demandware.store/Sites-continente-Site/default/Cart-DimensionUpdate" data-pid="5296290" data-uuid="9932072c2955912a968b502071" data-add-delay="500.0" data-measure-options="{&quot;hasConversionRate&quot;:false,&quot;hasAlternativeSaleUnit&quot;:false,&quot;unitConversionRate&quot;:0,&quot;minOrderQuantity&quot;:1,&quot;stepQuantity&quot;:1,&quot;primaryunit&quot;:&quot;un&quot;,&quot;secondaryunit&quot;:&quot;kg&quot;,&quot;selectedunit&quot;:&quot;primary&quot;,&quot;maxNumberOfUnitsPerSale&quot;:50}" data-price-available="null" :data-has-error="isMaxQtyReached || isMinQtyReached || qtySelectedMoreThanOne">
            <template v-show="prodUnits">
            <div class="quantity-input-wrapper has-units">
            <label class="visually-hidden" :for="'quantity-' + pid + additionalTag">
            Quantidade no carrinho
            </label>
            <input :ref="'quantityInput-' + pid + additionalTag" class="add-to-cart-quantity form-control ct-form-input text-center" inputmode="numeric" :class="{'is-invalid': isInvalid}" :data-pid="pid + additionalTag" :name="'quantity-' + pid + additionalTag" type="text" aria-label="Insira a quantidade" title="" v-model="displayValue" @change="updateQuantity" @focus="updateQtyFormat" @blur="restoreQtyFormat" :disabled="!isPriceAvailable">
            <span class="quantity-icon quantity-icon--minus">
            <button class="decrease-quantity-btn" @click="updateQuantity" :disabled="!isPriceAvailable" role="button" aria-label="Reduzir quantidade">
            <i class="css-math-minus"></i>
            </button>
            </span>
            <span class="quantity-icon quantity-icon--plus">
            <button class="increase-quantity-btn" @click="updateQuantity" :disabled="isMaxQtyReached || !isPriceAvailable" role="button" aria-label="Aumentar quantidade">
            <i class="css-math-plus"></i>
            </button>
            <span class="quantity-btn-disabled-placeholder"></span>
            </span>
            <template v-if="isPDP">
            <span class="quantity-error ct-span-error text-sm-center product-max-allocation" v-if="isMaxQtyReached">
            Quantidade máxima atingida
            </span>
            <span class="quantity-error ct-span-product text-sm-center product-allocation" v-if="!isMinQtyReached &amp;&amp; !isMaxQtyReached">
            {{quantitySelected}} no carrinho
            </span>
            <span class="quantity-error ct-span-error text-sm-center product-min-allocation" :data-pid="pid" v-if="isMinQtyReached &amp;&amp; !isMaxQtyReached">
            Quantidade mínima atingida
            </span>
            </template>
            </div>
            <template v-if="showNotes">
            <div class="add-note-link-container ">
            <div class="add-note">
            <a href="/produto/pao-classico-sem-gluten-schar-5296290.html?showNote=true" class="ct-add-note-redirect-pdp" aria-label="Adicionar comentário">
            <span class="svg-wrapper svg-icon-notes" style="width:19px; height:20px">
            <svg class="svg-inline icon-notes" viewBox="0 0 28 30" xmlns="http://www.w3.org/2000/svg" width="100%" height="100%"><path d="M21.738 0C22.985 0 24 1.04 24 2.319V12.47c0 .469-.37.848-.828.848-.457 0-.827-.38-.827-.848V2.32c0-.343-.273-.622-.607-.622H2.262c-.334 0-.607.279-.607.622V27.68c0 .343.273.622.607.622h7.81c.457 0 .827.38.827.849 0 .468-.37.848-.827.848h-7.81C1.015 30 0 28.96 0 27.681V2.32C0 1.04 1.015 0 2.262 0h19.476zm2.844 16.004l.227.007c.823.053 1.589.39 2.176.964.64.627.993 1.46.993 2.349 0 .888-.353 1.722-.993 2.348l-6.83 6.665c-.11.108-.247.186-.397.226l-5.032 1.363c-.078.021-.16.032-.241.032-.242 0-.478-.097-.647-.266-.23-.231-.314-.566-.218-.874l1.49-4.798c.044-.139.122-.266.227-.369l6.844-6.677c.64-.625 1.493-.97 2.401-.97zm-2.886 3.94l-4.922 4.802-.947 3.048 3.22-.872 4.897-4.78-2.248-2.197zm2.887-2.174c-.425 0-.824.162-1.124.455l-.484.472 2.248 2.197.484-.472c.62-.606.62-1.591 0-2.197l-.117-.104c-.283-.227-.636-.35-1.007-.35zm-10.839.022c.498 0 .904.396.904.883 0 .488-.406.884-.904.884H5.946c-.499 0-.904-.396-.904-.884 0-.487.405-.883.904-.883zm5.042-4.876c.498 0 .904.397.904.884s-.406.884-.904.884H5.946c-.499 0-.904-.397-.904-.884s.405-.884.904-.884zm0-4.875c.498 0 .904.396.904.884 0 .487-.406.883-.904.883H5.946c-.499 0-.904-.396-.904-.883 0-.488.405-.884.904-.884z" fill="#EB0203" fill-rule="evenodd"></path></svg>
            </span>
            <div class="available-note d-none"></div>
            </a>
            </div>
            </div>
            </template>
            <div class="measurement-unit-section" v-if="isPriceAvailable &amp;&amp; prodUnits ? prodUnits.hasAlternativeUnit : false">
            <div class="ct-form-radio" @click="setDimension">
            <input type="radio" title="" class="ct-form-check-input product-measurement-unit" :data-type="prodUnits.selectedUnit == prodUnits.secondaryUnit ? 'primary' : ''" :id="prodUnits.secondaryUnit + '-' + pid + '-measurement-unit-ptile' + additionalTag" :name="'measurement-unit-' + pid + '-ptile' + additionalTag" :value="prodUnits.secondaryUnit" v-model="prodUnits.selectedUnit">
            <label :class="prodUnits.secondaryUnit + '-label ct-form-check-label mb-0'" :for="prodUnits.secondaryUnit + '-' + pid + '-measurement-unit-ptile' + additionalTag">
            {{prodUnits.secondaryUnit}}
            </label>
            <span class="checkmark"></span>
            </div>
            <div class="ct-form-radio" @click="setDimension">
            <input type="radio" title="" class="ct-form-check-input product-measurement-unit" :data-type="prodUnits.selectedUnit == prodUnits.primaryUnit ? 'primary' : ''" :id="prodUnits.primaryUnit + '-' + pid + '-measurement-unit-ptile' + additionalTag" :name="'measurement-unit-' + pid + '-ptile' + additionalTag" :value="prodUnits.primaryUnit" v-model="prodUnits.selectedUnit">
            <label :class="prodUnits.primaryUnit + '-label ct-form-check-label mb-0'" :for="prodUnits.primaryUnit + '-' + pid + '-measurement-unit-ptile' + additionalTag">
            {{prodUnits.primaryUnit}}
            </label>
            <span class="checkmark"></span>
            </div>
            </div>
            <template v-if="!isPDP &amp;&amp; isPriceAvailable">
            <span class="quantity-error ct-span-error product-max-allocation" v-if="isMaxQtyReached">
            Quantidade máxima atingida
            </span>
            <span class="quantity-error ct-span-product product-allocation" v-if="!isMinQtyReached &amp;&amp; !isMaxQtyReached">
            {{quantitySelected}} no carrinho
            </span>
            <span class="quantity-error ct-span-error product-min-allocation" :data-pid="pid" v-if="isMinQtyReached &amp;&amp; !isMaxQtyReached">
            Quantidade mínima atingida
            </span>
            </template>
            </template>
            </div>
            <input class="quantity-value-mask d-none" name="quantity" type="number" min="0" value="">
            </div>
            <button type="button" class="add-to-cart button js-add-to-cart js-add-to-cart-tile 5296290 button--primary dynamic-layout-btn" data-toggle="modal" data-target="#chooseBonusProductModal" data-pid="5296290" data-quantity-value="null" aria-label="Carrinho">
            <span class="d-block d-sm-none">
            <span class="svg-wrapper svg-icon-cart" style="width:20px; height:20px">
            <svg class="svg-inline icon-cart" xmlns="http://www.w3.org/2000/svg" viewBox="0 0 500 500" width="100%" height="100%"><path fill="#EB0203" fill-rule="evenodd" d="M 485.67317,94.386311 C 476.37798,83.847129 463.09468,78.03348 448.30404,78.03348 H 90.690813 L 87.079511,51.327997 C 83.185582,22.539551 62.962285,0 41.011841,0 H 14.727836 C 6.563151,0 0,6.5286975 0,14.580758 c 0,8.05206 6.5945535,14.580758 14.727836,14.580758 h 26.284005 c 4.710398,0 14.696435,9.855222 16.894619,26.021523 L 100.01739,368.0631 c 1.88416,13.77244 9.01256,26.70549 20.1605,36.37417 8.25889,7.15046 18.02511,11.9071 28.26237,13.89679 -4.17655,7.58572 -6.53175,16.25957 -6.53175,25.493 0,29.53459 24.27424,53.59751 54.13815,53.59751 29.8325,0 54.13814,-24.03184 54.13814,-53.59751 0,-8.79818 -2.19818,-17.09897 -5.9979,-24.43598 h 77.12488 c -3.79973,7.33701 -5.96652,15.6378 -5.96652,24.43598 0,29.53459 24.27424,53.59751 54.13817,53.59751 29.83249,0 54.13814,-24.03184 54.13814,-53.59751 0,-8.79818 -2.1982,-17.09897 -5.9979,-24.43598 h 38.56243 c 8.13328,0 14.72783,-6.5287 14.72783,-14.61183 0,-8.02098 -6.59455,-14.54967 -14.72783,-14.54967 H 159.24277 c -14.38241,0 -28.13677,-11.90711 -30.02092,-26.02153 l -3.07746,-22.88154 h 290.6314 c 14.03698,0 27.94834,-5.28513 39.06488,-14.95381 11.11652,-9.6376 18.27632,-22.57065 20.16048,-36.37417 l 21.10259,-156.78201 c 1.94694,-14.51858 -2.10398,-28.29103 -11.43057,-38.861299 z M 220.76053,443.82706 c 0,13.49265 -11.08513,24.46709 -24.68247,24.46709 -13.62874,0 -24.71387,-10.97444 -24.71387,-24.46709 0,-13.49262 11.08513,-24.43598 24.71387,-24.43598 13.59734,0 24.68247,10.94336 24.68247,24.43598 z m 173.43675,0 c 0,13.49265 -11.08512,24.46709 -24.68245,24.46709 -13.62876,0 -24.71388,-10.97444 -24.71388,-24.46709 0,-13.49262 11.08512,-24.43598 24.71388,-24.43598 13.59733,0 24.68245,10.94336 24.68245,24.43598 z m 73.7648,-314.46558 -21.13397,156.782 c -1.88416,14.11442 -15.63851,26.05261 -30.02091,26.05261 H 122.25046 L 94.616142,107.19499 H 448.33544 c 6.18632,0 11.61896,2.2695 15.23028,6.37326 3.64269,4.13484 5.21283,9.73086 4.39636,15.79323 z"></path></svg>
            </span>
            </span>
            <span class="add-to-cart--text d-none d-sm-block">Carrinho</span>
            </button>
            </div>
            </div>
            </div>
            </div>
            
            <div class="col-12 d-sm-none">
            </div>
            </div>
            </div>
            </div>
            </div>
            <div class="col-12 col-sm-3 col-lg-2 productTile" data-idx="33">
            
            <script type="text/javascript">//<!--
            /* <![CDATA[ */
            (function(){
            try {
                if(window.CQuotient) {
                var cq_params = {};
                
                cq_params.cookieId = window.CQuotient.getCQCookieId();
                cq_params.userId = window.CQuotient.getCQUserId();
                cq_params.emailId = CQuotient.getCQHashedEmail();
                cq_params.loginId = CQuotient.getCQHashedLogin();
                cq_params.accumulate = true;
                cq_params.products = [{
                    id: '5296274',
                    sku: ''
                }];
                cq_params.categoryId = 'padaria-e-pastelaria-padaria-forma';
                cq_params.refinements = '[{\"name\":\"priceMin\",\"value\":\"0.01\"},{\"name\":\"priceMax\",\"value\":\"null\"},{\"name\":\"curr\",\"value\":\"EUR\"},{\"name\":\"Category\",\"value\":\"padaria-e-pastelaria-padaria-forma\"}]';
                cq_params.personalized = 'false';
                cq_params.sortingRule = 'categories top-sellers';
                cq_params.imageUUID = '__UNDEFINED__';
                cq_params.realm = "BDVS";
                cq_params.siteId = "continente";
                cq_params.instanceType = "prd";
                cq_params.queryLocale = "default";
                cq_params.locale = window.CQuotient.locale;
                
                if(window.CQuotient.sendActivity)
                    window.CQuotient.sendActivity(CQuotient.clientId, 'viewCategory', cq_params);
                else
                    window.CQuotient.activities.push({
                        activityType: 'viewCategory',
                        parameters: cq_params
                    });
              }
            } catch(err) {}
            })();
            /* ]]> */
            // -->
            </script>
            <script type="text/javascript">//<!--
            /* <![CDATA[ (viewCategoryProduct-active_data.js) */
            (function(){
            try {
                if (dw.ac) {
                    var search_params = {};
                    search_params.persd = 'false';
                    search_params.refs = '[{\"name\":\"priceMin\",\"value\":\"0.01\"},{\"name\":\"priceMax\",\"value\":\"null\"},{\"name\":\"curr\",\"value\":\"EUR\"},{\"name\":\"Category\",\"value\":\"padaria-e-pastelaria-padaria-forma\"}]';
                    search_params.sort = 'categories top-sellers';
                    search_params.imageUUID = '';
                    search_params.searchID = '79fd584c-cee5-42dd-a07f-04e8467e04c2';
                    search_params.locale = 'default';
                    search_params.queryLocale = 'default';
                    search_params.showProducts = 'true';
                    dw.ac.applyContext({category: "padaria-e-pastelaria-padaria-forma", searchData: search_params});
                    if (typeof dw.ac._scheduleDataSubmission === "function") {
                        dw.ac._scheduleDataSubmission();
                    }
                }
            } catch(err) {}
            })();
            /* ]]> */
            // -->
            </script>
            <script type="text/javascript">//<!--
            /* <![CDATA[ (viewProduct-active_data.js) */
            dw.ac._capture({id: "5296274", type: "searchhit"});
            /* ]]> */
            // -->
            </script>
            <div class="product" data-pid="5296274">
            <div class="product-tile pid-5296274 ct-product-tile data-layer-pushed" data-delay-time="3000" data-variants-mapping="[]" data-in-cart-msg="no carrinho" data-one-product-added="Adicionado ao carrinho" data-remove-from-cart-msg="Removido do carrinho" data-stay-open="6000.0" data-product-tile-impression="{&quot;name&quot;:&quot;5296274&quot;,&quot;id&quot;:&quot;5296274&quot;,&quot;price&quot;:3.65,&quot;brand&quot;:&quot;Schär&quot;,&quot;category&quot;:[{&quot;category_level_1&quot;:&quot;Padaria e Pastelaria&quot;},{&quot;category_level_2&quot;:&quot;Padaria&quot;},{&quot;category_level_3&quot;:&quot;Pão de Forma e Embalado&quot;}],&quot;variant&quot;:&quot;&quot;}">
            <div class="ct-inner-tile-wrap row no-gutters justify-content-center align-content-start">
            
            <div class="ct-image-container col-4 col-sm" data-confirmation-image="{&quot;url&quot;:&quot;https://www.continente.pt/dw/image/v2/BDVS_PRD/on/demandware.static/-/Sites-col-master-catalog/default/dw747d46da/images/col/529/5296274-frente.jpg?sw=87&amp;sh=80&quot;,&quot;fallbackimage&quot;:{&quot;url&quot;:&quot;https://www.continente.pt/dw/image/v2/BDVS_PRD/on/demandware.static/Sites-continente-Site/-/default/dw7c42b4da/images/noimagelarge_product.png?sw=87&amp;sh=80&quot;,&quot;title&quot;:&quot;Pão Clássico Cereais sem Glúten&quot;,&quot;alt&quot;:&quot;Pão Clássico Cereais sem Glúten&quot;},&quot;title&quot;:&quot;Pão Clássico Cereais sem Glúten&quot;,&quot;alt&quot;:&quot;Pão Clássico Cereais sem Glúten&quot;}">
            <a href="https://www.continente.pt/produto/pao-classico-cereais-sem-gluten-schar-5296274.html?cgid=padaria-e-pastelaria-padaria-forma">
            <picture class="intrinsic intrinsic--square">
            <img class="ct-tile-image lazyloaded" loading="lazy" onerror="this.onerror=null;this.src='/on/demandware.static/Sites-continente-Site/-/default/dw7c42b4da/images/noimagelarge_product.png';" data-src="https://www.continente.pt/dw/image/v2/BDVS_PRD/on/demandware.static/-/Sites-col-master-catalog/default/dw747d46da/images/col/529/5296274-frente.jpg?sw=280&amp;sh=280" alt="Pão Clássico Cereais sem Glúten" title="Pão Clássico Cereais sem Glúten" src="https://www.continente.pt/dw/image/v2/BDVS_PRD/on/demandware.static/-/Sites-col-master-catalog/default/dw747d46da/images/col/529/5296274-frente.jpg?sw=280&amp;sh=280">
            </picture>
            </a>
            <div class="color-swatches d-flex" style="margin-left: 5px;">
            <div class="swatches d-flex">
            </div>
            </div>
            </div>
            <div class="ct-tile-body col col-sm-auto ">
            <div class="ct-pdp-details">
            <div class="ct-pdp-link">
            <a class="ct-tile--description" href="https://www.continente.pt/produto/pao-classico-cereais-sem-gluten-schar-5296274.html?cgid=padaria-e-pastelaria-padaria-forma">Pão Clássico Cereais sem Glúten</a>
            <div class="ct-tile--favorite-top d-sm-none">
            <button class="wishlist-toggler guest-mode inactive button button--tertiary" data-pid="5296274" data-add-url="https://www.continente.pt/on/demandware.store/Sites-continente-Site/default/Wishlist-AddProduct?pid=5296274" data-toggle="tooltip" aria-label="Adicionar aos favoritos " data-original-title="Adicionar aos favoritos" data-placement="top">
            <svg class="active-content" width="100%" height="100%" viewBox="0 0 20 22" fill="none" xmlns="http://www.w3.org/2000/svg">
            <path fill-rule="evenodd" clip-rule="evenodd" d="M0 1.53052C0 0.685236 0.692171 0 1.54601 0H15.0736C15.9274 0 16.6196 0.685235 16.6196 1.53052V13.4064L15.8127 13.922L14.2658 14.2658L12.7189 13.4064L10.6054 14.3818C10.4994 14.2451 10.3327 14.157 10.1452 14.157H6.76329C6.4431 14.157 6.18354 14.414 6.18354 14.731C6.18354 15.0479 6.4431 15.3049 6.76329 15.3049H10.1452C10.2478 15.3049 10.3441 15.2785 10.4277 15.2322L10.3126 16.8439L13.2345 20.2793H1.54601C0.69217 20.2793 0 19.5941 0 18.7488V1.53052ZM6.18354 5.5483C6.18354 5.23132 6.4431 4.97436 6.76329 4.97436H12.3676C12.6878 4.97436 12.9473 5.23132 12.9473 5.5483C12.9473 5.86528 12.6878 6.12224 12.3676 6.12224H6.76329C6.4431 6.12224 6.18354 5.86528 6.18354 5.5483ZM6.76329 11.0961C6.4431 11.0961 6.18354 11.3531 6.18354 11.6701C6.18354 11.987 6.4431 12.244 6.76329 12.244H12.3676C12.6878 12.244 12.9473 11.987 12.9473 11.6701C12.9473 11.3531 12.6878 11.0961 12.3676 11.0961H6.76329ZM6.18354 8.60985C6.18354 8.29287 6.4431 8.03591 6.76329 8.03591H12.3676C12.6878 8.03591 12.9473 8.29287 12.9473 8.60985C12.9473 8.92684 12.6878 9.1838 12.3676 9.1838H6.76329C6.4431 9.1838 6.18354 8.92684 6.18354 8.60985ZM3.67118 5.5483C3.67118 5.23132 3.93075 4.97436 4.25093 4.97436H4.63743C4.95762 4.97436 5.21719 5.23132 5.21719 5.5483C5.21719 5.86528 4.95762 6.12224 4.63743 6.12224H4.25093C3.93075 6.12224 3.67118 5.86528 3.67118 5.5483ZM4.25093 11.0961C3.93075 11.0961 3.67118 11.3531 3.67118 11.6701C3.67118 11.987 3.93075 12.244 4.25093 12.244H4.63743C4.95762 12.244 5.21719 11.987 5.21719 11.6701C5.21719 11.3531 4.95762 11.0961 4.63743 11.0961H4.25093ZM3.67118 8.60985C3.67118 8.29287 3.93075 8.03591 4.25093 8.03591H4.63743C4.95762 8.03591 5.21719 8.29287 5.21719 8.60985C5.21719 8.92684 4.95762 9.1838 4.63743 9.1838H4.25093C3.93075 9.1838 3.67118 8.92684 3.67118 8.60985ZM4.25093 14.157C3.93075 14.157 3.67118 14.414 3.67118 14.731C3.67118 15.0479 3.93075 15.3049 4.25093 15.3049H4.63743C4.95762 15.3049 5.21719 15.0479 5.21719 14.731C5.21719 14.414 4.95762 14.157 4.63743 14.157H4.25093Z" fill="#EB0203"></path>
            <path fill-rule="evenodd" clip-rule="evenodd" d="M14.6252 13.6363C13.4918 12.6215 11.7817 12.5264 10.6569 13.4792C9.12421 14.7764 9.34841 16.8912 10.4409 18.0122L14.0159 21.6742C14.2197 21.8832 14.4928 22 14.7822 22C15.0737 22 15.3448 21.8852 15.5486 21.6762L19.1236 18.0142C20.214 16.8933 20.4423 14.7785 18.9075 13.4792C17.7827 12.5283 16.0724 12.6217 14.9391 13.6365C14.8855 13.6845 14.8331 13.7345 14.7822 13.7866C14.7313 13.7345 14.6789 13.6843 14.6252 13.6363ZM18.1546 14.3522C19.0973 15.1508 18.9962 16.4896 18.2891 17.2173C18.2888 17.2175 18.2886 17.2177 18.2884 17.218L14.7832 20.8084L11.2753 17.2151C11.2752 17.215 11.2751 17.2149 11.2749 17.2148C10.5677 16.4887 10.4678 15.1495 11.4104 14.3518L11.4108 14.3514C12.0745 13.7892 13.2018 13.82 13.9488 14.5846L14.7822 15.4378L15.6157 14.5846C16.3617 13.8211 17.4896 13.79 18.1545 14.3521" fill="#EB0203"></path>
            </svg>
            <svg class="inactive-content" width="100%" height="100%" viewBox="0 0 20 23" fill="none" xmlns="http://www.w3.org/2000/svg">
            <path fill-rule="evenodd" clip-rule="evenodd" d="M6.18408 5.77914C6.18408 5.46223 6.44363 5.20532 6.7638 5.20532H12.3678C12.6879 5.20532 12.9475 5.46223 12.9475 5.77914C12.9475 6.09606 12.6879 6.35297 12.3678 6.35297H6.7638C6.44363 6.35297 6.18408 6.09606 6.18408 5.77914Z" fill="#EB0203"></path>
            <path fill-rule="evenodd" clip-rule="evenodd" d="M6.18408 11.9034C6.18408 11.5865 6.44363 11.3296 6.7638 11.3296H12.3678C12.6879 11.3296 12.9475 11.5865 12.9475 11.9034C12.9475 12.2202 12.6879 12.4771 12.3678 12.4771H6.7638C6.44363 12.4771 6.18408 12.2202 6.18408 11.9034Z" fill="#EB0203"></path>
            <path fill-rule="evenodd" clip-rule="evenodd" d="M6.18408 8.84116C6.18408 8.52424 6.44363 8.26733 6.7638 8.26733H12.3678C12.6879 8.26733 12.9475 8.52424 12.9475 8.84116C12.9475 9.15807 12.6879 9.41498 12.3678 9.41498H6.7638C6.44363 9.41498 6.18408 9.15807 6.18408 8.84116Z" fill="#EB0203"></path>
            <path fill-rule="evenodd" clip-rule="evenodd" d="M6.18408 14.9655C6.18408 14.6486 6.44363 14.3917 6.7638 14.3917H10.1455C10.4657 14.3917 10.7252 14.6486 10.7252 14.9655C10.7252 15.2825 10.4657 15.5394 10.1455 15.5394H6.7638C6.44363 15.5394 6.18408 15.2825 6.18408 14.9655Z" fill="#EB0203"></path>
            <path fill-rule="evenodd" clip-rule="evenodd" d="M3.67139 5.77914C3.67139 5.46223 3.93094 5.20532 4.25111 5.20532H4.63759C4.95776 5.20532 5.21731 5.46223 5.21731 5.77914C5.21731 6.09606 4.95776 6.35297 4.63759 6.35297H4.25111C3.93094 6.35297 3.67139 6.09606 3.67139 5.77914Z" fill="#EB0203"></path>
            <path fill-rule="evenodd" clip-rule="evenodd" d="M3.67139 11.9034C3.67139 11.5865 3.93094 11.3296 4.25111 11.3296H4.63759C4.95776 11.3296 5.21731 11.5865 5.21731 11.9034C5.21731 12.2202 4.95776 12.4771 4.63759 12.4771H4.25111C3.93094 12.4771 3.67139 12.2202 3.67139 11.9034Z" fill="#EB0203"></path>
            <path fill-rule="evenodd" clip-rule="evenodd" d="M3.67139 8.84116C3.67139 8.52424 3.93094 8.26733 4.25111 8.26733H4.63759C4.95776 8.26733 5.21731 8.52424 5.21731 8.84116C5.21731 9.15807 4.95776 9.41498 4.63759 9.41498H4.25111C3.93094 9.41498 3.67139 9.15807 3.67139 8.84116Z" fill="#EB0203"></path>
            <path fill-rule="evenodd" clip-rule="evenodd" d="M3.67139 14.9655C3.67139 14.6486 3.93094 14.3917 4.25111 14.3917H4.63759C4.95776 14.3917 5.21731 14.6486 5.21731 14.9655C5.21731 15.2825 4.95776 15.5394 4.63759 15.5394H4.25111C3.93094 15.5394 3.67139 15.2825 3.67139 14.9655Z" fill="#EB0203"></path>
            <path fill-rule="evenodd" clip-rule="evenodd" d="M0 1.76033C0 0.914738 0.692131 0.229248 1.54592 0.229248H15.0727C15.9265 0.229248 16.6186 0.914738 16.6186 1.76033V11.2818C16.6186 11.5989 16.3591 11.8559 16.0389 11.8559C15.7187 11.8559 15.4592 11.5989 15.4592 11.2818V1.76033C15.4592 1.54893 15.2862 1.37756 15.0727 1.37756H1.54592C1.33247 1.37756 1.15944 1.54893 1.15944 1.76033V18.985C1.15944 19.1964 1.33247 19.3678 1.54592 19.3678H9.27551C9.59568 19.3678 9.85523 19.6249 9.85523 19.942C9.85523 20.2591 9.59568 20.5161 9.27551 20.5161H1.54592C0.692131 20.5161 0 19.8306 0 18.985V1.76033Z" fill="#EB0203"></path>
            <path fill-rule="evenodd" clip-rule="evenodd" d="M14.6254 13.8718C13.4921 12.8567 11.7821 12.7615 10.6574 13.7147C9.12472 15.0124 9.34891 17.128 10.4413 18.2493L14.0161 21.9126C14.2199 22.1217 14.493 22.2386 14.7824 22.2386C15.0739 22.2386 15.3449 22.1238 15.5487 21.9147L19.1235 18.2514C20.2139 17.13 20.4422 15.0144 18.9075 13.7147C17.7827 12.7634 16.0726 12.8569 14.9392 13.872C14.8856 13.92 14.8333 13.9701 14.7824 14.0222C14.7314 13.97 14.6791 13.9199 14.6254 13.8718ZM18.1546 14.588C19.0972 15.3869 18.9961 16.7262 18.2891 17.4541C18.2888 17.4543 18.2886 17.4546 18.2884 17.4548L14.7834 21.0466L11.2757 17.452C11.2756 17.4519 11.2755 17.4517 11.2753 17.4516C10.5681 16.7252 10.4682 15.3856 11.4108 14.5876L11.4112 14.5872C12.0748 14.0248 13.202 14.0556 13.949 14.8205L14.7824 15.674L15.6158 14.8205C16.3618 14.0567 17.4896 14.0256 18.1545 14.5879" fill="#EB0203"></path>
            </svg>
            </button>
            </div>
            </div>
            <p class="ct-tile--brand">Schär</p>
            <p class="ct-tile--quantity">emb. 300 gr</p>
            </div>
            <div class="ct-tile-bottom row no-gutters justify-content-between">
            <div class="ct-price-wrap col-8 col-sm-12">
            <div class="price js-product-price">
            <div class="prices-wrapper">
            <span class="sales ct-tile--price-primary ">
            <span class="value" content="3.65">
            <span class="ct-price-formatted">
            €3,65
            </span>
            <span class="ct-m-unit">
            /un
            </span>
            </span>
            </span>
            </div>
            <div class="ct-tile--price-secondary">
            <span class="ct-price-value">
            €12,17
            </span>
            <span class="ct-m-unit">
            /kg
            </span>
            </div>
            </div>
            </div>
            <div class="ct-tile-buy-section d-flex justify-content-center no-gutters col-auto col-sm-12">
            <div class="col-2 d-sm-flex d-none">
            <button class="wishlist-toggler guest-mode inactive button button--tertiary" data-pid="5296274" data-add-url="https://www.continente.pt/on/demandware.store/Sites-continente-Site/default/Wishlist-AddProduct?pid=5296274" data-toggle="tooltip" aria-label="Adicionar aos favoritos " data-original-title="Adicionar aos favoritos" data-placement="top">
            <svg class="active-content" width="100%" height="100%" viewBox="0 0 20 22" fill="none" xmlns="http://www.w3.org/2000/svg">
            <path fill-rule="evenodd" clip-rule="evenodd" d="M0 1.53052C0 0.685236 0.692171 0 1.54601 0H15.0736C15.9274 0 16.6196 0.685235 16.6196 1.53052V13.4064L15.8127 13.922L14.2658 14.2658L12.7189 13.4064L10.6054 14.3818C10.4994 14.2451 10.3327 14.157 10.1452 14.157H6.76329C6.4431 14.157 6.18354 14.414 6.18354 14.731C6.18354 15.0479 6.4431 15.3049 6.76329 15.3049H10.1452C10.2478 15.3049 10.3441 15.2785 10.4277 15.2322L10.3126 16.8439L13.2345 20.2793H1.54601C0.69217 20.2793 0 19.5941 0 18.7488V1.53052ZM6.18354 5.5483C6.18354 5.23132 6.4431 4.97436 6.76329 4.97436H12.3676C12.6878 4.97436 12.9473 5.23132 12.9473 5.5483C12.9473 5.86528 12.6878 6.12224 12.3676 6.12224H6.76329C6.4431 6.12224 6.18354 5.86528 6.18354 5.5483ZM6.76329 11.0961C6.4431 11.0961 6.18354 11.3531 6.18354 11.6701C6.18354 11.987 6.4431 12.244 6.76329 12.244H12.3676C12.6878 12.244 12.9473 11.987 12.9473 11.6701C12.9473 11.3531 12.6878 11.0961 12.3676 11.0961H6.76329ZM6.18354 8.60985C6.18354 8.29287 6.4431 8.03591 6.76329 8.03591H12.3676C12.6878 8.03591 12.9473 8.29287 12.9473 8.60985C12.9473 8.92684 12.6878 9.1838 12.3676 9.1838H6.76329C6.4431 9.1838 6.18354 8.92684 6.18354 8.60985ZM3.67118 5.5483C3.67118 5.23132 3.93075 4.97436 4.25093 4.97436H4.63743C4.95762 4.97436 5.21719 5.23132 5.21719 5.5483C5.21719 5.86528 4.95762 6.12224 4.63743 6.12224H4.25093C3.93075 6.12224 3.67118 5.86528 3.67118 5.5483ZM4.25093 11.0961C3.93075 11.0961 3.67118 11.3531 3.67118 11.6701C3.67118 11.987 3.93075 12.244 4.25093 12.244H4.63743C4.95762 12.244 5.21719 11.987 5.21719 11.6701C5.21719 11.3531 4.95762 11.0961 4.63743 11.0961H4.25093ZM3.67118 8.60985C3.67118 8.29287 3.93075 8.03591 4.25093 8.03591H4.63743C4.95762 8.03591 5.21719 8.29287 5.21719 8.60985C5.21719 8.92684 4.95762 9.1838 4.63743 9.1838H4.25093C3.93075 9.1838 3.67118 8.92684 3.67118 8.60985ZM4.25093 14.157C3.93075 14.157 3.67118 14.414 3.67118 14.731C3.67118 15.0479 3.93075 15.3049 4.25093 15.3049H4.63743C4.95762 15.3049 5.21719 15.0479 5.21719 14.731C5.21719 14.414 4.95762 14.157 4.63743 14.157H4.25093Z" fill="#EB0203"></path>
            <path fill-rule="evenodd" clip-rule="evenodd" d="M14.6252 13.6363C13.4918 12.6215 11.7817 12.5264 10.6569 13.4792C9.12421 14.7764 9.34841 16.8912 10.4409 18.0122L14.0159 21.6742C14.2197 21.8832 14.4928 22 14.7822 22C15.0737 22 15.3448 21.8852 15.5486 21.6762L19.1236 18.0142C20.214 16.8933 20.4423 14.7785 18.9075 13.4792C17.7827 12.5283 16.0724 12.6217 14.9391 13.6365C14.8855 13.6845 14.8331 13.7345 14.7822 13.7866C14.7313 13.7345 14.6789 13.6843 14.6252 13.6363ZM18.1546 14.3522C19.0973 15.1508 18.9962 16.4896 18.2891 17.2173C18.2888 17.2175 18.2886 17.2177 18.2884 17.218L14.7832 20.8084L11.2753 17.2151C11.2752 17.215 11.2751 17.2149 11.2749 17.2148C10.5677 16.4887 10.4678 15.1495 11.4104 14.3518L11.4108 14.3514C12.0745 13.7892 13.2018 13.82 13.9488 14.5846L14.7822 15.4378L15.6157 14.5846C16.3617 13.8211 17.4896 13.79 18.1545 14.3521" fill="#EB0203"></path>
            </svg>
            <svg class="inactive-content" width="100%" height="100%" viewBox="0 0 20 23" fill="none" xmlns="http://www.w3.org/2000/svg">
            <path fill-rule="evenodd" clip-rule="evenodd" d="M6.18408 5.77914C6.18408 5.46223 6.44363 5.20532 6.7638 5.20532H12.3678C12.6879 5.20532 12.9475 5.46223 12.9475 5.77914C12.9475 6.09606 12.6879 6.35297 12.3678 6.35297H6.7638C6.44363 6.35297 6.18408 6.09606 6.18408 5.77914Z" fill="#EB0203"></path>
            <path fill-rule="evenodd" clip-rule="evenodd" d="M6.18408 11.9034C6.18408 11.5865 6.44363 11.3296 6.7638 11.3296H12.3678C12.6879 11.3296 12.9475 11.5865 12.9475 11.9034C12.9475 12.2202 12.6879 12.4771 12.3678 12.4771H6.7638C6.44363 12.4771 6.18408 12.2202 6.18408 11.9034Z" fill="#EB0203"></path>
            <path fill-rule="evenodd" clip-rule="evenodd" d="M6.18408 8.84116C6.18408 8.52424 6.44363 8.26733 6.7638 8.26733H12.3678C12.6879 8.26733 12.9475 8.52424 12.9475 8.84116C12.9475 9.15807 12.6879 9.41498 12.3678 9.41498H6.7638C6.44363 9.41498 6.18408 9.15807 6.18408 8.84116Z" fill="#EB0203"></path>
            <path fill-rule="evenodd" clip-rule="evenodd" d="M6.18408 14.9655C6.18408 14.6486 6.44363 14.3917 6.7638 14.3917H10.1455C10.4657 14.3917 10.7252 14.6486 10.7252 14.9655C10.7252 15.2825 10.4657 15.5394 10.1455 15.5394H6.7638C6.44363 15.5394 6.18408 15.2825 6.18408 14.9655Z" fill="#EB0203"></path>
            <path fill-rule="evenodd" clip-rule="evenodd" d="M3.67139 5.77914C3.67139 5.46223 3.93094 5.20532 4.25111 5.20532H4.63759C4.95776 5.20532 5.21731 5.46223 5.21731 5.77914C5.21731 6.09606 4.95776 6.35297 4.63759 6.35297H4.25111C3.93094 6.35297 3.67139 6.09606 3.67139 5.77914Z" fill="#EB0203"></path>
            <path fill-rule="evenodd" clip-rule="evenodd" d="M3.67139 11.9034C3.67139 11.5865 3.93094 11.3296 4.25111 11.3296H4.63759C4.95776 11.3296 5.21731 11.5865 5.21731 11.9034C5.21731 12.2202 4.95776 12.4771 4.63759 12.4771H4.25111C3.93094 12.4771 3.67139 12.2202 3.67139 11.9034Z" fill="#EB0203"></path>
            <path fill-rule="evenodd" clip-rule="evenodd" d="M3.67139 8.84116C3.67139 8.52424 3.93094 8.26733 4.25111 8.26733H4.63759C4.95776 8.26733 5.21731 8.52424 5.21731 8.84116C5.21731 9.15807 4.95776 9.41498 4.63759 9.41498H4.25111C3.93094 9.41498 3.67139 9.15807 3.67139 8.84116Z" fill="#EB0203"></path>
            <path fill-rule="evenodd" clip-rule="evenodd" d="M3.67139 14.9655C3.67139 14.6486 3.93094 14.3917 4.25111 14.3917H4.63759C4.95776 14.3917 5.21731 14.6486 5.21731 14.9655C5.21731 15.2825 4.95776 15.5394 4.63759 15.5394H4.25111C3.93094 15.5394 3.67139 15.2825 3.67139 14.9655Z" fill="#EB0203"></path>
            <path fill-rule="evenodd" clip-rule="evenodd" d="M0 1.76033C0 0.914738 0.692131 0.229248 1.54592 0.229248H15.0727C15.9265 0.229248 16.6186 0.914738 16.6186 1.76033V11.2818C16.6186 11.5989 16.3591 11.8559 16.0389 11.8559C15.7187 11.8559 15.4592 11.5989 15.4592 11.2818V1.76033C15.4592 1.54893 15.2862 1.37756 15.0727 1.37756H1.54592C1.33247 1.37756 1.15944 1.54893 1.15944 1.76033V18.985C1.15944 19.1964 1.33247 19.3678 1.54592 19.3678H9.27551C9.59568 19.3678 9.85523 19.6249 9.85523 19.942C9.85523 20.2591 9.59568 20.5161 9.27551 20.5161H1.54592C0.692131 20.5161 0 19.8306 0 18.985V1.76033Z" fill="#EB0203"></path>
            <path fill-rule="evenodd" clip-rule="evenodd" d="M14.6254 13.8718C13.4921 12.8567 11.7821 12.7615 10.6574 13.7147C9.12472 15.0124 9.34891 17.128 10.4413 18.2493L14.0161 21.9126C14.2199 22.1217 14.493 22.2386 14.7824 22.2386C15.0739 22.2386 15.3449 22.1238 15.5487 21.9147L19.1235 18.2514C20.2139 17.13 20.4422 15.0144 18.9075 13.7147C17.7827 12.7634 16.0726 12.8569 14.9392 13.872C14.8856 13.92 14.8333 13.9701 14.7824 14.0222C14.7314 13.97 14.6791 13.9199 14.6254 13.8718ZM18.1546 14.588C19.0972 15.3869 18.9961 16.7262 18.2891 17.4541C18.2888 17.4543 18.2886 17.4546 18.2884 17.4548L14.7834 21.0466L11.2757 17.452C11.2756 17.4519 11.2755 17.4517 11.2753 17.4516C10.5681 16.7252 10.4682 15.3856 11.4108 14.5876L11.4112 14.5872C12.0748 14.0248 13.202 14.0556 13.949 14.8205L14.7824 15.674L15.6158 14.8205C16.3618 14.0567 17.4896 14.0256 18.1545 14.5879" fill="#EB0203"></path>
            </svg>
            </button>
            </div>
            <div class="col-sm-10 col-12">
            <div class="ct-tile-quantity d-none" data-pid="5296274">
            <input type="hidden" class="add-to-cart-url" value="https://www.continente.pt/on/demandware.store/Sites-continente-Site/default/Cart-AddProduct">
            <div class="d-none tile-delete-confirmation-btn" data-pid="5296274" data-delay-time="3000" data-in-cart-msg="no carrinho" data-one-product-added="Adicionado ao carrinho" data-remove-from-cart-msg="Removido do carrinho" data-stay-open="6000.0" data-confirmation-image="{&quot;url&quot;:&quot;https://www.continente.pt/dw/image/v2/BDVS_PRD/on/demandware.static/-/Sites-col-master-catalog/default/dw747d46da/images/col/529/5296274-frente.jpg?sw=87&amp;sh=80&quot;,&quot;fallbackimage&quot;:{&quot;url&quot;:&quot;https://www.continente.pt/dw/image/v2/BDVS_PRD/on/demandware.static/Sites-continente-Site/-/default/dw7c42b4da/images/noimagelarge_product.png?sw=87&amp;sh=80&quot;,&quot;title&quot;:&quot;Pão Clássico Cereais sem Glúten&quot;,&quot;alt&quot;:&quot;Pão Clássico Cereais sem Glúten&quot;},&quot;title&quot;:&quot;Pão Clássico Cereais sem Glúten&quot;,&quot;alt&quot;:&quot;Pão Clássico Cereais sem Glúten&quot;}"></div>
            <div class="ct-tile-quantity-update quantity-update product-qty-vue" data-remove-action="https://www.continente.pt/on/demandware.store/Sites-continente-Site/default/Cart-RemoveProductLineItem" data-action="https://www.continente.pt/on/demandware.store/Sites-continente-Site/default/Cart-UpdateQuantity" data-dimension-update="https://www.continente.pt/on/demandware.store/Sites-continente-Site/default/Cart-DimensionUpdate" data-pid="5296274" data-uuid="874a3cc98fb614bde2b74403b9" data-add-delay="500.0" data-measure-options="{&quot;hasConversionRate&quot;:false,&quot;hasAlternativeSaleUnit&quot;:false,&quot;unitConversionRate&quot;:0,&quot;minOrderQuantity&quot;:1,&quot;stepQuantity&quot;:1,&quot;primaryunit&quot;:&quot;un&quot;,&quot;secondaryunit&quot;:&quot;kg&quot;,&quot;selectedunit&quot;:&quot;primary&quot;,&quot;maxNumberOfUnitsPerSale&quot;:50}" data-price-available="null" :data-has-error="isMaxQtyReached || isMinQtyReached || qtySelectedMoreThanOne">
            <template v-show="prodUnits">
            <div class="quantity-input-wrapper has-units">
            <label class="visually-hidden" :for="'quantity-' + pid + additionalTag">
            Quantidade no carrinho
            </label>
            <input :ref="'quantityInput-' + pid + additionalTag" class="add-to-cart-quantity form-control ct-form-input text-center" inputmode="numeric" :class="{'is-invalid': isInvalid}" :data-pid="pid + additionalTag" :name="'quantity-' + pid + additionalTag" type="text" aria-label="Insira a quantidade" title="" v-model="displayValue" @change="updateQuantity" @focus="updateQtyFormat" @blur="restoreQtyFormat" :disabled="!isPriceAvailable">
            <span class="quantity-icon quantity-icon--minus">
            <button class="decrease-quantity-btn" @click="updateQuantity" :disabled="!isPriceAvailable" role="button" aria-label="Reduzir quantidade">
            <i class="css-math-minus"></i>
            </button>
            </span>
            <span class="quantity-icon quantity-icon--plus">
            <button class="increase-quantity-btn" @click="updateQuantity" :disabled="isMaxQtyReached || !isPriceAvailable" role="button" aria-label="Aumentar quantidade">
            <i class="css-math-plus"></i>
            </button>
            <span class="quantity-btn-disabled-placeholder"></span>
            </span>
            <template v-if="isPDP">
            <span class="quantity-error ct-span-error text-sm-center product-max-allocation" v-if="isMaxQtyReached">
            Quantidade máxima atingida
            </span>
            <span class="quantity-error ct-span-product text-sm-center product-allocation" v-if="!isMinQtyReached &amp;&amp; !isMaxQtyReached">
            {{quantitySelected}} no carrinho
            </span>
            <span class="quantity-error ct-span-error text-sm-center product-min-allocation" :data-pid="pid" v-if="isMinQtyReached &amp;&amp; !isMaxQtyReached">
            Quantidade mínima atingida
            </span>
            </template>
            </div>
            <template v-if="showNotes">
            <div class="add-note-link-container ">
            <div class="add-note">
            <a href="/produto/pao-classico-cereais-sem-gluten-schar-5296274.html?showNote=true" class="ct-add-note-redirect-pdp" aria-label="Adicionar comentário">
            <span class="svg-wrapper svg-icon-notes" style="width:19px; height:20px">
            <svg class="svg-inline icon-notes" viewBox="0 0 28 30" xmlns="http://www.w3.org/2000/svg" width="100%" height="100%"><path d="M21.738 0C22.985 0 24 1.04 24 2.319V12.47c0 .469-.37.848-.828.848-.457 0-.827-.38-.827-.848V2.32c0-.343-.273-.622-.607-.622H2.262c-.334 0-.607.279-.607.622V27.68c0 .343.273.622.607.622h7.81c.457 0 .827.38.827.849 0 .468-.37.848-.827.848h-7.81C1.015 30 0 28.96 0 27.681V2.32C0 1.04 1.015 0 2.262 0h19.476zm2.844 16.004l.227.007c.823.053 1.589.39 2.176.964.64.627.993 1.46.993 2.349 0 .888-.353 1.722-.993 2.348l-6.83 6.665c-.11.108-.247.186-.397.226l-5.032 1.363c-.078.021-.16.032-.241.032-.242 0-.478-.097-.647-.266-.23-.231-.314-.566-.218-.874l1.49-4.798c.044-.139.122-.266.227-.369l6.844-6.677c.64-.625 1.493-.97 2.401-.97zm-2.886 3.94l-4.922 4.802-.947 3.048 3.22-.872 4.897-4.78-2.248-2.197zm2.887-2.174c-.425 0-.824.162-1.124.455l-.484.472 2.248 2.197.484-.472c.62-.606.62-1.591 0-2.197l-.117-.104c-.283-.227-.636-.35-1.007-.35zm-10.839.022c.498 0 .904.396.904.883 0 .488-.406.884-.904.884H5.946c-.499 0-.904-.396-.904-.884 0-.487.405-.883.904-.883zm5.042-4.876c.498 0 .904.397.904.884s-.406.884-.904.884H5.946c-.499 0-.904-.397-.904-.884s.405-.884.904-.884zm0-4.875c.498 0 .904.396.904.884 0 .487-.406.883-.904.883H5.946c-.499 0-.904-.396-.904-.883 0-.488.405-.884.904-.884z" fill="#EB0203" fill-rule="evenodd"></path></svg>
            </span>
            <div class="available-note d-none"></div>
            </a>
            </div>
            </div>
            </template>
            <div class="measurement-unit-section" v-if="isPriceAvailable &amp;&amp; prodUnits ? prodUnits.hasAlternativeUnit : false">
            <div class="ct-form-radio" @click="setDimension">
            <input type="radio" title="" class="ct-form-check-input product-measurement-unit" :data-type="prodUnits.selectedUnit == prodUnits.secondaryUnit ? 'primary' : ''" :id="prodUnits.secondaryUnit + '-' + pid + '-measurement-unit-ptile' + additionalTag" :name="'measurement-unit-' + pid + '-ptile' + additionalTag" :value="prodUnits.secondaryUnit" v-model="prodUnits.selectedUnit">
            <label :class="prodUnits.secondaryUnit + '-label ct-form-check-label mb-0'" :for="prodUnits.secondaryUnit + '-' + pid + '-measurement-unit-ptile' + additionalTag">
            {{prodUnits.secondaryUnit}}
            </label>
            <span class="checkmark"></span>
            </div>
            <div class="ct-form-radio" @click="setDimension">
            <input type="radio" title="" class="ct-form-check-input product-measurement-unit" :data-type="prodUnits.selectedUnit == prodUnits.primaryUnit ? 'primary' : ''" :id="prodUnits.primaryUnit + '-' + pid + '-measurement-unit-ptile' + additionalTag" :name="'measurement-unit-' + pid + '-ptile' + additionalTag" :value="prodUnits.primaryUnit" v-model="prodUnits.selectedUnit">
            <label :class="prodUnits.primaryUnit + '-label ct-form-check-label mb-0'" :for="prodUnits.primaryUnit + '-' + pid + '-measurement-unit-ptile' + additionalTag">
            {{prodUnits.primaryUnit}}
            </label>
            <span class="checkmark"></span>
            </div>
            </div>
            <template v-if="!isPDP &amp;&amp; isPriceAvailable">
            <span class="quantity-error ct-span-error product-max-allocation" v-if="isMaxQtyReached">
            Quantidade máxima atingida
            </span>
            <span class="quantity-error ct-span-product product-allocation" v-if="!isMinQtyReached &amp;&amp; !isMaxQtyReached">
            {{quantitySelected}} no carrinho
            </span>
            <span class="quantity-error ct-span-error product-min-allocation" :data-pid="pid" v-if="isMinQtyReached &amp;&amp; !isMaxQtyReached">
            Quantidade mínima atingida
            </span>
            </template>
            </template>
            </div>
            <input class="quantity-value-mask d-none" name="quantity" type="number" min="0" value="">
            </div>
            <button type="button" class="add-to-cart button js-add-to-cart js-add-to-cart-tile 5296274 button--primary dynamic-layout-btn" data-toggle="modal" data-target="#chooseBonusProductModal" data-pid="5296274" data-quantity-value="null" aria-label="Carrinho">
            <span class="d-block d-sm-none">
            <span class="svg-wrapper svg-icon-cart" style="width:20px; height:20px">
            <svg class="svg-inline icon-cart" xmlns="http://www.w3.org/2000/svg" viewBox="0 0 500 500" width="100%" height="100%"><path fill="#EB0203" fill-rule="evenodd" d="M 485.67317,94.386311 C 476.37798,83.847129 463.09468,78.03348 448.30404,78.03348 H 90.690813 L 87.079511,51.327997 C 83.185582,22.539551 62.962285,0 41.011841,0 H 14.727836 C 6.563151,0 0,6.5286975 0,14.580758 c 0,8.05206 6.5945535,14.580758 14.727836,14.580758 h 26.284005 c 4.710398,0 14.696435,9.855222 16.894619,26.021523 L 100.01739,368.0631 c 1.88416,13.77244 9.01256,26.70549 20.1605,36.37417 8.25889,7.15046 18.02511,11.9071 28.26237,13.89679 -4.17655,7.58572 -6.53175,16.25957 -6.53175,25.493 0,29.53459 24.27424,53.59751 54.13815,53.59751 29.8325,0 54.13814,-24.03184 54.13814,-53.59751 0,-8.79818 -2.19818,-17.09897 -5.9979,-24.43598 h 77.12488 c -3.79973,7.33701 -5.96652,15.6378 -5.96652,24.43598 0,29.53459 24.27424,53.59751 54.13817,53.59751 29.83249,0 54.13814,-24.03184 54.13814,-53.59751 0,-8.79818 -2.1982,-17.09897 -5.9979,-24.43598 h 38.56243 c 8.13328,0 14.72783,-6.5287 14.72783,-14.61183 0,-8.02098 -6.59455,-14.54967 -14.72783,-14.54967 H 159.24277 c -14.38241,0 -28.13677,-11.90711 -30.02092,-26.02153 l -3.07746,-22.88154 h 290.6314 c 14.03698,0 27.94834,-5.28513 39.06488,-14.95381 11.11652,-9.6376 18.27632,-22.57065 20.16048,-36.37417 l 21.10259,-156.78201 c 1.94694,-14.51858 -2.10398,-28.29103 -11.43057,-38.861299 z M 220.76053,443.82706 c 0,13.49265 -11.08513,24.46709 -24.68247,24.46709 -13.62874,0 -24.71387,-10.97444 -24.71387,-24.46709 0,-13.49262 11.08513,-24.43598 24.71387,-24.43598 13.59734,0 24.68247,10.94336 24.68247,24.43598 z m 173.43675,0 c 0,13.49265 -11.08512,24.46709 -24.68245,24.46709 -13.62876,0 -24.71388,-10.97444 -24.71388,-24.46709 0,-13.49262 11.08512,-24.43598 24.71388,-24.43598 13.59733,0 24.68245,10.94336 24.68245,24.43598 z m 73.7648,-314.46558 -21.13397,156.782 c -1.88416,14.11442 -15.63851,26.05261 -30.02091,26.05261 H 122.25046 L 94.616142,107.19499 H 448.33544 c 6.18632,0 11.61896,2.2695 15.23028,6.37326 3.64269,4.13484 5.21283,9.73086 4.39636,15.79323 z"></path></svg>
            </span>
            </span>
            <span class="add-to-cart--text d-none d-sm-block">Carrinho</span>
            </button>
            </div>
            </div>
            </div>
            </div>
            
            <div class="col-12 d-sm-none">
            </div>
            </div>
            </div>
            </div>
            </div>
            <div class="col-12 col-sm-3 col-lg-2 productTile" data-idx="34">
            
            <script type="text/javascript">//<!--
            /* <![CDATA[ */
            (function(){
            try {
                if(window.CQuotient) {
                var cq_params = {};
                
                cq_params.cookieId = window.CQuotient.getCQCookieId();
                cq_params.userId = window.CQuotient.getCQUserId();
                cq_params.emailId = CQuotient.getCQHashedEmail();
                cq_params.loginId = CQuotient.getCQHashedLogin();
                cq_params.accumulate = true;
                cq_params.products = [{
                    id: '5726448',
                    sku: ''
                }];
                cq_params.categoryId = 'padaria-e-pastelaria-padaria-forma';
                cq_params.refinements = '[{\"name\":\"priceMin\",\"value\":\"0.01\"},{\"name\":\"priceMax\",\"value\":\"null\"},{\"name\":\"curr\",\"value\":\"EUR\"},{\"name\":\"Category\",\"value\":\"padaria-e-pastelaria-padaria-forma\"}]';
                cq_params.personalized = 'false';
                cq_params.sortingRule = 'categories top-sellers';
                cq_params.imageUUID = '__UNDEFINED__';
                cq_params.realm = "BDVS";
                cq_params.siteId = "continente";
                cq_params.instanceType = "prd";
                cq_params.queryLocale = "default";
                cq_params.locale = window.CQuotient.locale;
                
                if(window.CQuotient.sendActivity)
                    window.CQuotient.sendActivity(CQuotient.clientId, 'viewCategory', cq_params);
                else
                    window.CQuotient.activities.push({
                        activityType: 'viewCategory',
                        parameters: cq_params
                    });
              }
            } catch(err) {}
            })();
            /* ]]> */
            // -->
            </script>
            <script type="text/javascript">//<!--
            /* <![CDATA[ (viewCategoryProduct-active_data.js) */
            (function(){
            try {
                if (dw.ac) {
                    var search_params = {};
                    search_params.persd = 'false';
                    search_params.refs = '[{\"name\":\"priceMin\",\"value\":\"0.01\"},{\"name\":\"priceMax\",\"value\":\"null\"},{\"name\":\"curr\",\"value\":\"EUR\"},{\"name\":\"Category\",\"value\":\"padaria-e-pastelaria-padaria-forma\"}]';
                    search_params.sort = 'categories top-sellers';
                    search_params.imageUUID = '';
                    search_params.searchID = '79fd584c-cee5-42dd-a07f-04e8467e04c2';
                    search_params.locale = 'default';
                    search_params.queryLocale = 'default';
                    search_params.showProducts = 'true';
                    dw.ac.applyContext({category: "padaria-e-pastelaria-padaria-forma", searchData: search_params});
                    if (typeof dw.ac._scheduleDataSubmission === "function") {
                        dw.ac._scheduleDataSubmission();
                    }
                }
            } catch(err) {}
            })();
            /* ]]> */
            // -->
            </script>
            <script type="text/javascript">//<!--
            /* <![CDATA[ (viewProduct-active_data.js) */
            dw.ac._capture({id: "5726448", type: "searchhit"});
            /* ]]> */
            // -->
            </script>
            <div class="product" data-pid="5726448">
            <div class="product-tile pid-5726448 ct-product-tile data-layer-pushed" data-delay-time="3000" data-variants-mapping="[]" data-in-cart-msg="no carrinho" data-one-product-added="Adicionado ao carrinho" data-remove-from-cart-msg="Removido do carrinho" data-stay-open="6000.0" data-product-tile-impression="{&quot;name&quot;:&quot;5726448&quot;,&quot;id&quot;:&quot;5726448&quot;,&quot;price&quot;:2.29,&quot;brand&quot;:&quot;The Rustik Bakery&quot;,&quot;category&quot;:[{&quot;category_level_1&quot;:&quot;Padaria e Pastelaria&quot;},{&quot;category_level_2&quot;:&quot;Padaria&quot;},{&quot;category_level_3&quot;:&quot;Pão de Forma e Embalado&quot;}],&quot;variant&quot;:&quot;&quot;}">
            <div class="ct-inner-tile-wrap row no-gutters justify-content-center align-content-start">
            
            <div class="ct-image-container col-4 col-sm" data-confirmation-image="{&quot;url&quot;:&quot;https://www.continente.pt/dw/image/v2/BDVS_PRD/on/demandware.static/-/Sites-col-master-catalog/default/dw72e77699/images/col/572/5726448-frente.jpg?sw=87&amp;sh=80&quot;,&quot;fallbackimage&quot;:{&quot;url&quot;:&quot;https://www.continente.pt/dw/image/v2/BDVS_PRD/on/demandware.static/Sites-continente-Site/-/default/dw7c42b4da/images/noimagelarge_product.png?sw=87&amp;sh=80&quot;,&quot;title&quot;:&quot;Pão Rústico Cereais Massa Mãe&quot;,&quot;alt&quot;:&quot;Pão Rústico Cereais Massa Mãe&quot;},&quot;title&quot;:&quot;Pão Rústico Cereais Massa Mãe&quot;,&quot;alt&quot;:&quot;Pão Rústico Cereais Massa Mãe&quot;}">
            <a href="https://www.continente.pt/produto/pao-rustico-cereais-massa-mae-the-rustik-bakery-5726448.html?cgid=padaria-e-pastelaria-padaria-forma">
            <picture class="intrinsic intrinsic--square">
            <img class="ct-tile-image lazyloaded" loading="lazy" onerror="this.onerror=null;this.src='/on/demandware.static/Sites-continente-Site/-/default/dw7c42b4da/images/noimagelarge_product.png';" data-src="https://www.continente.pt/dw/image/v2/BDVS_PRD/on/demandware.static/-/Sites-col-master-catalog/default/dw72e77699/images/col/572/5726448-frente.jpg?sw=280&amp;sh=280" alt="Pão Rústico Cereais Massa Mãe" title="Pão Rústico Cereais Massa Mãe" src="https://www.continente.pt/dw/image/v2/BDVS_PRD/on/demandware.static/-/Sites-col-master-catalog/default/dw72e77699/images/col/572/5726448-frente.jpg?sw=280&amp;sh=280">
            </picture>
            </a>
            <div class="color-swatches d-flex" style="margin-left: 5px;">
            <div class="swatches d-flex">
            </div>
            </div>
            </div>
            <div class="ct-tile-body col col-sm-auto ">
            <div class="ct-pdp-details">
            <div class="ct-pdp-link">
            <a class="ct-tile--description" href="https://www.continente.pt/produto/pao-rustico-cereais-massa-mae-the-rustik-bakery-5726448.html?cgid=padaria-e-pastelaria-padaria-forma">Pão Rústico Cereais Massa Mãe</a>
            <div class="ct-tile--favorite-top d-sm-none">
            <button class="wishlist-toggler guest-mode inactive button button--tertiary" data-pid="5726448" data-add-url="https://www.continente.pt/on/demandware.store/Sites-continente-Site/default/Wishlist-AddProduct?pid=5726448" data-toggle="tooltip" aria-label="Adicionar aos favoritos " data-original-title="Adicionar aos favoritos" data-placement="top">
            <svg class="active-content" width="100%" height="100%" viewBox="0 0 20 22" fill="none" xmlns="http://www.w3.org/2000/svg">
            <path fill-rule="evenodd" clip-rule="evenodd" d="M0 1.53052C0 0.685236 0.692171 0 1.54601 0H15.0736C15.9274 0 16.6196 0.685235 16.6196 1.53052V13.4064L15.8127 13.922L14.2658 14.2658L12.7189 13.4064L10.6054 14.3818C10.4994 14.2451 10.3327 14.157 10.1452 14.157H6.76329C6.4431 14.157 6.18354 14.414 6.18354 14.731C6.18354 15.0479 6.4431 15.3049 6.76329 15.3049H10.1452C10.2478 15.3049 10.3441 15.2785 10.4277 15.2322L10.3126 16.8439L13.2345 20.2793H1.54601C0.69217 20.2793 0 19.5941 0 18.7488V1.53052ZM6.18354 5.5483C6.18354 5.23132 6.4431 4.97436 6.76329 4.97436H12.3676C12.6878 4.97436 12.9473 5.23132 12.9473 5.5483C12.9473 5.86528 12.6878 6.12224 12.3676 6.12224H6.76329C6.4431 6.12224 6.18354 5.86528 6.18354 5.5483ZM6.76329 11.0961C6.4431 11.0961 6.18354 11.3531 6.18354 11.6701C6.18354 11.987 6.4431 12.244 6.76329 12.244H12.3676C12.6878 12.244 12.9473 11.987 12.9473 11.6701C12.9473 11.3531 12.6878 11.0961 12.3676 11.0961H6.76329ZM6.18354 8.60985C6.18354 8.29287 6.4431 8.03591 6.76329 8.03591H12.3676C12.6878 8.03591 12.9473 8.29287 12.9473 8.60985C12.9473 8.92684 12.6878 9.1838 12.3676 9.1838H6.76329C6.4431 9.1838 6.18354 8.92684 6.18354 8.60985ZM3.67118 5.5483C3.67118 5.23132 3.93075 4.97436 4.25093 4.97436H4.63743C4.95762 4.97436 5.21719 5.23132 5.21719 5.5483C5.21719 5.86528 4.95762 6.12224 4.63743 6.12224H4.25093C3.93075 6.12224 3.67118 5.86528 3.67118 5.5483ZM4.25093 11.0961C3.93075 11.0961 3.67118 11.3531 3.67118 11.6701C3.67118 11.987 3.93075 12.244 4.25093 12.244H4.63743C4.95762 12.244 5.21719 11.987 5.21719 11.6701C5.21719 11.3531 4.95762 11.0961 4.63743 11.0961H4.25093ZM3.67118 8.60985C3.67118 8.29287 3.93075 8.03591 4.25093 8.03591H4.63743C4.95762 8.03591 5.21719 8.29287 5.21719 8.60985C5.21719 8.92684 4.95762 9.1838 4.63743 9.1838H4.25093C3.93075 9.1838 3.67118 8.92684 3.67118 8.60985ZM4.25093 14.157C3.93075 14.157 3.67118 14.414 3.67118 14.731C3.67118 15.0479 3.93075 15.3049 4.25093 15.3049H4.63743C4.95762 15.3049 5.21719 15.0479 5.21719 14.731C5.21719 14.414 4.95762 14.157 4.63743 14.157H4.25093Z" fill="#EB0203"></path>
            <path fill-rule="evenodd" clip-rule="evenodd" d="M14.6252 13.6363C13.4918 12.6215 11.7817 12.5264 10.6569 13.4792C9.12421 14.7764 9.34841 16.8912 10.4409 18.0122L14.0159 21.6742C14.2197 21.8832 14.4928 22 14.7822 22C15.0737 22 15.3448 21.8852 15.5486 21.6762L19.1236 18.0142C20.214 16.8933 20.4423 14.7785 18.9075 13.4792C17.7827 12.5283 16.0724 12.6217 14.9391 13.6365C14.8855 13.6845 14.8331 13.7345 14.7822 13.7866C14.7313 13.7345 14.6789 13.6843 14.6252 13.6363ZM18.1546 14.3522C19.0973 15.1508 18.9962 16.4896 18.2891 17.2173C18.2888 17.2175 18.2886 17.2177 18.2884 17.218L14.7832 20.8084L11.2753 17.2151C11.2752 17.215 11.2751 17.2149 11.2749 17.2148C10.5677 16.4887 10.4678 15.1495 11.4104 14.3518L11.4108 14.3514C12.0745 13.7892 13.2018 13.82 13.9488 14.5846L14.7822 15.4378L15.6157 14.5846C16.3617 13.8211 17.4896 13.79 18.1545 14.3521" fill="#EB0203"></path>
            </svg>
            <svg class="inactive-content" width="100%" height="100%" viewBox="0 0 20 23" fill="none" xmlns="http://www.w3.org/2000/svg">
            <path fill-rule="evenodd" clip-rule="evenodd" d="M6.18408 5.77914C6.18408 5.46223 6.44363 5.20532 6.7638 5.20532H12.3678C12.6879 5.20532 12.9475 5.46223 12.9475 5.77914C12.9475 6.09606 12.6879 6.35297 12.3678 6.35297H6.7638C6.44363 6.35297 6.18408 6.09606 6.18408 5.77914Z" fill="#EB0203"></path>
            <path fill-rule="evenodd" clip-rule="evenodd" d="M6.18408 11.9034C6.18408 11.5865 6.44363 11.3296 6.7638 11.3296H12.3678C12.6879 11.3296 12.9475 11.5865 12.9475 11.9034C12.9475 12.2202 12.6879 12.4771 12.3678 12.4771H6.7638C6.44363 12.4771 6.18408 12.2202 6.18408 11.9034Z" fill="#EB0203"></path>
            <path fill-rule="evenodd" clip-rule="evenodd" d="M6.18408 8.84116C6.18408 8.52424 6.44363 8.26733 6.7638 8.26733H12.3678C12.6879 8.26733 12.9475 8.52424 12.9475 8.84116C12.9475 9.15807 12.6879 9.41498 12.3678 9.41498H6.7638C6.44363 9.41498 6.18408 9.15807 6.18408 8.84116Z" fill="#EB0203"></path>
            <path fill-rule="evenodd" clip-rule="evenodd" d="M6.18408 14.9655C6.18408 14.6486 6.44363 14.3917 6.7638 14.3917H10.1455C10.4657 14.3917 10.7252 14.6486 10.7252 14.9655C10.7252 15.2825 10.4657 15.5394 10.1455 15.5394H6.7638C6.44363 15.5394 6.18408 15.2825 6.18408 14.9655Z" fill="#EB0203"></path>
            <path fill-rule="evenodd" clip-rule="evenodd" d="M3.67139 5.77914C3.67139 5.46223 3.93094 5.20532 4.25111 5.20532H4.63759C4.95776 5.20532 5.21731 5.46223 5.21731 5.77914C5.21731 6.09606 4.95776 6.35297 4.63759 6.35297H4.25111C3.93094 6.35297 3.67139 6.09606 3.67139 5.77914Z" fill="#EB0203"></path>
            <path fill-rule="evenodd" clip-rule="evenodd" d="M3.67139 11.9034C3.67139 11.5865 3.93094 11.3296 4.25111 11.3296H4.63759C4.95776 11.3296 5.21731 11.5865 5.21731 11.9034C5.21731 12.2202 4.95776 12.4771 4.63759 12.4771H4.25111C3.93094 12.4771 3.67139 12.2202 3.67139 11.9034Z" fill="#EB0203"></path>
            <path fill-rule="evenodd" clip-rule="evenodd" d="M3.67139 8.84116C3.67139 8.52424 3.93094 8.26733 4.25111 8.26733H4.63759C4.95776 8.26733 5.21731 8.52424 5.21731 8.84116C5.21731 9.15807 4.95776 9.41498 4.63759 9.41498H4.25111C3.93094 9.41498 3.67139 9.15807 3.67139 8.84116Z" fill="#EB0203"></path>
            <path fill-rule="evenodd" clip-rule="evenodd" d="M3.67139 14.9655C3.67139 14.6486 3.93094 14.3917 4.25111 14.3917H4.63759C4.95776 14.3917 5.21731 14.6486 5.21731 14.9655C5.21731 15.2825 4.95776 15.5394 4.63759 15.5394H4.25111C3.93094 15.5394 3.67139 15.2825 3.67139 14.9655Z" fill="#EB0203"></path>
            <path fill-rule="evenodd" clip-rule="evenodd" d="M0 1.76033C0 0.914738 0.692131 0.229248 1.54592 0.229248H15.0727C15.9265 0.229248 16.6186 0.914738 16.6186 1.76033V11.2818C16.6186 11.5989 16.3591 11.8559 16.0389 11.8559C15.7187 11.8559 15.4592 11.5989 15.4592 11.2818V1.76033C15.4592 1.54893 15.2862 1.37756 15.0727 1.37756H1.54592C1.33247 1.37756 1.15944 1.54893 1.15944 1.76033V18.985C1.15944 19.1964 1.33247 19.3678 1.54592 19.3678H9.27551C9.59568 19.3678 9.85523 19.6249 9.85523 19.942C9.85523 20.2591 9.59568 20.5161 9.27551 20.5161H1.54592C0.692131 20.5161 0 19.8306 0 18.985V1.76033Z" fill="#EB0203"></path>
            <path fill-rule="evenodd" clip-rule="evenodd" d="M14.6254 13.8718C13.4921 12.8567 11.7821 12.7615 10.6574 13.7147C9.12472 15.0124 9.34891 17.128 10.4413 18.2493L14.0161 21.9126C14.2199 22.1217 14.493 22.2386 14.7824 22.2386C15.0739 22.2386 15.3449 22.1238 15.5487 21.9147L19.1235 18.2514C20.2139 17.13 20.4422 15.0144 18.9075 13.7147C17.7827 12.7634 16.0726 12.8569 14.9392 13.872C14.8856 13.92 14.8333 13.9701 14.7824 14.0222C14.7314 13.97 14.6791 13.9199 14.6254 13.8718ZM18.1546 14.588C19.0972 15.3869 18.9961 16.7262 18.2891 17.4541C18.2888 17.4543 18.2886 17.4546 18.2884 17.4548L14.7834 21.0466L11.2757 17.452C11.2756 17.4519 11.2755 17.4517 11.2753 17.4516C10.5681 16.7252 10.4682 15.3856 11.4108 14.5876L11.4112 14.5872C12.0748 14.0248 13.202 14.0556 13.949 14.8205L14.7824 15.674L15.6158 14.8205C16.3618 14.0567 17.4896 14.0256 18.1545 14.5879" fill="#EB0203"></path>
            </svg>
            </button>
            </div>
            </div>
            <p class="ct-tile--brand">The Rustik Bakery</p>
            <p class="ct-tile--quantity">emb. 450 gr</p>
            </div>
            <div class="ct-tile-bottom row no-gutters justify-content-between">
            <div class="ct-price-wrap col-8 col-sm-12">
            <div class="price js-product-price">
            <div class="prices-wrapper">
            <span class="sales ct-tile--price-primary ">
            <span class="value" content="2.29">
            <span class="ct-price-formatted">
            €2,29
            </span>
            <span class="ct-m-unit">
            /un
            </span>
            </span>
            </span>
            </div>
            <div class="ct-tile--price-secondary">
            <span class="ct-price-value">
            €5,09
            </span>
            <span class="ct-m-unit">
            /kg
            </span>
            </div>
            </div>
            </div>
            <div class="ct-tile-buy-section d-flex justify-content-center no-gutters col-auto col-sm-12">
            <div class="col-2 d-sm-flex d-none">
            <button class="wishlist-toggler guest-mode inactive button button--tertiary" data-pid="5726448" data-add-url="https://www.continente.pt/on/demandware.store/Sites-continente-Site/default/Wishlist-AddProduct?pid=5726448" data-toggle="tooltip" aria-label="Adicionar aos favoritos " data-original-title="Adicionar aos favoritos" data-placement="top">
            <svg class="active-content" width="100%" height="100%" viewBox="0 0 20 22" fill="none" xmlns="http://www.w3.org/2000/svg">
            <path fill-rule="evenodd" clip-rule="evenodd" d="M0 1.53052C0 0.685236 0.692171 0 1.54601 0H15.0736C15.9274 0 16.6196 0.685235 16.6196 1.53052V13.4064L15.8127 13.922L14.2658 14.2658L12.7189 13.4064L10.6054 14.3818C10.4994 14.2451 10.3327 14.157 10.1452 14.157H6.76329C6.4431 14.157 6.18354 14.414 6.18354 14.731C6.18354 15.0479 6.4431 15.3049 6.76329 15.3049H10.1452C10.2478 15.3049 10.3441 15.2785 10.4277 15.2322L10.3126 16.8439L13.2345 20.2793H1.54601C0.69217 20.2793 0 19.5941 0 18.7488V1.53052ZM6.18354 5.5483C6.18354 5.23132 6.4431 4.97436 6.76329 4.97436H12.3676C12.6878 4.97436 12.9473 5.23132 12.9473 5.5483C12.9473 5.86528 12.6878 6.12224 12.3676 6.12224H6.76329C6.4431 6.12224 6.18354 5.86528 6.18354 5.5483ZM6.76329 11.0961C6.4431 11.0961 6.18354 11.3531 6.18354 11.6701C6.18354 11.987 6.4431 12.244 6.76329 12.244H12.3676C12.6878 12.244 12.9473 11.987 12.9473 11.6701C12.9473 11.3531 12.6878 11.0961 12.3676 11.0961H6.76329ZM6.18354 8.60985C6.18354 8.29287 6.4431 8.03591 6.76329 8.03591H12.3676C12.6878 8.03591 12.9473 8.29287 12.9473 8.60985C12.9473 8.92684 12.6878 9.1838 12.3676 9.1838H6.76329C6.4431 9.1838 6.18354 8.92684 6.18354 8.60985ZM3.67118 5.5483C3.67118 5.23132 3.93075 4.97436 4.25093 4.97436H4.63743C4.95762 4.97436 5.21719 5.23132 5.21719 5.5483C5.21719 5.86528 4.95762 6.12224 4.63743 6.12224H4.25093C3.93075 6.12224 3.67118 5.86528 3.67118 5.5483ZM4.25093 11.0961C3.93075 11.0961 3.67118 11.3531 3.67118 11.6701C3.67118 11.987 3.93075 12.244 4.25093 12.244H4.63743C4.95762 12.244 5.21719 11.987 5.21719 11.6701C5.21719 11.3531 4.95762 11.0961 4.63743 11.0961H4.25093ZM3.67118 8.60985C3.67118 8.29287 3.93075 8.03591 4.25093 8.03591H4.63743C4.95762 8.03591 5.21719 8.29287 5.21719 8.60985C5.21719 8.92684 4.95762 9.1838 4.63743 9.1838H4.25093C3.93075 9.1838 3.67118 8.92684 3.67118 8.60985ZM4.25093 14.157C3.93075 14.157 3.67118 14.414 3.67118 14.731C3.67118 15.0479 3.93075 15.3049 4.25093 15.3049H4.63743C4.95762 15.3049 5.21719 15.0479 5.21719 14.731C5.21719 14.414 4.95762 14.157 4.63743 14.157H4.25093Z" fill="#EB0203"></path>
            <path fill-rule="evenodd" clip-rule="evenodd" d="M14.6252 13.6363C13.4918 12.6215 11.7817 12.5264 10.6569 13.4792C9.12421 14.7764 9.34841 16.8912 10.4409 18.0122L14.0159 21.6742C14.2197 21.8832 14.4928 22 14.7822 22C15.0737 22 15.3448 21.8852 15.5486 21.6762L19.1236 18.0142C20.214 16.8933 20.4423 14.7785 18.9075 13.4792C17.7827 12.5283 16.0724 12.6217 14.9391 13.6365C14.8855 13.6845 14.8331 13.7345 14.7822 13.7866C14.7313 13.7345 14.6789 13.6843 14.6252 13.6363ZM18.1546 14.3522C19.0973 15.1508 18.9962 16.4896 18.2891 17.2173C18.2888 17.2175 18.2886 17.2177 18.2884 17.218L14.7832 20.8084L11.2753 17.2151C11.2752 17.215 11.2751 17.2149 11.2749 17.2148C10.5677 16.4887 10.4678 15.1495 11.4104 14.3518L11.4108 14.3514C12.0745 13.7892 13.2018 13.82 13.9488 14.5846L14.7822 15.4378L15.6157 14.5846C16.3617 13.8211 17.4896 13.79 18.1545 14.3521" fill="#EB0203"></path>
            </svg>
            <svg class="inactive-content" width="100%" height="100%" viewBox="0 0 20 23" fill="none" xmlns="http://www.w3.org/2000/svg">
            <path fill-rule="evenodd" clip-rule="evenodd" d="M6.18408 5.77914C6.18408 5.46223 6.44363 5.20532 6.7638 5.20532H12.3678C12.6879 5.20532 12.9475 5.46223 12.9475 5.77914C12.9475 6.09606 12.6879 6.35297 12.3678 6.35297H6.7638C6.44363 6.35297 6.18408 6.09606 6.18408 5.77914Z" fill="#EB0203"></path>
            <path fill-rule="evenodd" clip-rule="evenodd" d="M6.18408 11.9034C6.18408 11.5865 6.44363 11.3296 6.7638 11.3296H12.3678C12.6879 11.3296 12.9475 11.5865 12.9475 11.9034C12.9475 12.2202 12.6879 12.4771 12.3678 12.4771H6.7638C6.44363 12.4771 6.18408 12.2202 6.18408 11.9034Z" fill="#EB0203"></path>
            <path fill-rule="evenodd" clip-rule="evenodd" d="M6.18408 8.84116C6.18408 8.52424 6.44363 8.26733 6.7638 8.26733H12.3678C12.6879 8.26733 12.9475 8.52424 12.9475 8.84116C12.9475 9.15807 12.6879 9.41498 12.3678 9.41498H6.7638C6.44363 9.41498 6.18408 9.15807 6.18408 8.84116Z" fill="#EB0203"></path>
            <path fill-rule="evenodd" clip-rule="evenodd" d="M6.18408 14.9655C6.18408 14.6486 6.44363 14.3917 6.7638 14.3917H10.1455C10.4657 14.3917 10.7252 14.6486 10.7252 14.9655C10.7252 15.2825 10.4657 15.5394 10.1455 15.5394H6.7638C6.44363 15.5394 6.18408 15.2825 6.18408 14.9655Z" fill="#EB0203"></path>
            <path fill-rule="evenodd" clip-rule="evenodd" d="M3.67139 5.77914C3.67139 5.46223 3.93094 5.20532 4.25111 5.20532H4.63759C4.95776 5.20532 5.21731 5.46223 5.21731 5.77914C5.21731 6.09606 4.95776 6.35297 4.63759 6.35297H4.25111C3.93094 6.35297 3.67139 6.09606 3.67139 5.77914Z" fill="#EB0203"></path>
            <path fill-rule="evenodd" clip-rule="evenodd" d="M3.67139 11.9034C3.67139 11.5865 3.93094 11.3296 4.25111 11.3296H4.63759C4.95776 11.3296 5.21731 11.5865 5.21731 11.9034C5.21731 12.2202 4.95776 12.4771 4.63759 12.4771H4.25111C3.93094 12.4771 3.67139 12.2202 3.67139 11.9034Z" fill="#EB0203"></path>
            <path fill-rule="evenodd" clip-rule="evenodd" d="M3.67139 8.84116C3.67139 8.52424 3.93094 8.26733 4.25111 8.26733H4.63759C4.95776 8.26733 5.21731 8.52424 5.21731 8.84116C5.21731 9.15807 4.95776 9.41498 4.63759 9.41498H4.25111C3.93094 9.41498 3.67139 9.15807 3.67139 8.84116Z" fill="#EB0203"></path>
            <path fill-rule="evenodd" clip-rule="evenodd" d="M3.67139 14.9655C3.67139 14.6486 3.93094 14.3917 4.25111 14.3917H4.63759C4.95776 14.3917 5.21731 14.6486 5.21731 14.9655C5.21731 15.2825 4.95776 15.5394 4.63759 15.5394H4.25111C3.93094 15.5394 3.67139 15.2825 3.67139 14.9655Z" fill="#EB0203"></path>
            <path fill-rule="evenodd" clip-rule="evenodd" d="M0 1.76033C0 0.914738 0.692131 0.229248 1.54592 0.229248H15.0727C15.9265 0.229248 16.6186 0.914738 16.6186 1.76033V11.2818C16.6186 11.5989 16.3591 11.8559 16.0389 11.8559C15.7187 11.8559 15.4592 11.5989 15.4592 11.2818V1.76033C15.4592 1.54893 15.2862 1.37756 15.0727 1.37756H1.54592C1.33247 1.37756 1.15944 1.54893 1.15944 1.76033V18.985C1.15944 19.1964 1.33247 19.3678 1.54592 19.3678H9.27551C9.59568 19.3678 9.85523 19.6249 9.85523 19.942C9.85523 20.2591 9.59568 20.5161 9.27551 20.5161H1.54592C0.692131 20.5161 0 19.8306 0 18.985V1.76033Z" fill="#EB0203"></path>
            <path fill-rule="evenodd" clip-rule="evenodd" d="M14.6254 13.8718C13.4921 12.8567 11.7821 12.7615 10.6574 13.7147C9.12472 15.0124 9.34891 17.128 10.4413 18.2493L14.0161 21.9126C14.2199 22.1217 14.493 22.2386 14.7824 22.2386C15.0739 22.2386 15.3449 22.1238 15.5487 21.9147L19.1235 18.2514C20.2139 17.13 20.4422 15.0144 18.9075 13.7147C17.7827 12.7634 16.0726 12.8569 14.9392 13.872C14.8856 13.92 14.8333 13.9701 14.7824 14.0222C14.7314 13.97 14.6791 13.9199 14.6254 13.8718ZM18.1546 14.588C19.0972 15.3869 18.9961 16.7262 18.2891 17.4541C18.2888 17.4543 18.2886 17.4546 18.2884 17.4548L14.7834 21.0466L11.2757 17.452C11.2756 17.4519 11.2755 17.4517 11.2753 17.4516C10.5681 16.7252 10.4682 15.3856 11.4108 14.5876L11.4112 14.5872C12.0748 14.0248 13.202 14.0556 13.949 14.8205L14.7824 15.674L15.6158 14.8205C16.3618 14.0567 17.4896 14.0256 18.1545 14.5879" fill="#EB0203"></path>
            </svg>
            </button>
            </div>
            <div class="col-sm-10 col-12">
            <div class="ct-tile-quantity d-none" data-pid="5726448">
            <input type="hidden" class="add-to-cart-url" value="https://www.continente.pt/on/demandware.store/Sites-continente-Site/default/Cart-AddProduct">
            <div class="d-none tile-delete-confirmation-btn" data-pid="5726448" data-delay-time="3000" data-in-cart-msg="no carrinho" data-one-product-added="Adicionado ao carrinho" data-remove-from-cart-msg="Removido do carrinho" data-stay-open="6000.0" data-confirmation-image="{&quot;url&quot;:&quot;https://www.continente.pt/dw/image/v2/BDVS_PRD/on/demandware.static/-/Sites-col-master-catalog/default/dw72e77699/images/col/572/5726448-frente.jpg?sw=87&amp;sh=80&quot;,&quot;fallbackimage&quot;:{&quot;url&quot;:&quot;https://www.continente.pt/dw/image/v2/BDVS_PRD/on/demandware.static/Sites-continente-Site/-/default/dw7c42b4da/images/noimagelarge_product.png?sw=87&amp;sh=80&quot;,&quot;title&quot;:&quot;Pão Rústico Cereais Massa Mãe&quot;,&quot;alt&quot;:&quot;Pão Rústico Cereais Massa Mãe&quot;},&quot;title&quot;:&quot;Pão Rústico Cereais Massa Mãe&quot;,&quot;alt&quot;:&quot;Pão Rústico Cereais Massa Mãe&quot;}"></div>
            <div class="ct-tile-quantity-update quantity-update product-qty-vue" data-remove-action="https://www.continente.pt/on/demandware.store/Sites-continente-Site/default/Cart-RemoveProductLineItem" data-action="https://www.continente.pt/on/demandware.store/Sites-continente-Site/default/Cart-UpdateQuantity" data-dimension-update="https://www.continente.pt/on/demandware.store/Sites-continente-Site/default/Cart-DimensionUpdate" data-pid="5726448" data-uuid="362829c49ca94e0e5b46d4e73b" data-add-delay="500.0" data-measure-options="{&quot;hasConversionRate&quot;:false,&quot;hasAlternativeSaleUnit&quot;:false,&quot;unitConversionRate&quot;:0,&quot;minOrderQuantity&quot;:1,&quot;stepQuantity&quot;:1,&quot;primaryunit&quot;:&quot;un&quot;,&quot;secondaryunit&quot;:&quot;kg&quot;,&quot;selectedunit&quot;:&quot;primary&quot;,&quot;maxNumberOfUnitsPerSale&quot;:50}" data-price-available="null" :data-has-error="isMaxQtyReached || isMinQtyReached || qtySelectedMoreThanOne">
            <template v-show="prodUnits">
            <div class="quantity-input-wrapper has-units">
            <label class="visually-hidden" :for="'quantity-' + pid + additionalTag">
            Quantidade no carrinho
            </label>
            <input :ref="'quantityInput-' + pid + additionalTag" class="add-to-cart-quantity form-control ct-form-input text-center" inputmode="numeric" :class="{'is-invalid': isInvalid}" :data-pid="pid + additionalTag" :name="'quantity-' + pid + additionalTag" type="text" aria-label="Insira a quantidade" title="" v-model="displayValue" @change="updateQuantity" @focus="updateQtyFormat" @blur="restoreQtyFormat" :disabled="!isPriceAvailable">
            <span class="quantity-icon quantity-icon--minus">
            <button class="decrease-quantity-btn" @click="updateQuantity" :disabled="!isPriceAvailable" role="button" aria-label="Reduzir quantidade">
            <i class="css-math-minus"></i>
            </button>
            </span>
            <span class="quantity-icon quantity-icon--plus">
            <button class="increase-quantity-btn" @click="updateQuantity" :disabled="isMaxQtyReached || !isPriceAvailable" role="button" aria-label="Aumentar quantidade">
            <i class="css-math-plus"></i>
            </button>
            <span class="quantity-btn-disabled-placeholder"></span>
            </span>
            <template v-if="isPDP">
            <span class="quantity-error ct-span-error text-sm-center product-max-allocation" v-if="isMaxQtyReached">
            Quantidade máxima atingida
            </span>
            <span class="quantity-error ct-span-product text-sm-center product-allocation" v-if="!isMinQtyReached &amp;&amp; !isMaxQtyReached">
            {{quantitySelected}} no carrinho
            </span>
            <span class="quantity-error ct-span-error text-sm-center product-min-allocation" :data-pid="pid" v-if="isMinQtyReached &amp;&amp; !isMaxQtyReached">
            Quantidade mínima atingida
            </span>
            </template>
            </div>
            <template v-if="showNotes">
            <div class="add-note-link-container ">
            <div class="add-note">
            <a href="/produto/pao-rustico-cereais-massa-mae-the-rustik-bakery-5726448.html?showNote=true" class="ct-add-note-redirect-pdp" aria-label="Adicionar comentário">
            <span class="svg-wrapper svg-icon-notes" style="width:19px; height:20px">
            <svg class="svg-inline icon-notes" viewBox="0 0 28 30" xmlns="http://www.w3.org/2000/svg" width="100%" height="100%"><path d="M21.738 0C22.985 0 24 1.04 24 2.319V12.47c0 .469-.37.848-.828.848-.457 0-.827-.38-.827-.848V2.32c0-.343-.273-.622-.607-.622H2.262c-.334 0-.607.279-.607.622V27.68c0 .343.273.622.607.622h7.81c.457 0 .827.38.827.849 0 .468-.37.848-.827.848h-7.81C1.015 30 0 28.96 0 27.681V2.32C0 1.04 1.015 0 2.262 0h19.476zm2.844 16.004l.227.007c.823.053 1.589.39 2.176.964.64.627.993 1.46.993 2.349 0 .888-.353 1.722-.993 2.348l-6.83 6.665c-.11.108-.247.186-.397.226l-5.032 1.363c-.078.021-.16.032-.241.032-.242 0-.478-.097-.647-.266-.23-.231-.314-.566-.218-.874l1.49-4.798c.044-.139.122-.266.227-.369l6.844-6.677c.64-.625 1.493-.97 2.401-.97zm-2.886 3.94l-4.922 4.802-.947 3.048 3.22-.872 4.897-4.78-2.248-2.197zm2.887-2.174c-.425 0-.824.162-1.124.455l-.484.472 2.248 2.197.484-.472c.62-.606.62-1.591 0-2.197l-.117-.104c-.283-.227-.636-.35-1.007-.35zm-10.839.022c.498 0 .904.396.904.883 0 .488-.406.884-.904.884H5.946c-.499 0-.904-.396-.904-.884 0-.487.405-.883.904-.883zm5.042-4.876c.498 0 .904.397.904.884s-.406.884-.904.884H5.946c-.499 0-.904-.397-.904-.884s.405-.884.904-.884zm0-4.875c.498 0 .904.396.904.884 0 .487-.406.883-.904.883H5.946c-.499 0-.904-.396-.904-.883 0-.488.405-.884.904-.884z" fill="#EB0203" fill-rule="evenodd"></path></svg>
            </span>
            <div class="available-note d-none"></div>
            </a>
            </div>
            </div>
            </template>
            <div class="measurement-unit-section" v-if="isPriceAvailable &amp;&amp; prodUnits ? prodUnits.hasAlternativeUnit : false">
            <div class="ct-form-radio" @click="setDimension">
            <input type="radio" title="" class="ct-form-check-input product-measurement-unit" :data-type="prodUnits.selectedUnit == prodUnits.secondaryUnit ? 'primary' : ''" :id="prodUnits.secondaryUnit + '-' + pid + '-measurement-unit-ptile' + additionalTag" :name="'measurement-unit-' + pid + '-ptile' + additionalTag" :value="prodUnits.secondaryUnit" v-model="prodUnits.selectedUnit">
            <label :class="prodUnits.secondaryUnit + '-label ct-form-check-label mb-0'" :for="prodUnits.secondaryUnit + '-' + pid + '-measurement-unit-ptile' + additionalTag">
            {{prodUnits.secondaryUnit}}
            </label>
            <span class="checkmark"></span>
            </div>
            <div class="ct-form-radio" @click="setDimension">
            <input type="radio" title="" class="ct-form-check-input product-measurement-unit" :data-type="prodUnits.selectedUnit == prodUnits.primaryUnit ? 'primary' : ''" :id="prodUnits.primaryUnit + '-' + pid + '-measurement-unit-ptile' + additionalTag" :name="'measurement-unit-' + pid + '-ptile' + additionalTag" :value="prodUnits.primaryUnit" v-model="prodUnits.selectedUnit">
            <label :class="prodUnits.primaryUnit + '-label ct-form-check-label mb-0'" :for="prodUnits.primaryUnit + '-' + pid + '-measurement-unit-ptile' + additionalTag">
            {{prodUnits.primaryUnit}}
            </label>
            <span class="checkmark"></span>
            </div>
            </div>
            <template v-if="!isPDP &amp;&amp; isPriceAvailable">
            <span class="quantity-error ct-span-error product-max-allocation" v-if="isMaxQtyReached">
            Quantidade máxima atingida
            </span>
            <span class="quantity-error ct-span-product product-allocation" v-if="!isMinQtyReached &amp;&amp; !isMaxQtyReached">
            {{quantitySelected}} no carrinho
            </span>
            <span class="quantity-error ct-span-error product-min-allocation" :data-pid="pid" v-if="isMinQtyReached &amp;&amp; !isMaxQtyReached">
            Quantidade mínima atingida
            </span>
            </template>
            </template>
            </div>
            <input class="quantity-value-mask d-none" name="quantity" type="number" min="0" value="">
            </div>
            <button type="button" class="add-to-cart button js-add-to-cart js-add-to-cart-tile 5726448 button--primary dynamic-layout-btn" data-toggle="modal" data-target="#chooseBonusProductModal" data-pid="5726448" data-quantity-value="null" aria-label="Carrinho">
            <span class="d-block d-sm-none">
            <span class="svg-wrapper svg-icon-cart" style="width:20px; height:20px">
            <svg class="svg-inline icon-cart" xmlns="http://www.w3.org/2000/svg" viewBox="0 0 500 500" width="100%" height="100%"><path fill="#EB0203" fill-rule="evenodd" d="M 485.67317,94.386311 C 476.37798,83.847129 463.09468,78.03348 448.30404,78.03348 H 90.690813 L 87.079511,51.327997 C 83.185582,22.539551 62.962285,0 41.011841,0 H 14.727836 C 6.563151,0 0,6.5286975 0,14.580758 c 0,8.05206 6.5945535,14.580758 14.727836,14.580758 h 26.284005 c 4.710398,0 14.696435,9.855222 16.894619,26.021523 L 100.01739,368.0631 c 1.88416,13.77244 9.01256,26.70549 20.1605,36.37417 8.25889,7.15046 18.02511,11.9071 28.26237,13.89679 -4.17655,7.58572 -6.53175,16.25957 -6.53175,25.493 0,29.53459 24.27424,53.59751 54.13815,53.59751 29.8325,0 54.13814,-24.03184 54.13814,-53.59751 0,-8.79818 -2.19818,-17.09897 -5.9979,-24.43598 h 77.12488 c -3.79973,7.33701 -5.96652,15.6378 -5.96652,24.43598 0,29.53459 24.27424,53.59751 54.13817,53.59751 29.83249,0 54.13814,-24.03184 54.13814,-53.59751 0,-8.79818 -2.1982,-17.09897 -5.9979,-24.43598 h 38.56243 c 8.13328,0 14.72783,-6.5287 14.72783,-14.61183 0,-8.02098 -6.59455,-14.54967 -14.72783,-14.54967 H 159.24277 c -14.38241,0 -28.13677,-11.90711 -30.02092,-26.02153 l -3.07746,-22.88154 h 290.6314 c 14.03698,0 27.94834,-5.28513 39.06488,-14.95381 11.11652,-9.6376 18.27632,-22.57065 20.16048,-36.37417 l 21.10259,-156.78201 c 1.94694,-14.51858 -2.10398,-28.29103 -11.43057,-38.861299 z M 220.76053,443.82706 c 0,13.49265 -11.08513,24.46709 -24.68247,24.46709 -13.62874,0 -24.71387,-10.97444 -24.71387,-24.46709 0,-13.49262 11.08513,-24.43598 24.71387,-24.43598 13.59734,0 24.68247,10.94336 24.68247,24.43598 z m 173.43675,0 c 0,13.49265 -11.08512,24.46709 -24.68245,24.46709 -13.62876,0 -24.71388,-10.97444 -24.71388,-24.46709 0,-13.49262 11.08512,-24.43598 24.71388,-24.43598 13.59733,0 24.68245,10.94336 24.68245,24.43598 z m 73.7648,-314.46558 -21.13397,156.782 c -1.88416,14.11442 -15.63851,26.05261 -30.02091,26.05261 H 122.25046 L 94.616142,107.19499 H 448.33544 c 6.18632,0 11.61896,2.2695 15.23028,6.37326 3.64269,4.13484 5.21283,9.73086 4.39636,15.79323 z"></path></svg>
            </span>
            </span>
            <span class="add-to-cart--text d-none d-sm-block">Carrinho</span>
            </button>
            </div>
            </div>
            </div>
            </div>
            
            <div class="col-12 d-sm-none">
            </div>
            </div>
            </div>
            </div>
            </div>
            <div class="col-12 col-sm-3 col-lg-2 productTile" data-idx="35">
            
            <script type="text/javascript">//<!--
            /* <![CDATA[ */
            (function(){
            try {
                if(window.CQuotient) {
                var cq_params = {};
                
                cq_params.cookieId = window.CQuotient.getCQCookieId();
                cq_params.userId = window.CQuotient.getCQUserId();
                cq_params.emailId = CQuotient.getCQHashedEmail();
                cq_params.loginId = CQuotient.getCQHashedLogin();
                cq_params.accumulate = true;
                cq_params.products = [{
                    id: '7102759',
                    sku: ''
                }];
                cq_params.categoryId = 'padaria-e-pastelaria-padaria-forma';
                cq_params.refinements = '[{\"name\":\"priceMin\",\"value\":\"0.01\"},{\"name\":\"priceMax\",\"value\":\"null\"},{\"name\":\"curr\",\"value\":\"EUR\"},{\"name\":\"Category\",\"value\":\"padaria-e-pastelaria-padaria-forma\"}]';
                cq_params.personalized = 'false';
                cq_params.sortingRule = 'categories top-sellers';
                cq_params.imageUUID = '__UNDEFINED__';
                cq_params.realm = "BDVS";
                cq_params.siteId = "continente";
                cq_params.instanceType = "prd";
                cq_params.queryLocale = "default";
                cq_params.locale = window.CQuotient.locale;
                
                if(window.CQuotient.sendActivity)
                    window.CQuotient.sendActivity(CQuotient.clientId, 'viewCategory', cq_params);
                else
                    window.CQuotient.activities.push({
                        activityType: 'viewCategory',
                        parameters: cq_params
                    });
              }
            } catch(err) {}
            })();
            /* ]]> */
            // -->
            </script>
            <script type="text/javascript">//<!--
            /* <![CDATA[ (viewCategoryProduct-active_data.js) */
            (function(){
            try {
                if (dw.ac) {
                    var search_params = {};
                    search_params.persd = 'false';
                    search_params.refs = '[{\"name\":\"priceMin\",\"value\":\"0.01\"},{\"name\":\"priceMax\",\"value\":\"null\"},{\"name\":\"curr\",\"value\":\"EUR\"},{\"name\":\"Category\",\"value\":\"padaria-e-pastelaria-padaria-forma\"}]';
                    search_params.sort = 'categories top-sellers';
                    search_params.imageUUID = '';
                    search_params.searchID = '79fd584c-cee5-42dd-a07f-04e8467e04c2';
                    search_params.locale = 'default';
                    search_params.queryLocale = 'default';
                    search_params.showProducts = 'true';
                    dw.ac.applyContext({category: "padaria-e-pastelaria-padaria-forma", searchData: search_params});
                    if (typeof dw.ac._scheduleDataSubmission === "function") {
                        dw.ac._scheduleDataSubmission();
                    }
                }
            } catch(err) {}
            })();
            /* ]]> */
            // -->
            </script>
            <script type="text/javascript">//<!--
            /* <![CDATA[ (viewProduct-active_data.js) */
            dw.ac._capture({id: "7102759", type: "searchhit"});
            /* ]]> */
            // -->
            </script>
            <div class="product" data-pid="7102759">
            <div class="product-tile pid-7102759 ct-product-tile data-layer-pushed" data-delay-time="3000" data-variants-mapping="[]" data-in-cart-msg="no carrinho" data-one-product-added="Adicionado ao carrinho" data-remove-from-cart-msg="Removido do carrinho" data-stay-open="6000.0" data-product-tile-impression="{&quot;name&quot;:&quot;7102759&quot;,&quot;id&quot;:&quot;7102759&quot;,&quot;price&quot;:3.49,&quot;brand&quot;:&quot;Continente&quot;,&quot;category&quot;:[{&quot;category_level_1&quot;:&quot;Padaria e Pastelaria&quot;},{&quot;category_level_2&quot;:&quot;Padaria&quot;},{&quot;category_level_3&quot;:&quot;Pão de Forma e Embalado&quot;}],&quot;variant&quot;:&quot;&quot;}">
            <div class="ct-inner-tile-wrap row no-gutters justify-content-center align-content-start">
            
            <div class="ct-image-container col-4 col-sm" data-confirmation-image="{&quot;url&quot;:&quot;https://www.continente.pt/dw/image/v2/BDVS_PRD/on/demandware.static/-/Sites-col-master-catalog/default/dw47fdbce6/images/col/710/7102759-frente.jpg?sw=87&amp;sh=80&quot;,&quot;fallbackimage&quot;:{&quot;url&quot;:&quot;https://www.continente.pt/dw/image/v2/BDVS_PRD/on/demandware.static/Sites-continente-Site/-/default/dw7c42b4da/images/noimagelarge_product.png?sw=87&amp;sh=80&quot;,&quot;title&quot;:&quot;Pão de Forma Clássico Branco sem Glúten&quot;,&quot;alt&quot;:&quot;Pão de Forma Clássico Branco sem Glúten&quot;},&quot;title&quot;:&quot;Pão de Forma Clássico Branco sem Glúten&quot;,&quot;alt&quot;:&quot;Pão de Forma Clássico Branco sem Glúten&quot;}">
            <a href="https://www.continente.pt/produto/pao-de-forma-classico-branco-sem-gluten-continente-7102759.html?cgid=padaria-e-pastelaria-padaria-forma">
            <picture class="intrinsic intrinsic--square">
            <img class="ct-tile-image lazyloaded" loading="lazy" onerror="this.onerror=null;this.src='/on/demandware.static/Sites-continente-Site/-/default/dw7c42b4da/images/noimagelarge_product.png';" data-src="https://www.continente.pt/dw/image/v2/BDVS_PRD/on/demandware.static/-/Sites-col-master-catalog/default/dw47fdbce6/images/col/710/7102759-frente.jpg?sw=280&amp;sh=280" alt="Pão de Forma Clássico Branco sem Glúten" title="Pão de Forma Clássico Branco sem Glúten" src="https://www.continente.pt/dw/image/v2/BDVS_PRD/on/demandware.static/-/Sites-col-master-catalog/default/dw47fdbce6/images/col/710/7102759-frente.jpg?sw=280&amp;sh=280">
            </picture>
            </a>
            <div class="color-swatches d-flex" style="margin-left: 5px;">
            <div class="swatches d-flex">
            </div>
            </div>
            </div>
            <div class="ct-tile-body col col-sm-auto ">
            <div class="ct-pdp-details">
            <div class="ct-pdp-link">
            <a class="ct-tile--description" href="https://www.continente.pt/produto/pao-de-forma-classico-branco-sem-gluten-continente-7102759.html?cgid=padaria-e-pastelaria-padaria-forma">Pão de Forma Clássico Branco sem Glúten</a>
            <div class="ct-tile--favorite-top d-sm-none">
            <button class="wishlist-toggler guest-mode inactive button button--tertiary" data-pid="7102759" data-add-url="https://www.continente.pt/on/demandware.store/Sites-continente-Site/default/Wishlist-AddProduct?pid=7102759" data-toggle="tooltip" aria-label="Adicionar aos favoritos " data-original-title="Adicionar aos favoritos" data-placement="top">
            <svg class="active-content" width="100%" height="100%" viewBox="0 0 20 22" fill="none" xmlns="http://www.w3.org/2000/svg">
            <path fill-rule="evenodd" clip-rule="evenodd" d="M0 1.53052C0 0.685236 0.692171 0 1.54601 0H15.0736C15.9274 0 16.6196 0.685235 16.6196 1.53052V13.4064L15.8127 13.922L14.2658 14.2658L12.7189 13.4064L10.6054 14.3818C10.4994 14.2451 10.3327 14.157 10.1452 14.157H6.76329C6.4431 14.157 6.18354 14.414 6.18354 14.731C6.18354 15.0479 6.4431 15.3049 6.76329 15.3049H10.1452C10.2478 15.3049 10.3441 15.2785 10.4277 15.2322L10.3126 16.8439L13.2345 20.2793H1.54601C0.69217 20.2793 0 19.5941 0 18.7488V1.53052ZM6.18354 5.5483C6.18354 5.23132 6.4431 4.97436 6.76329 4.97436H12.3676C12.6878 4.97436 12.9473 5.23132 12.9473 5.5483C12.9473 5.86528 12.6878 6.12224 12.3676 6.12224H6.76329C6.4431 6.12224 6.18354 5.86528 6.18354 5.5483ZM6.76329 11.0961C6.4431 11.0961 6.18354 11.3531 6.18354 11.6701C6.18354 11.987 6.4431 12.244 6.76329 12.244H12.3676C12.6878 12.244 12.9473 11.987 12.9473 11.6701C12.9473 11.3531 12.6878 11.0961 12.3676 11.0961H6.76329ZM6.18354 8.60985C6.18354 8.29287 6.4431 8.03591 6.76329 8.03591H12.3676C12.6878 8.03591 12.9473 8.29287 12.9473 8.60985C12.9473 8.92684 12.6878 9.1838 12.3676 9.1838H6.76329C6.4431 9.1838 6.18354 8.92684 6.18354 8.60985ZM3.67118 5.5483C3.67118 5.23132 3.93075 4.97436 4.25093 4.97436H4.63743C4.95762 4.97436 5.21719 5.23132 5.21719 5.5483C5.21719 5.86528 4.95762 6.12224 4.63743 6.12224H4.25093C3.93075 6.12224 3.67118 5.86528 3.67118 5.5483ZM4.25093 11.0961C3.93075 11.0961 3.67118 11.3531 3.67118 11.6701C3.67118 11.987 3.93075 12.244 4.25093 12.244H4.63743C4.95762 12.244 5.21719 11.987 5.21719 11.6701C5.21719 11.3531 4.95762 11.0961 4.63743 11.0961H4.25093ZM3.67118 8.60985C3.67118 8.29287 3.93075 8.03591 4.25093 8.03591H4.63743C4.95762 8.03591 5.21719 8.29287 5.21719 8.60985C5.21719 8.92684 4.95762 9.1838 4.63743 9.1838H4.25093C3.93075 9.1838 3.67118 8.92684 3.67118 8.60985ZM4.25093 14.157C3.93075 14.157 3.67118 14.414 3.67118 14.731C3.67118 15.0479 3.93075 15.3049 4.25093 15.3049H4.63743C4.95762 15.3049 5.21719 15.0479 5.21719 14.731C5.21719 14.414 4.95762 14.157 4.63743 14.157H4.25093Z" fill="#EB0203"></path>
            <path fill-rule="evenodd" clip-rule="evenodd" d="M14.6252 13.6363C13.4918 12.6215 11.7817 12.5264 10.6569 13.4792C9.12421 14.7764 9.34841 16.8912 10.4409 18.0122L14.0159 21.6742C14.2197 21.8832 14.4928 22 14.7822 22C15.0737 22 15.3448 21.8852 15.5486 21.6762L19.1236 18.0142C20.214 16.8933 20.4423 14.7785 18.9075 13.4792C17.7827 12.5283 16.0724 12.6217 14.9391 13.6365C14.8855 13.6845 14.8331 13.7345 14.7822 13.7866C14.7313 13.7345 14.6789 13.6843 14.6252 13.6363ZM18.1546 14.3522C19.0973 15.1508 18.9962 16.4896 18.2891 17.2173C18.2888 17.2175 18.2886 17.2177 18.2884 17.218L14.7832 20.8084L11.2753 17.2151C11.2752 17.215 11.2751 17.2149 11.2749 17.2148C10.5677 16.4887 10.4678 15.1495 11.4104 14.3518L11.4108 14.3514C12.0745 13.7892 13.2018 13.82 13.9488 14.5846L14.7822 15.4378L15.6157 14.5846C16.3617 13.8211 17.4896 13.79 18.1545 14.3521" fill="#EB0203"></path>
            </svg>
            <svg class="inactive-content" width="100%" height="100%" viewBox="0 0 20 23" fill="none" xmlns="http://www.w3.org/2000/svg">
            <path fill-rule="evenodd" clip-rule="evenodd" d="M6.18408 5.77914C6.18408 5.46223 6.44363 5.20532 6.7638 5.20532H12.3678C12.6879 5.20532 12.9475 5.46223 12.9475 5.77914C12.9475 6.09606 12.6879 6.35297 12.3678 6.35297H6.7638C6.44363 6.35297 6.18408 6.09606 6.18408 5.77914Z" fill="#EB0203"></path>
            <path fill-rule="evenodd" clip-rule="evenodd" d="M6.18408 11.9034C6.18408 11.5865 6.44363 11.3296 6.7638 11.3296H12.3678C12.6879 11.3296 12.9475 11.5865 12.9475 11.9034C12.9475 12.2202 12.6879 12.4771 12.3678 12.4771H6.7638C6.44363 12.4771 6.18408 12.2202 6.18408 11.9034Z" fill="#EB0203"></path>
            <path fill-rule="evenodd" clip-rule="evenodd" d="M6.18408 8.84116C6.18408 8.52424 6.44363 8.26733 6.7638 8.26733H12.3678C12.6879 8.26733 12.9475 8.52424 12.9475 8.84116C12.9475 9.15807 12.6879 9.41498 12.3678 9.41498H6.7638C6.44363 9.41498 6.18408 9.15807 6.18408 8.84116Z" fill="#EB0203"></path>
            <path fill-rule="evenodd" clip-rule="evenodd" d="M6.18408 14.9655C6.18408 14.6486 6.44363 14.3917 6.7638 14.3917H10.1455C10.4657 14.3917 10.7252 14.6486 10.7252 14.9655C10.7252 15.2825 10.4657 15.5394 10.1455 15.5394H6.7638C6.44363 15.5394 6.18408 15.2825 6.18408 14.9655Z" fill="#EB0203"></path>
            <path fill-rule="evenodd" clip-rule="evenodd" d="M3.67139 5.77914C3.67139 5.46223 3.93094 5.20532 4.25111 5.20532H4.63759C4.95776 5.20532 5.21731 5.46223 5.21731 5.77914C5.21731 6.09606 4.95776 6.35297 4.63759 6.35297H4.25111C3.93094 6.35297 3.67139 6.09606 3.67139 5.77914Z" fill="#EB0203"></path>
            <path fill-rule="evenodd" clip-rule="evenodd" d="M3.67139 11.9034C3.67139 11.5865 3.93094 11.3296 4.25111 11.3296H4.63759C4.95776 11.3296 5.21731 11.5865 5.21731 11.9034C5.21731 12.2202 4.95776 12.4771 4.63759 12.4771H4.25111C3.93094 12.4771 3.67139 12.2202 3.67139 11.9034Z" fill="#EB0203"></path>
            <path fill-rule="evenodd" clip-rule="evenodd" d="M3.67139 8.84116C3.67139 8.52424 3.93094 8.26733 4.25111 8.26733H4.63759C4.95776 8.26733 5.21731 8.52424 5.21731 8.84116C5.21731 9.15807 4.95776 9.41498 4.63759 9.41498H4.25111C3.93094 9.41498 3.67139 9.15807 3.67139 8.84116Z" fill="#EB0203"></path>
            <path fill-rule="evenodd" clip-rule="evenodd" d="M3.67139 14.9655C3.67139 14.6486 3.93094 14.3917 4.25111 14.3917H4.63759C4.95776 14.3917 5.21731 14.6486 5.21731 14.9655C5.21731 15.2825 4.95776 15.5394 4.63759 15.5394H4.25111C3.93094 15.5394 3.67139 15.2825 3.67139 14.9655Z" fill="#EB0203"></path>
            <path fill-rule="evenodd" clip-rule="evenodd" d="M0 1.76033C0 0.914738 0.692131 0.229248 1.54592 0.229248H15.0727C15.9265 0.229248 16.6186 0.914738 16.6186 1.76033V11.2818C16.6186 11.5989 16.3591 11.8559 16.0389 11.8559C15.7187 11.8559 15.4592 11.5989 15.4592 11.2818V1.76033C15.4592 1.54893 15.2862 1.37756 15.0727 1.37756H1.54592C1.33247 1.37756 1.15944 1.54893 1.15944 1.76033V18.985C1.15944 19.1964 1.33247 19.3678 1.54592 19.3678H9.27551C9.59568 19.3678 9.85523 19.6249 9.85523 19.942C9.85523 20.2591 9.59568 20.5161 9.27551 20.5161H1.54592C0.692131 20.5161 0 19.8306 0 18.985V1.76033Z" fill="#EB0203"></path>
            <path fill-rule="evenodd" clip-rule="evenodd" d="M14.6254 13.8718C13.4921 12.8567 11.7821 12.7615 10.6574 13.7147C9.12472 15.0124 9.34891 17.128 10.4413 18.2493L14.0161 21.9126C14.2199 22.1217 14.493 22.2386 14.7824 22.2386C15.0739 22.2386 15.3449 22.1238 15.5487 21.9147L19.1235 18.2514C20.2139 17.13 20.4422 15.0144 18.9075 13.7147C17.7827 12.7634 16.0726 12.8569 14.9392 13.872C14.8856 13.92 14.8333 13.9701 14.7824 14.0222C14.7314 13.97 14.6791 13.9199 14.6254 13.8718ZM18.1546 14.588C19.0972 15.3869 18.9961 16.7262 18.2891 17.4541C18.2888 17.4543 18.2886 17.4546 18.2884 17.4548L14.7834 21.0466L11.2757 17.452C11.2756 17.4519 11.2755 17.4517 11.2753 17.4516C10.5681 16.7252 10.4682 15.3856 11.4108 14.5876L11.4112 14.5872C12.0748 14.0248 13.202 14.0556 13.949 14.8205L14.7824 15.674L15.6158 14.8205C16.3618 14.0567 17.4896 14.0256 18.1545 14.5879" fill="#EB0203"></path>
            </svg>
            </button>
            </div>
            </div>
            <p class="ct-tile--brand">Continente</p>
            <p class="ct-tile--quantity">emb. 350 gr</p>
            </div>
            <div class="ct-tile-bottom row no-gutters justify-content-between">
            <div class="ct-price-wrap col-8 col-sm-12">
            <div class="price js-product-price">
            <div class="prices-wrapper">
            <span class="sales ct-tile--price-primary ">
            <span class="value" content="3.49">
            <span class="ct-price-formatted">
            €3,49
            </span>
            <span class="ct-m-unit">
            /un
            </span>
            </span>
            </span>
            </div>
            <div class="ct-tile--price-secondary">
            <span class="ct-price-value">
            €9,97
            </span>
            <span class="ct-m-unit">
            /kg
            </span>
            </div>
            </div>
            </div>
            <div class="ct-tile-buy-section d-flex justify-content-center no-gutters col-auto col-sm-12">
            <div class="col-2 d-sm-flex d-none">
            <button class="wishlist-toggler guest-mode inactive button button--tertiary" data-pid="7102759" data-add-url="https://www.continente.pt/on/demandware.store/Sites-continente-Site/default/Wishlist-AddProduct?pid=7102759" data-toggle="tooltip" aria-label="Adicionar aos favoritos " data-original-title="Adicionar aos favoritos" data-placement="top">
            <svg class="active-content" width="100%" height="100%" viewBox="0 0 20 22" fill="none" xmlns="http://www.w3.org/2000/svg">
            <path fill-rule="evenodd" clip-rule="evenodd" d="M0 1.53052C0 0.685236 0.692171 0 1.54601 0H15.0736C15.9274 0 16.6196 0.685235 16.6196 1.53052V13.4064L15.8127 13.922L14.2658 14.2658L12.7189 13.4064L10.6054 14.3818C10.4994 14.2451 10.3327 14.157 10.1452 14.157H6.76329C6.4431 14.157 6.18354 14.414 6.18354 14.731C6.18354 15.0479 6.4431 15.3049 6.76329 15.3049H10.1452C10.2478 15.3049 10.3441 15.2785 10.4277 15.2322L10.3126 16.8439L13.2345 20.2793H1.54601C0.69217 20.2793 0 19.5941 0 18.7488V1.53052ZM6.18354 5.5483C6.18354 5.23132 6.4431 4.97436 6.76329 4.97436H12.3676C12.6878 4.97436 12.9473 5.23132 12.9473 5.5483C12.9473 5.86528 12.6878 6.12224 12.3676 6.12224H6.76329C6.4431 6.12224 6.18354 5.86528 6.18354 5.5483ZM6.76329 11.0961C6.4431 11.0961 6.18354 11.3531 6.18354 11.6701C6.18354 11.987 6.4431 12.244 6.76329 12.244H12.3676C12.6878 12.244 12.9473 11.987 12.9473 11.6701C12.9473 11.3531 12.6878 11.0961 12.3676 11.0961H6.76329ZM6.18354 8.60985C6.18354 8.29287 6.4431 8.03591 6.76329 8.03591H12.3676C12.6878 8.03591 12.9473 8.29287 12.9473 8.60985C12.9473 8.92684 12.6878 9.1838 12.3676 9.1838H6.76329C6.4431 9.1838 6.18354 8.92684 6.18354 8.60985ZM3.67118 5.5483C3.67118 5.23132 3.93075 4.97436 4.25093 4.97436H4.63743C4.95762 4.97436 5.21719 5.23132 5.21719 5.5483C5.21719 5.86528 4.95762 6.12224 4.63743 6.12224H4.25093C3.93075 6.12224 3.67118 5.86528 3.67118 5.5483ZM4.25093 11.0961C3.93075 11.0961 3.67118 11.3531 3.67118 11.6701C3.67118 11.987 3.93075 12.244 4.25093 12.244H4.63743C4.95762 12.244 5.21719 11.987 5.21719 11.6701C5.21719 11.3531 4.95762 11.0961 4.63743 11.0961H4.25093ZM3.67118 8.60985C3.67118 8.29287 3.93075 8.03591 4.25093 8.03591H4.63743C4.95762 8.03591 5.21719 8.29287 5.21719 8.60985C5.21719 8.92684 4.95762 9.1838 4.63743 9.1838H4.25093C3.93075 9.1838 3.67118 8.92684 3.67118 8.60985ZM4.25093 14.157C3.93075 14.157 3.67118 14.414 3.67118 14.731C3.67118 15.0479 3.93075 15.3049 4.25093 15.3049H4.63743C4.95762 15.3049 5.21719 15.0479 5.21719 14.731C5.21719 14.414 4.95762 14.157 4.63743 14.157H4.25093Z" fill="#EB0203"></path>
            <path fill-rule="evenodd" clip-rule="evenodd" d="M14.6252 13.6363C13.4918 12.6215 11.7817 12.5264 10.6569 13.4792C9.12421 14.7764 9.34841 16.8912 10.4409 18.0122L14.0159 21.6742C14.2197 21.8832 14.4928 22 14.7822 22C15.0737 22 15.3448 21.8852 15.5486 21.6762L19.1236 18.0142C20.214 16.8933 20.4423 14.7785 18.9075 13.4792C17.7827 12.5283 16.0724 12.6217 14.9391 13.6365C14.8855 13.6845 14.8331 13.7345 14.7822 13.7866C14.7313 13.7345 14.6789 13.6843 14.6252 13.6363ZM18.1546 14.3522C19.0973 15.1508 18.9962 16.4896 18.2891 17.2173C18.2888 17.2175 18.2886 17.2177 18.2884 17.218L14.7832 20.8084L11.2753 17.2151C11.2752 17.215 11.2751 17.2149 11.2749 17.2148C10.5677 16.4887 10.4678 15.1495 11.4104 14.3518L11.4108 14.3514C12.0745 13.7892 13.2018 13.82 13.9488 14.5846L14.7822 15.4378L15.6157 14.5846C16.3617 13.8211 17.4896 13.79 18.1545 14.3521" fill="#EB0203"></path>
            </svg>
            <svg class="inactive-content" width="100%" height="100%" viewBox="0 0 20 23" fill="none" xmlns="http://www.w3.org/2000/svg">
            <path fill-rule="evenodd" clip-rule="evenodd" d="M6.18408 5.77914C6.18408 5.46223 6.44363 5.20532 6.7638 5.20532H12.3678C12.6879 5.20532 12.9475 5.46223 12.9475 5.77914C12.9475 6.09606 12.6879 6.35297 12.3678 6.35297H6.7638C6.44363 6.35297 6.18408 6.09606 6.18408 5.77914Z" fill="#EB0203"></path>
            <path fill-rule="evenodd" clip-rule="evenodd" d="M6.18408 11.9034C6.18408 11.5865 6.44363 11.3296 6.7638 11.3296H12.3678C12.6879 11.3296 12.9475 11.5865 12.9475 11.9034C12.9475 12.2202 12.6879 12.4771 12.3678 12.4771H6.7638C6.44363 12.4771 6.18408 12.2202 6.18408 11.9034Z" fill="#EB0203"></path>
            <path fill-rule="evenodd" clip-rule="evenodd" d="M6.18408 8.84116C6.18408 8.52424 6.44363 8.26733 6.7638 8.26733H12.3678C12.6879 8.26733 12.9475 8.52424 12.9475 8.84116C12.9475 9.15807 12.6879 9.41498 12.3678 9.41498H6.7638C6.44363 9.41498 6.18408 9.15807 6.18408 8.84116Z" fill="#EB0203"></path>
            <path fill-rule="evenodd" clip-rule="evenodd" d="M6.18408 14.9655C6.18408 14.6486 6.44363 14.3917 6.7638 14.3917H10.1455C10.4657 14.3917 10.7252 14.6486 10.7252 14.9655C10.7252 15.2825 10.4657 15.5394 10.1455 15.5394H6.7638C6.44363 15.5394 6.18408 15.2825 6.18408 14.9655Z" fill="#EB0203"></path>
            <path fill-rule="evenodd" clip-rule="evenodd" d="M3.67139 5.77914C3.67139 5.46223 3.93094 5.20532 4.25111 5.20532H4.63759C4.95776 5.20532 5.21731 5.46223 5.21731 5.77914C5.21731 6.09606 4.95776 6.35297 4.63759 6.35297H4.25111C3.93094 6.35297 3.67139 6.09606 3.67139 5.77914Z" fill="#EB0203"></path>
            <path fill-rule="evenodd" clip-rule="evenodd" d="M3.67139 11.9034C3.67139 11.5865 3.93094 11.3296 4.25111 11.3296H4.63759C4.95776 11.3296 5.21731 11.5865 5.21731 11.9034C5.21731 12.2202 4.95776 12.4771 4.63759 12.4771H4.25111C3.93094 12.4771 3.67139 12.2202 3.67139 11.9034Z" fill="#EB0203"></path>
            <path fill-rule="evenodd" clip-rule="evenodd" d="M3.67139 8.84116C3.67139 8.52424 3.93094 8.26733 4.25111 8.26733H4.63759C4.95776 8.26733 5.21731 8.52424 5.21731 8.84116C5.21731 9.15807 4.95776 9.41498 4.63759 9.41498H4.25111C3.93094 9.41498 3.67139 9.15807 3.67139 8.84116Z" fill="#EB0203"></path>
            <path fill-rule="evenodd" clip-rule="evenodd" d="M3.67139 14.9655C3.67139 14.6486 3.93094 14.3917 4.25111 14.3917H4.63759C4.95776 14.3917 5.21731 14.6486 5.21731 14.9655C5.21731 15.2825 4.95776 15.5394 4.63759 15.5394H4.25111C3.93094 15.5394 3.67139 15.2825 3.67139 14.9655Z" fill="#EB0203"></path>
            <path fill-rule="evenodd" clip-rule="evenodd" d="M0 1.76033C0 0.914738 0.692131 0.229248 1.54592 0.229248H15.0727C15.9265 0.229248 16.6186 0.914738 16.6186 1.76033V11.2818C16.6186 11.5989 16.3591 11.8559 16.0389 11.8559C15.7187 11.8559 15.4592 11.5989 15.4592 11.2818V1.76033C15.4592 1.54893 15.2862 1.37756 15.0727 1.37756H1.54592C1.33247 1.37756 1.15944 1.54893 1.15944 1.76033V18.985C1.15944 19.1964 1.33247 19.3678 1.54592 19.3678H9.27551C9.59568 19.3678 9.85523 19.6249 9.85523 19.942C9.85523 20.2591 9.59568 20.5161 9.27551 20.5161H1.54592C0.692131 20.5161 0 19.8306 0 18.985V1.76033Z" fill="#EB0203"></path>
            <path fill-rule="evenodd" clip-rule="evenodd" d="M14.6254 13.8718C13.4921 12.8567 11.7821 12.7615 10.6574 13.7147C9.12472 15.0124 9.34891 17.128 10.4413 18.2493L14.0161 21.9126C14.2199 22.1217 14.493 22.2386 14.7824 22.2386C15.0739 22.2386 15.3449 22.1238 15.5487 21.9147L19.1235 18.2514C20.2139 17.13 20.4422 15.0144 18.9075 13.7147C17.7827 12.7634 16.0726 12.8569 14.9392 13.872C14.8856 13.92 14.8333 13.9701 14.7824 14.0222C14.7314 13.97 14.6791 13.9199 14.6254 13.8718ZM18.1546 14.588C19.0972 15.3869 18.9961 16.7262 18.2891 17.4541C18.2888 17.4543 18.2886 17.4546 18.2884 17.4548L14.7834 21.0466L11.2757 17.452C11.2756 17.4519 11.2755 17.4517 11.2753 17.4516C10.5681 16.7252 10.4682 15.3856 11.4108 14.5876L11.4112 14.5872C12.0748 14.0248 13.202 14.0556 13.949 14.8205L14.7824 15.674L15.6158 14.8205C16.3618 14.0567 17.4896 14.0256 18.1545 14.5879" fill="#EB0203"></path>
            </svg>
            </button>
            </div>
            <div class="col-sm-10 col-12">
            <div class="ct-tile-quantity d-none" data-pid="7102759">
            <input type="hidden" class="add-to-cart-url" value="https://www.continente.pt/on/demandware.store/Sites-continente-Site/default/Cart-AddProduct">
            <div class="d-none tile-delete-confirmation-btn" data-pid="7102759" data-delay-time="3000" data-in-cart-msg="no carrinho" data-one-product-added="Adicionado ao carrinho" data-remove-from-cart-msg="Removido do carrinho" data-stay-open="6000.0" data-confirmation-image="{&quot;url&quot;:&quot;https://www.continente.pt/dw/image/v2/BDVS_PRD/on/demandware.static/-/Sites-col-master-catalog/default/dw47fdbce6/images/col/710/7102759-frente.jpg?sw=87&amp;sh=80&quot;,&quot;fallbackimage&quot;:{&quot;url&quot;:&quot;https://www.continente.pt/dw/image/v2/BDVS_PRD/on/demandware.static/Sites-continente-Site/-/default/dw7c42b4da/images/noimagelarge_product.png?sw=87&amp;sh=80&quot;,&quot;title&quot;:&quot;Pão de Forma Clássico Branco sem Glúten&quot;,&quot;alt&quot;:&quot;Pão de Forma Clássico Branco sem Glúten&quot;},&quot;title&quot;:&quot;Pão de Forma Clássico Branco sem Glúten&quot;,&quot;alt&quot;:&quot;Pão de Forma Clássico Branco sem Glúten&quot;}"></div>
            <div class="ct-tile-quantity-update quantity-update product-qty-vue" data-remove-action="https://www.continente.pt/on/demandware.store/Sites-continente-Site/default/Cart-RemoveProductLineItem" data-action="https://www.continente.pt/on/demandware.store/Sites-continente-Site/default/Cart-UpdateQuantity" data-dimension-update="https://www.continente.pt/on/demandware.store/Sites-continente-Site/default/Cart-DimensionUpdate" data-pid="7102759" data-uuid="8ff5362bf9a69b899271d29f91" data-add-delay="500.0" data-measure-options="{&quot;hasConversionRate&quot;:false,&quot;hasAlternativeSaleUnit&quot;:false,&quot;unitConversionRate&quot;:0,&quot;minOrderQuantity&quot;:1,&quot;stepQuantity&quot;:1,&quot;primaryunit&quot;:&quot;un&quot;,&quot;secondaryunit&quot;:&quot;kg&quot;,&quot;selectedunit&quot;:&quot;primary&quot;,&quot;maxNumberOfUnitsPerSale&quot;:50}" data-price-available="null" :data-has-error="isMaxQtyReached || isMinQtyReached || qtySelectedMoreThanOne">
            <template v-show="prodUnits">
            <div class="quantity-input-wrapper has-units">
            <label class="visually-hidden" :for="'quantity-' + pid + additionalTag">
            Quantidade no carrinho
            </label>
            <input :ref="'quantityInput-' + pid + additionalTag" class="add-to-cart-quantity form-control ct-form-input text-center" inputmode="numeric" :class="{'is-invalid': isInvalid}" :data-pid="pid + additionalTag" :name="'quantity-' + pid + additionalTag" type="text" aria-label="Insira a quantidade" title="" v-model="displayValue" @change="updateQuantity" @focus="updateQtyFormat" @blur="restoreQtyFormat" :disabled="!isPriceAvailable">
            <span class="quantity-icon quantity-icon--minus">
            <button class="decrease-quantity-btn" @click="updateQuantity" :disabled="!isPriceAvailable" role="button" aria-label="Reduzir quantidade">
            <i class="css-math-minus"></i>
            </button>
            </span>
            <span class="quantity-icon quantity-icon--plus">
            <button class="increase-quantity-btn" @click="updateQuantity" :disabled="isMaxQtyReached || !isPriceAvailable" role="button" aria-label="Aumentar quantidade">
            <i class="css-math-plus"></i>
            </button>
            <span class="quantity-btn-disabled-placeholder"></span>
            </span>
            <template v-if="isPDP">
            <span class="quantity-error ct-span-error text-sm-center product-max-allocation" v-if="isMaxQtyReached">
            Quantidade máxima atingida
            </span>
            <span class="quantity-error ct-span-product text-sm-center product-allocation" v-if="!isMinQtyReached &amp;&amp; !isMaxQtyReached">
            {{quantitySelected}} no carrinho
            </span>
            <span class="quantity-error ct-span-error text-sm-center product-min-allocation" :data-pid="pid" v-if="isMinQtyReached &amp;&amp; !isMaxQtyReached">
            Quantidade mínima atingida
            </span>
            </template>
            </div>
            <template v-if="showNotes">
            <div class="add-note-link-container ">
            <div class="add-note">
            <a href="/produto/pao-de-forma-classico-branco-sem-gluten-continente-7102759.html?showNote=true" class="ct-add-note-redirect-pdp" aria-label="Adicionar comentário">
            <span class="svg-wrapper svg-icon-notes" style="width:19px; height:20px">
            <svg class="svg-inline icon-notes" viewBox="0 0 28 30" xmlns="http://www.w3.org/2000/svg" width="100%" height="100%"><path d="M21.738 0C22.985 0 24 1.04 24 2.319V12.47c0 .469-.37.848-.828.848-.457 0-.827-.38-.827-.848V2.32c0-.343-.273-.622-.607-.622H2.262c-.334 0-.607.279-.607.622V27.68c0 .343.273.622.607.622h7.81c.457 0 .827.38.827.849 0 .468-.37.848-.827.848h-7.81C1.015 30 0 28.96 0 27.681V2.32C0 1.04 1.015 0 2.262 0h19.476zm2.844 16.004l.227.007c.823.053 1.589.39 2.176.964.64.627.993 1.46.993 2.349 0 .888-.353 1.722-.993 2.348l-6.83 6.665c-.11.108-.247.186-.397.226l-5.032 1.363c-.078.021-.16.032-.241.032-.242 0-.478-.097-.647-.266-.23-.231-.314-.566-.218-.874l1.49-4.798c.044-.139.122-.266.227-.369l6.844-6.677c.64-.625 1.493-.97 2.401-.97zm-2.886 3.94l-4.922 4.802-.947 3.048 3.22-.872 4.897-4.78-2.248-2.197zm2.887-2.174c-.425 0-.824.162-1.124.455l-.484.472 2.248 2.197.484-.472c.62-.606.62-1.591 0-2.197l-.117-.104c-.283-.227-.636-.35-1.007-.35zm-10.839.022c.498 0 .904.396.904.883 0 .488-.406.884-.904.884H5.946c-.499 0-.904-.396-.904-.884 0-.487.405-.883.904-.883zm5.042-4.876c.498 0 .904.397.904.884s-.406.884-.904.884H5.946c-.499 0-.904-.397-.904-.884s.405-.884.904-.884zm0-4.875c.498 0 .904.396.904.884 0 .487-.406.883-.904.883H5.946c-.499 0-.904-.396-.904-.883 0-.488.405-.884.904-.884z" fill="#EB0203" fill-rule="evenodd"></path></svg>
            </span>
            <div class="available-note d-none"></div>
            </a>
            </div>
            </div>
            </template>
            <div class="measurement-unit-section" v-if="isPriceAvailable &amp;&amp; prodUnits ? prodUnits.hasAlternativeUnit : false">
            <div class="ct-form-radio" @click="setDimension">
            <input type="radio" title="" class="ct-form-check-input product-measurement-unit" :data-type="prodUnits.selectedUnit == prodUnits.secondaryUnit ? 'primary' : ''" :id="prodUnits.secondaryUnit + '-' + pid + '-measurement-unit-ptile' + additionalTag" :name="'measurement-unit-' + pid + '-ptile' + additionalTag" :value="prodUnits.secondaryUnit" v-model="prodUnits.selectedUnit">
            <label :class="prodUnits.secondaryUnit + '-label ct-form-check-label mb-0'" :for="prodUnits.secondaryUnit + '-' + pid + '-measurement-unit-ptile' + additionalTag">
            {{prodUnits.secondaryUnit}}
            </label>
            <span class="checkmark"></span>
            </div>
            <div class="ct-form-radio" @click="setDimension">
            <input type="radio" title="" class="ct-form-check-input product-measurement-unit" :data-type="prodUnits.selectedUnit == prodUnits.primaryUnit ? 'primary' : ''" :id="prodUnits.primaryUnit + '-' + pid + '-measurement-unit-ptile' + additionalTag" :name="'measurement-unit-' + pid + '-ptile' + additionalTag" :value="prodUnits.primaryUnit" v-model="prodUnits.selectedUnit">
            <label :class="prodUnits.primaryUnit + '-label ct-form-check-label mb-0'" :for="prodUnits.primaryUnit + '-' + pid + '-measurement-unit-ptile' + additionalTag">
            {{prodUnits.primaryUnit}}
            </label>
            <span class="checkmark"></span>
            </div>
            </div>
            <template v-if="!isPDP &amp;&amp; isPriceAvailable">
            <span class="quantity-error ct-span-error product-max-allocation" v-if="isMaxQtyReached">
            Quantidade máxima atingida
            </span>
            <span class="quantity-error ct-span-product product-allocation" v-if="!isMinQtyReached &amp;&amp; !isMaxQtyReached">
            {{quantitySelected}} no carrinho
            </span>
            <span class="quantity-error ct-span-error product-min-allocation" :data-pid="pid" v-if="isMinQtyReached &amp;&amp; !isMaxQtyReached">
            Quantidade mínima atingida
            </span>
            </template>
            </template>
            </div>
            <input class="quantity-value-mask d-none" name="quantity" type="number" min="0" value="">
            </div>
            <button type="button" class="add-to-cart button js-add-to-cart js-add-to-cart-tile 7102759 button--primary dynamic-layout-btn" data-toggle="modal" data-target="#chooseBonusProductModal" data-pid="7102759" data-quantity-value="null" aria-label="Carrinho">
            <span class="d-block d-sm-none">
            <span class="svg-wrapper svg-icon-cart" style="width:20px; height:20px">
            <svg class="svg-inline icon-cart" xmlns="http://www.w3.org/2000/svg" viewBox="0 0 500 500" width="100%" height="100%"><path fill="#EB0203" fill-rule="evenodd" d="M 485.67317,94.386311 C 476.37798,83.847129 463.09468,78.03348 448.30404,78.03348 H 90.690813 L 87.079511,51.327997 C 83.185582,22.539551 62.962285,0 41.011841,0 H 14.727836 C 6.563151,0 0,6.5286975 0,14.580758 c 0,8.05206 6.5945535,14.580758 14.727836,14.580758 h 26.284005 c 4.710398,0 14.696435,9.855222 16.894619,26.021523 L 100.01739,368.0631 c 1.88416,13.77244 9.01256,26.70549 20.1605,36.37417 8.25889,7.15046 18.02511,11.9071 28.26237,13.89679 -4.17655,7.58572 -6.53175,16.25957 -6.53175,25.493 0,29.53459 24.27424,53.59751 54.13815,53.59751 29.8325,0 54.13814,-24.03184 54.13814,-53.59751 0,-8.79818 -2.19818,-17.09897 -5.9979,-24.43598 h 77.12488 c -3.79973,7.33701 -5.96652,15.6378 -5.96652,24.43598 0,29.53459 24.27424,53.59751 54.13817,53.59751 29.83249,0 54.13814,-24.03184 54.13814,-53.59751 0,-8.79818 -2.1982,-17.09897 -5.9979,-24.43598 h 38.56243 c 8.13328,0 14.72783,-6.5287 14.72783,-14.61183 0,-8.02098 -6.59455,-14.54967 -14.72783,-14.54967 H 159.24277 c -14.38241,0 -28.13677,-11.90711 -30.02092,-26.02153 l -3.07746,-22.88154 h 290.6314 c 14.03698,0 27.94834,-5.28513 39.06488,-14.95381 11.11652,-9.6376 18.27632,-22.57065 20.16048,-36.37417 l 21.10259,-156.78201 c 1.94694,-14.51858 -2.10398,-28.29103 -11.43057,-38.861299 z M 220.76053,443.82706 c 0,13.49265 -11.08513,24.46709 -24.68247,24.46709 -13.62874,0 -24.71387,-10.97444 -24.71387,-24.46709 0,-13.49262 11.08513,-24.43598 24.71387,-24.43598 13.59734,0 24.68247,10.94336 24.68247,24.43598 z m 173.43675,0 c 0,13.49265 -11.08512,24.46709 -24.68245,24.46709 -13.62876,0 -24.71388,-10.97444 -24.71388,-24.46709 0,-13.49262 11.08512,-24.43598 24.71388,-24.43598 13.59733,0 24.68245,10.94336 24.68245,24.43598 z m 73.7648,-314.46558 -21.13397,156.782 c -1.88416,14.11442 -15.63851,26.05261 -30.02091,26.05261 H 122.25046 L 94.616142,107.19499 H 448.33544 c 6.18632,0 11.61896,2.2695 15.23028,6.37326 3.64269,4.13484 5.21283,9.73086 4.39636,15.79323 z"></path></svg>
            </span>
            </span>
            <span class="add-to-cart--text d-none d-sm-block">Carrinho</span>
            </button>
            </div>
            </div>
            </div>
            </div>
            
            <div class="col-12 d-sm-none">
            </div>
            </div>
            </div>
            </div>
            </div>
            <div class="col-12 col-sm-3 col-lg-2 productTile" data-idx="36">
            
            <script type="text/javascript">//<!--
            /* <![CDATA[ */
            (function(){
            try {
                if(window.CQuotient) {
                var cq_params = {};
                
                cq_params.cookieId = window.CQuotient.getCQCookieId();
                cq_params.userId = window.CQuotient.getCQUserId();
                cq_params.emailId = CQuotient.getCQHashedEmail();
                cq_params.loginId = CQuotient.getCQHashedLogin();
                cq_params.accumulate = true;
                cq_params.products = [{
                    id: '7386954',
                    sku: ''
                }];
                cq_params.categoryId = 'padaria-e-pastelaria-padaria-forma';
                cq_params.refinements = '[{\"name\":\"priceMin\",\"value\":\"0.01\"},{\"name\":\"priceMax\",\"value\":\"null\"},{\"name\":\"curr\",\"value\":\"EUR\"},{\"name\":\"Category\",\"value\":\"padaria-e-pastelaria-padaria-forma\"}]';
                cq_params.personalized = 'false';
                cq_params.sortingRule = 'categories top-sellers';
                cq_params.imageUUID = '__UNDEFINED__';
                cq_params.realm = "BDVS";
                cq_params.siteId = "continente";
                cq_params.instanceType = "prd";
                cq_params.queryLocale = "default";
                cq_params.locale = window.CQuotient.locale;
                
                if(window.CQuotient.sendActivity)
                    window.CQuotient.sendActivity(CQuotient.clientId, 'viewCategory', cq_params);
                else
                    window.CQuotient.activities.push({
                        activityType: 'viewCategory',
                        parameters: cq_params
                    });
              }
            } catch(err) {}
            })();
            /* ]]> */
            // -->
            </script>
            <script type="text/javascript">//<!--
            /* <![CDATA[ (viewCategoryProduct-active_data.js) */
            (function(){
            try {
                if (dw.ac) {
                    var search_params = {};
                    search_params.persd = 'false';
                    search_params.refs = '[{\"name\":\"priceMin\",\"value\":\"0.01\"},{\"name\":\"priceMax\",\"value\":\"null\"},{\"name\":\"curr\",\"value\":\"EUR\"},{\"name\":\"Category\",\"value\":\"padaria-e-pastelaria-padaria-forma\"}]';
                    search_params.sort = 'categories top-sellers';
                    search_params.imageUUID = '';
                    search_params.searchID = '79fd584c-cee5-42dd-a07f-04e8467e04c2';
                    search_params.locale = 'default';
                    search_params.queryLocale = 'default';
                    search_params.showProducts = 'true';
                    dw.ac.applyContext({category: "padaria-e-pastelaria-padaria-forma", searchData: search_params});
                    if (typeof dw.ac._scheduleDataSubmission === "function") {
                        dw.ac._scheduleDataSubmission();
                    }
                }
            } catch(err) {}
            })();
            /* ]]> */
            // -->
            </script>
            <script type="text/javascript">//<!--
            /* <![CDATA[ (viewProduct-active_data.js) */
            dw.ac._capture({id: "7386954", type: "searchhit"});
            /* ]]> */
            // -->
            </script>
            <div class="product" data-pid="7386954">
            <div class="product-tile pid-7386954 ct-product-tile-out-of-stock ct-product-tile data-layer-pushed" data-delay-time="3000" data-variants-mapping="[]" data-in-cart-msg="no carrinho" data-one-product-added="Adicionado ao carrinho" data-remove-from-cart-msg="Removido do carrinho" data-stay-open="6000.0" data-product-tile-impression="{&quot;name&quot;:&quot;7386954&quot;,&quot;id&quot;:&quot;7386954&quot;,&quot;price&quot;:1.89,&quot;brand&quot;:&quot;Bimbo&quot;,&quot;category&quot;:[{&quot;category_level_1&quot;:&quot;Padaria e Pastelaria&quot;},{&quot;category_level_2&quot;:&quot;Padaria&quot;},{&quot;category_level_3&quot;:&quot;Pão de Forma e Embalado&quot;}],&quot;variant&quot;:&quot;&quot;}">
            <div class="ct-inner-tile-wrap row no-gutters justify-content-center align-content-start">
            <div class="ct-product-tile-badge ct-product-tile-badge--promotional">
            <img class="img-fluid lazyloaded" loading="lazy" data-src="https://www.continente.pt/dw/image/v2/BDVS_PRD/on/demandware.static/-/Sites-continente-Library/default/dwf5980f2e/images/badges/pvpr/col/pvpr.png?sw=60&amp;sh=42" alt="PVP Recomendado: €2,49/un" title="PVP Recomendado: €2,49/un" src="https://www.continente.pt/dw/image/v2/BDVS_PRD/on/demandware.static/-/Sites-continente-Library/default/dwf5980f2e/images/badges/pvpr/col/pvpr.png?sw=60&amp;sh=42">
            <div class="ct-product-tile-badge-value-wrapper ct-product-tile-badge-value-wrapper--pvpr  ">
            <div class="ct-product-tile-badge-addition d-flex flex-column align-self-center text-center">
            <span class="ct-product-tile-badge-addition--sign">
            +
            </span>
            <span class="ct-product-tile-badge-addition--text">
            DE
            </span>
            </div>
            <span class="ct-product-tile-badge-value--pvpr">
            20
            </span>
            <span class="ct-product-tile-badge-value--pvpr-quantifier ">
            %
            </span>
            </div>
            </div>
            
            <div class="ct-image-container col-4 col-sm" data-confirmation-image="{&quot;url&quot;:&quot;https://www.continente.pt/dw/image/v2/BDVS_PRD/on/demandware.static/-/Sites-col-master-catalog/default/dwf46f7b1a/images/col/738/7386954-frente.jpg?sw=87&amp;sh=80&quot;,&quot;fallbackimage&quot;:{&quot;url&quot;:&quot;https://www.continente.pt/dw/image/v2/BDVS_PRD/on/demandware.static/Sites-continente-Site/-/default/dw7c42b4da/images/noimagelarge_product.png?sw=87&amp;sh=80&quot;,&quot;title&quot;:&quot;Pão de Forma Artesano Brioche&quot;,&quot;alt&quot;:&quot;Pão de Forma Artesano Brioche&quot;},&quot;title&quot;:&quot;Pão de Forma Artesano Brioche&quot;,&quot;alt&quot;:&quot;Pão de Forma Artesano Brioche&quot;}">
            <a href="https://www.continente.pt/produto/pao-de-forma-artesano-brioche-bimbo-7386954.html?cgid=padaria-e-pastelaria-padaria-forma">
            <picture class="intrinsic intrinsic--square">
            <img class="ct-tile-image lazyloaded" loading="lazy" onerror="this.onerror=null;this.src='/on/demandware.static/Sites-continente-Site/-/default/dw7c42b4da/images/noimagelarge_product.png';" data-src="https://www.continente.pt/dw/image/v2/BDVS_PRD/on/demandware.static/-/Sites-col-master-catalog/default/dwf46f7b1a/images/col/738/7386954-frente.jpg?sw=280&amp;sh=280" alt="Pão de Forma Artesano Brioche" title="Pão de Forma Artesano Brioche" src="https://www.continente.pt/dw/image/v2/BDVS_PRD/on/demandware.static/-/Sites-col-master-catalog/default/dwf46f7b1a/images/col/738/7386954-frente.jpg?sw=280&amp;sh=280">
            </picture>
            </a>
            <div class="color-swatches d-flex" style="margin-left: 5px;">
            <div class="swatches d-flex">
            </div>
            </div>
            </div>
            <div class="ct-tile-body col col-sm-auto ">
            <div class="ct-pdp-details">
            <div class="ct-pdp-link">
            <a class="ct-tile--description" href="https://www.continente.pt/produto/pao-de-forma-artesano-brioche-bimbo-7386954.html?cgid=padaria-e-pastelaria-padaria-forma">Pão de Forma Artesano Brioche</a>
            <div class="ct-tile--favorite-top d-sm-none">
            <button class="wishlist-toggler guest-mode inactive button button--tertiary" data-pid="7386954" data-add-url="https://www.continente.pt/on/demandware.store/Sites-continente-Site/default/Wishlist-AddProduct?pid=7386954" data-toggle="tooltip" aria-label="Adicionar aos favoritos " data-original-title="Adicionar aos favoritos" data-placement="top">
            <svg class="active-content" width="100%" height="100%" viewBox="0 0 20 22" fill="none" xmlns="http://www.w3.org/2000/svg">
            <path fill-rule="evenodd" clip-rule="evenodd" d="M0 1.53052C0 0.685236 0.692171 0 1.54601 0H15.0736C15.9274 0 16.6196 0.685235 16.6196 1.53052V13.4064L15.8127 13.922L14.2658 14.2658L12.7189 13.4064L10.6054 14.3818C10.4994 14.2451 10.3327 14.157 10.1452 14.157H6.76329C6.4431 14.157 6.18354 14.414 6.18354 14.731C6.18354 15.0479 6.4431 15.3049 6.76329 15.3049H10.1452C10.2478 15.3049 10.3441 15.2785 10.4277 15.2322L10.3126 16.8439L13.2345 20.2793H1.54601C0.69217 20.2793 0 19.5941 0 18.7488V1.53052ZM6.18354 5.5483C6.18354 5.23132 6.4431 4.97436 6.76329 4.97436H12.3676C12.6878 4.97436 12.9473 5.23132 12.9473 5.5483C12.9473 5.86528 12.6878 6.12224 12.3676 6.12224H6.76329C6.4431 6.12224 6.18354 5.86528 6.18354 5.5483ZM6.76329 11.0961C6.4431 11.0961 6.18354 11.3531 6.18354 11.6701C6.18354 11.987 6.4431 12.244 6.76329 12.244H12.3676C12.6878 12.244 12.9473 11.987 12.9473 11.6701C12.9473 11.3531 12.6878 11.0961 12.3676 11.0961H6.76329ZM6.18354 8.60985C6.18354 8.29287 6.4431 8.03591 6.76329 8.03591H12.3676C12.6878 8.03591 12.9473 8.29287 12.9473 8.60985C12.9473 8.92684 12.6878 9.1838 12.3676 9.1838H6.76329C6.4431 9.1838 6.18354 8.92684 6.18354 8.60985ZM3.67118 5.5483C3.67118 5.23132 3.93075 4.97436 4.25093 4.97436H4.63743C4.95762 4.97436 5.21719 5.23132 5.21719 5.5483C5.21719 5.86528 4.95762 6.12224 4.63743 6.12224H4.25093C3.93075 6.12224 3.67118 5.86528 3.67118 5.5483ZM4.25093 11.0961C3.93075 11.0961 3.67118 11.3531 3.67118 11.6701C3.67118 11.987 3.93075 12.244 4.25093 12.244H4.63743C4.95762 12.244 5.21719 11.987 5.21719 11.6701C5.21719 11.3531 4.95762 11.0961 4.63743 11.0961H4.25093ZM3.67118 8.60985C3.67118 8.29287 3.93075 8.03591 4.25093 8.03591H4.63743C4.95762 8.03591 5.21719 8.29287 5.21719 8.60985C5.21719 8.92684 4.95762 9.1838 4.63743 9.1838H4.25093C3.93075 9.1838 3.67118 8.92684 3.67118 8.60985ZM4.25093 14.157C3.93075 14.157 3.67118 14.414 3.67118 14.731C3.67118 15.0479 3.93075 15.3049 4.25093 15.3049H4.63743C4.95762 15.3049 5.21719 15.0479 5.21719 14.731C5.21719 14.414 4.95762 14.157 4.63743 14.157H4.25093Z" fill="#EB0203"></path>
            <path fill-rule="evenodd" clip-rule="evenodd" d="M14.6252 13.6363C13.4918 12.6215 11.7817 12.5264 10.6569 13.4792C9.12421 14.7764 9.34841 16.8912 10.4409 18.0122L14.0159 21.6742C14.2197 21.8832 14.4928 22 14.7822 22C15.0737 22 15.3448 21.8852 15.5486 21.6762L19.1236 18.0142C20.214 16.8933 20.4423 14.7785 18.9075 13.4792C17.7827 12.5283 16.0724 12.6217 14.9391 13.6365C14.8855 13.6845 14.8331 13.7345 14.7822 13.7866C14.7313 13.7345 14.6789 13.6843 14.6252 13.6363ZM18.1546 14.3522C19.0973 15.1508 18.9962 16.4896 18.2891 17.2173C18.2888 17.2175 18.2886 17.2177 18.2884 17.218L14.7832 20.8084L11.2753 17.2151C11.2752 17.215 11.2751 17.2149 11.2749 17.2148C10.5677 16.4887 10.4678 15.1495 11.4104 14.3518L11.4108 14.3514C12.0745 13.7892 13.2018 13.82 13.9488 14.5846L14.7822 15.4378L15.6157 14.5846C16.3617 13.8211 17.4896 13.79 18.1545 14.3521" fill="#EB0203"></path>
            </svg>
            <svg class="inactive-content" width="100%" height="100%" viewBox="0 0 20 23" fill="none" xmlns="http://www.w3.org/2000/svg">
            <path fill-rule="evenodd" clip-rule="evenodd" d="M6.18408 5.77914C6.18408 5.46223 6.44363 5.20532 6.7638 5.20532H12.3678C12.6879 5.20532 12.9475 5.46223 12.9475 5.77914C12.9475 6.09606 12.6879 6.35297 12.3678 6.35297H6.7638C6.44363 6.35297 6.18408 6.09606 6.18408 5.77914Z" fill="#EB0203"></path>
            <path fill-rule="evenodd" clip-rule="evenodd" d="M6.18408 11.9034C6.18408 11.5865 6.44363 11.3296 6.7638 11.3296H12.3678C12.6879 11.3296 12.9475 11.5865 12.9475 11.9034C12.9475 12.2202 12.6879 12.4771 12.3678 12.4771H6.7638C6.44363 12.4771 6.18408 12.2202 6.18408 11.9034Z" fill="#EB0203"></path>
            <path fill-rule="evenodd" clip-rule="evenodd" d="M6.18408 8.84116C6.18408 8.52424 6.44363 8.26733 6.7638 8.26733H12.3678C12.6879 8.26733 12.9475 8.52424 12.9475 8.84116C12.9475 9.15807 12.6879 9.41498 12.3678 9.41498H6.7638C6.44363 9.41498 6.18408 9.15807 6.18408 8.84116Z" fill="#EB0203"></path>
            <path fill-rule="evenodd" clip-rule="evenodd" d="M6.18408 14.9655C6.18408 14.6486 6.44363 14.3917 6.7638 14.3917H10.1455C10.4657 14.3917 10.7252 14.6486 10.7252 14.9655C10.7252 15.2825 10.4657 15.5394 10.1455 15.5394H6.7638C6.44363 15.5394 6.18408 15.2825 6.18408 14.9655Z" fill="#EB0203"></path>
            <path fill-rule="evenodd" clip-rule="evenodd" d="M3.67139 5.77914C3.67139 5.46223 3.93094 5.20532 4.25111 5.20532H4.63759C4.95776 5.20532 5.21731 5.46223 5.21731 5.77914C5.21731 6.09606 4.95776 6.35297 4.63759 6.35297H4.25111C3.93094 6.35297 3.67139 6.09606 3.67139 5.77914Z" fill="#EB0203"></path>
            <path fill-rule="evenodd" clip-rule="evenodd" d="M3.67139 11.9034C3.67139 11.5865 3.93094 11.3296 4.25111 11.3296H4.63759C4.95776 11.3296 5.21731 11.5865 5.21731 11.9034C5.21731 12.2202 4.95776 12.4771 4.63759 12.4771H4.25111C3.93094 12.4771 3.67139 12.2202 3.67139 11.9034Z" fill="#EB0203"></path>
            <path fill-rule="evenodd" clip-rule="evenodd" d="M3.67139 8.84116C3.67139 8.52424 3.93094 8.26733 4.25111 8.26733H4.63759C4.95776 8.26733 5.21731 8.52424 5.21731 8.84116C5.21731 9.15807 4.95776 9.41498 4.63759 9.41498H4.25111C3.93094 9.41498 3.67139 9.15807 3.67139 8.84116Z" fill="#EB0203"></path>
            <path fill-rule="evenodd" clip-rule="evenodd" d="M3.67139 14.9655C3.67139 14.6486 3.93094 14.3917 4.25111 14.3917H4.63759C4.95776 14.3917 5.21731 14.6486 5.21731 14.9655C5.21731 15.2825 4.95776 15.5394 4.63759 15.5394H4.25111C3.93094 15.5394 3.67139 15.2825 3.67139 14.9655Z" fill="#EB0203"></path>
            <path fill-rule="evenodd" clip-rule="evenodd" d="M0 1.76033C0 0.914738 0.692131 0.229248 1.54592 0.229248H15.0727C15.9265 0.229248 16.6186 0.914738 16.6186 1.76033V11.2818C16.6186 11.5989 16.3591 11.8559 16.0389 11.8559C15.7187 11.8559 15.4592 11.5989 15.4592 11.2818V1.76033C15.4592 1.54893 15.2862 1.37756 15.0727 1.37756H1.54592C1.33247 1.37756 1.15944 1.54893 1.15944 1.76033V18.985C1.15944 19.1964 1.33247 19.3678 1.54592 19.3678H9.27551C9.59568 19.3678 9.85523 19.6249 9.85523 19.942C9.85523 20.2591 9.59568 20.5161 9.27551 20.5161H1.54592C0.692131 20.5161 0 19.8306 0 18.985V1.76033Z" fill="#EB0203"></path>
            <path fill-rule="evenodd" clip-rule="evenodd" d="M14.6254 13.8718C13.4921 12.8567 11.7821 12.7615 10.6574 13.7147C9.12472 15.0124 9.34891 17.128 10.4413 18.2493L14.0161 21.9126C14.2199 22.1217 14.493 22.2386 14.7824 22.2386C15.0739 22.2386 15.3449 22.1238 15.5487 21.9147L19.1235 18.2514C20.2139 17.13 20.4422 15.0144 18.9075 13.7147C17.7827 12.7634 16.0726 12.8569 14.9392 13.872C14.8856 13.92 14.8333 13.9701 14.7824 14.0222C14.7314 13.97 14.6791 13.9199 14.6254 13.8718ZM18.1546 14.588C19.0972 15.3869 18.9961 16.7262 18.2891 17.4541C18.2888 17.4543 18.2886 17.4546 18.2884 17.4548L14.7834 21.0466L11.2757 17.452C11.2756 17.4519 11.2755 17.4517 11.2753 17.4516C10.5681 16.7252 10.4682 15.3856 11.4108 14.5876L11.4112 14.5872C12.0748 14.0248 13.202 14.0556 13.949 14.8205L14.7824 15.674L15.6158 14.8205C16.3618 14.0567 17.4896 14.0256 18.1545 14.5879" fill="#EB0203"></path>
            </svg>
            </button>
            </div>
            </div>
            <p class="ct-tile--brand">Bimbo</p>
            <p class="ct-tile--quantity">emb. 550 gr</p>
            </div>
            <div class="ct-tile-bottom row no-gutters justify-content-between">
            <div class="ct-price-wrap col-8 col-sm-12">
            <div class="price js-product-price">
            <div class="prices-wrapper">
            <span class="sales ct-tile--price-primary ">
            <span class="value" content="1.89">
            <span class="ct-price-formatted">
            €1,89
            </span>
            <span class="ct-m-unit">
            /un
            </span>
            </span>
            </span>
            </div>
            <div class="ct-tile--price-secondary">
            <span class="ct-price-value">
            €3,44
            </span>
            <span class="ct-m-unit">
            /kg
            </span>
            </div>
            <p class="ct-discount-amount ct-discount-amount-pvpr">PVP Recomendado: €2,49/un</p>
            </div>
            
            </div>
            <div class="ct-tile-buy-section d-flex justify-content-center no-gutters col-auto col-sm-12">
            <div class="col-2 d-sm-flex d-none">
            <button class="wishlist-toggler guest-mode inactive button button--tertiary" data-pid="7386954" data-add-url="https://www.continente.pt/on/demandware.store/Sites-continente-Site/default/Wishlist-AddProduct?pid=7386954" data-toggle="tooltip" aria-label="Adicionar aos favoritos " data-original-title="Adicionar aos favoritos" data-placement="top">
            <svg class="active-content" width="100%" height="100%" viewBox="0 0 20 22" fill="none" xmlns="http://www.w3.org/2000/svg">
            <path fill-rule="evenodd" clip-rule="evenodd" d="M0 1.53052C0 0.685236 0.692171 0 1.54601 0H15.0736C15.9274 0 16.6196 0.685235 16.6196 1.53052V13.4064L15.8127 13.922L14.2658 14.2658L12.7189 13.4064L10.6054 14.3818C10.4994 14.2451 10.3327 14.157 10.1452 14.157H6.76329C6.4431 14.157 6.18354 14.414 6.18354 14.731C6.18354 15.0479 6.4431 15.3049 6.76329 15.3049H10.1452C10.2478 15.3049 10.3441 15.2785 10.4277 15.2322L10.3126 16.8439L13.2345 20.2793H1.54601C0.69217 20.2793 0 19.5941 0 18.7488V1.53052ZM6.18354 5.5483C6.18354 5.23132 6.4431 4.97436 6.76329 4.97436H12.3676C12.6878 4.97436 12.9473 5.23132 12.9473 5.5483C12.9473 5.86528 12.6878 6.12224 12.3676 6.12224H6.76329C6.4431 6.12224 6.18354 5.86528 6.18354 5.5483ZM6.76329 11.0961C6.4431 11.0961 6.18354 11.3531 6.18354 11.6701C6.18354 11.987 6.4431 12.244 6.76329 12.244H12.3676C12.6878 12.244 12.9473 11.987 12.9473 11.6701C12.9473 11.3531 12.6878 11.0961 12.3676 11.0961H6.76329ZM6.18354 8.60985C6.18354 8.29287 6.4431 8.03591 6.76329 8.03591H12.3676C12.6878 8.03591 12.9473 8.29287 12.9473 8.60985C12.9473 8.92684 12.6878 9.1838 12.3676 9.1838H6.76329C6.4431 9.1838 6.18354 8.92684 6.18354 8.60985ZM3.67118 5.5483C3.67118 5.23132 3.93075 4.97436 4.25093 4.97436H4.63743C4.95762 4.97436 5.21719 5.23132 5.21719 5.5483C5.21719 5.86528 4.95762 6.12224 4.63743 6.12224H4.25093C3.93075 6.12224 3.67118 5.86528 3.67118 5.5483ZM4.25093 11.0961C3.93075 11.0961 3.67118 11.3531 3.67118 11.6701C3.67118 11.987 3.93075 12.244 4.25093 12.244H4.63743C4.95762 12.244 5.21719 11.987 5.21719 11.6701C5.21719 11.3531 4.95762 11.0961 4.63743 11.0961H4.25093ZM3.67118 8.60985C3.67118 8.29287 3.93075 8.03591 4.25093 8.03591H4.63743C4.95762 8.03591 5.21719 8.29287 5.21719 8.60985C5.21719 8.92684 4.95762 9.1838 4.63743 9.1838H4.25093C3.93075 9.1838 3.67118 8.92684 3.67118 8.60985ZM4.25093 14.157C3.93075 14.157 3.67118 14.414 3.67118 14.731C3.67118 15.0479 3.93075 15.3049 4.25093 15.3049H4.63743C4.95762 15.3049 5.21719 15.0479 5.21719 14.731C5.21719 14.414 4.95762 14.157 4.63743 14.157H4.25093Z" fill="#EB0203"></path>
            <path fill-rule="evenodd" clip-rule="evenodd" d="M14.6252 13.6363C13.4918 12.6215 11.7817 12.5264 10.6569 13.4792C9.12421 14.7764 9.34841 16.8912 10.4409 18.0122L14.0159 21.6742C14.2197 21.8832 14.4928 22 14.7822 22C15.0737 22 15.3448 21.8852 15.5486 21.6762L19.1236 18.0142C20.214 16.8933 20.4423 14.7785 18.9075 13.4792C17.7827 12.5283 16.0724 12.6217 14.9391 13.6365C14.8855 13.6845 14.8331 13.7345 14.7822 13.7866C14.7313 13.7345 14.6789 13.6843 14.6252 13.6363ZM18.1546 14.3522C19.0973 15.1508 18.9962 16.4896 18.2891 17.2173C18.2888 17.2175 18.2886 17.2177 18.2884 17.218L14.7832 20.8084L11.2753 17.2151C11.2752 17.215 11.2751 17.2149 11.2749 17.2148C10.5677 16.4887 10.4678 15.1495 11.4104 14.3518L11.4108 14.3514C12.0745 13.7892 13.2018 13.82 13.9488 14.5846L14.7822 15.4378L15.6157 14.5846C16.3617 13.8211 17.4896 13.79 18.1545 14.3521" fill="#EB0203"></path>
            </svg>
            <svg class="inactive-content" width="100%" height="100%" viewBox="0 0 20 23" fill="none" xmlns="http://www.w3.org/2000/svg">
            <path fill-rule="evenodd" clip-rule="evenodd" d="M6.18408 5.77914C6.18408 5.46223 6.44363 5.20532 6.7638 5.20532H12.3678C12.6879 5.20532 12.9475 5.46223 12.9475 5.77914C12.9475 6.09606 12.6879 6.35297 12.3678 6.35297H6.7638C6.44363 6.35297 6.18408 6.09606 6.18408 5.77914Z" fill="#EB0203"></path>
            <path fill-rule="evenodd" clip-rule="evenodd" d="M6.18408 11.9034C6.18408 11.5865 6.44363 11.3296 6.7638 11.3296H12.3678C12.6879 11.3296 12.9475 11.5865 12.9475 11.9034C12.9475 12.2202 12.6879 12.4771 12.3678 12.4771H6.7638C6.44363 12.4771 6.18408 12.2202 6.18408 11.9034Z" fill="#EB0203"></path>
            <path fill-rule="evenodd" clip-rule="evenodd" d="M6.18408 8.84116C6.18408 8.52424 6.44363 8.26733 6.7638 8.26733H12.3678C12.6879 8.26733 12.9475 8.52424 12.9475 8.84116C12.9475 9.15807 12.6879 9.41498 12.3678 9.41498H6.7638C6.44363 9.41498 6.18408 9.15807 6.18408 8.84116Z" fill="#EB0203"></path>
            <path fill-rule="evenodd" clip-rule="evenodd" d="M6.18408 14.9655C6.18408 14.6486 6.44363 14.3917 6.7638 14.3917H10.1455C10.4657 14.3917 10.7252 14.6486 10.7252 14.9655C10.7252 15.2825 10.4657 15.5394 10.1455 15.5394H6.7638C6.44363 15.5394 6.18408 15.2825 6.18408 14.9655Z" fill="#EB0203"></path>
            <path fill-rule="evenodd" clip-rule="evenodd" d="M3.67139 5.77914C3.67139 5.46223 3.93094 5.20532 4.25111 5.20532H4.63759C4.95776 5.20532 5.21731 5.46223 5.21731 5.77914C5.21731 6.09606 4.95776 6.35297 4.63759 6.35297H4.25111C3.93094 6.35297 3.67139 6.09606 3.67139 5.77914Z" fill="#EB0203"></path>
            <path fill-rule="evenodd" clip-rule="evenodd" d="M3.67139 11.9034C3.67139 11.5865 3.93094 11.3296 4.25111 11.3296H4.63759C4.95776 11.3296 5.21731 11.5865 5.21731 11.9034C5.21731 12.2202 4.95776 12.4771 4.63759 12.4771H4.25111C3.93094 12.4771 3.67139 12.2202 3.67139 11.9034Z" fill="#EB0203"></path>
            <path fill-rule="evenodd" clip-rule="evenodd" d="M3.67139 8.84116C3.67139 8.52424 3.93094 8.26733 4.25111 8.26733H4.63759C4.95776 8.26733 5.21731 8.52424 5.21731 8.84116C5.21731 9.15807 4.95776 9.41498 4.63759 9.41498H4.25111C3.93094 9.41498 3.67139 9.15807 3.67139 8.84116Z" fill="#EB0203"></path>
            <path fill-rule="evenodd" clip-rule="evenodd" d="M3.67139 14.9655C3.67139 14.6486 3.93094 14.3917 4.25111 14.3917H4.63759C4.95776 14.3917 5.21731 14.6486 5.21731 14.9655C5.21731 15.2825 4.95776 15.5394 4.63759 15.5394H4.25111C3.93094 15.5394 3.67139 15.2825 3.67139 14.9655Z" fill="#EB0203"></path>
            <path fill-rule="evenodd" clip-rule="evenodd" d="M0 1.76033C0 0.914738 0.692131 0.229248 1.54592 0.229248H15.0727C15.9265 0.229248 16.6186 0.914738 16.6186 1.76033V11.2818C16.6186 11.5989 16.3591 11.8559 16.0389 11.8559C15.7187 11.8559 15.4592 11.5989 15.4592 11.2818V1.76033C15.4592 1.54893 15.2862 1.37756 15.0727 1.37756H1.54592C1.33247 1.37756 1.15944 1.54893 1.15944 1.76033V18.985C1.15944 19.1964 1.33247 19.3678 1.54592 19.3678H9.27551C9.59568 19.3678 9.85523 19.6249 9.85523 19.942C9.85523 20.2591 9.59568 20.5161 9.27551 20.5161H1.54592C0.692131 20.5161 0 19.8306 0 18.985V1.76033Z" fill="#EB0203"></path>
            <path fill-rule="evenodd" clip-rule="evenodd" d="M14.6254 13.8718C13.4921 12.8567 11.7821 12.7615 10.6574 13.7147C9.12472 15.0124 9.34891 17.128 10.4413 18.2493L14.0161 21.9126C14.2199 22.1217 14.493 22.2386 14.7824 22.2386C15.0739 22.2386 15.3449 22.1238 15.5487 21.9147L19.1235 18.2514C20.2139 17.13 20.4422 15.0144 18.9075 13.7147C17.7827 12.7634 16.0726 12.8569 14.9392 13.872C14.8856 13.92 14.8333 13.9701 14.7824 14.0222C14.7314 13.97 14.6791 13.9199 14.6254 13.8718ZM18.1546 14.588C19.0972 15.3869 18.9961 16.7262 18.2891 17.4541C18.2888 17.4543 18.2886 17.4546 18.2884 17.4548L14.7834 21.0466L11.2757 17.452C11.2756 17.4519 11.2755 17.4517 11.2753 17.4516C10.5681 16.7252 10.4682 15.3856 11.4108 14.5876L11.4112 14.5872C12.0748 14.0248 13.202 14.0556 13.949 14.8205L14.7824 15.674L15.6158 14.8205C16.3618 14.0567 17.4896 14.0256 18.1545 14.5879" fill="#EB0203"></path>
            </svg>
            </button>
            </div>
            <div class="col-sm-10 col-12">
            <div class="ct-tile-quantity d-none" data-pid="7386954">
            <input type="hidden" class="add-to-cart-url" value="https://www.continente.pt/on/demandware.store/Sites-continente-Site/default/Cart-AddProduct">
            <div class="d-none tile-delete-confirmation-btn" data-pid="7386954" data-delay-time="3000" data-in-cart-msg="no carrinho" data-one-product-added="Adicionado ao carrinho" data-remove-from-cart-msg="Removido do carrinho" data-stay-open="6000.0" data-confirmation-image="{&quot;url&quot;:&quot;https://www.continente.pt/dw/image/v2/BDVS_PRD/on/demandware.static/-/Sites-col-master-catalog/default/dwf46f7b1a/images/col/738/7386954-frente.jpg?sw=87&amp;sh=80&quot;,&quot;fallbackimage&quot;:{&quot;url&quot;:&quot;https://www.continente.pt/dw/image/v2/BDVS_PRD/on/demandware.static/Sites-continente-Site/-/default/dw7c42b4da/images/noimagelarge_product.png?sw=87&amp;sh=80&quot;,&quot;title&quot;:&quot;Pão de Forma Artesano Brioche&quot;,&quot;alt&quot;:&quot;Pão de Forma Artesano Brioche&quot;},&quot;title&quot;:&quot;Pão de Forma Artesano Brioche&quot;,&quot;alt&quot;:&quot;Pão de Forma Artesano Brioche&quot;}"></div>
            <div class="ct-tile-quantity-update quantity-update product-qty-vue" data-remove-action="https://www.continente.pt/on/demandware.store/Sites-continente-Site/default/Cart-RemoveProductLineItem" data-action="https://www.continente.pt/on/demandware.store/Sites-continente-Site/default/Cart-UpdateQuantity" data-dimension-update="https://www.continente.pt/on/demandware.store/Sites-continente-Site/default/Cart-DimensionUpdate" data-pid="7386954" data-uuid="419192108969fe5e51df9fdd26" data-add-delay="500.0" data-measure-options="{&quot;hasConversionRate&quot;:false,&quot;hasAlternativeSaleUnit&quot;:false,&quot;unitConversionRate&quot;:0,&quot;minOrderQuantity&quot;:1,&quot;stepQuantity&quot;:1,&quot;primaryunit&quot;:&quot;un&quot;,&quot;secondaryunit&quot;:&quot;kg&quot;,&quot;selectedunit&quot;:&quot;primary&quot;,&quot;maxNumberOfUnitsPerSale&quot;:50}" data-price-available="null" :data-has-error="isMaxQtyReached || isMinQtyReached || qtySelectedMoreThanOne">
            <template v-show="prodUnits">
            <div class="quantity-input-wrapper has-units">
            <label class="visually-hidden" :for="'quantity-' + pid + additionalTag">
            Quantidade no carrinho
            </label>
            <input :ref="'quantityInput-' + pid + additionalTag" class="add-to-cart-quantity form-control ct-form-input text-center" inputmode="numeric" :class="{'is-invalid': isInvalid}" :data-pid="pid + additionalTag" :name="'quantity-' + pid + additionalTag" type="text" aria-label="Insira a quantidade" title="" v-model="displayValue" @change="updateQuantity" @focus="updateQtyFormat" @blur="restoreQtyFormat" :disabled="!isPriceAvailable">
            <span class="quantity-icon quantity-icon--minus">
            <button class="decrease-quantity-btn" @click="updateQuantity" :disabled="!isPriceAvailable" role="button" aria-label="Reduzir quantidade">
            <i class="css-math-minus"></i>
            </button>
            </span>
            <span class="quantity-icon quantity-icon--plus">
            <button class="increase-quantity-btn" @click="updateQuantity" :disabled="isMaxQtyReached || !isPriceAvailable" role="button" aria-label="Aumentar quantidade">
            <i class="css-math-plus"></i>
            </button>
            <span class="quantity-btn-disabled-placeholder"></span>
            </span>
            <template v-if="isPDP">
            <span class="quantity-error ct-span-error text-sm-center product-max-allocation" v-if="isMaxQtyReached">
            Quantidade máxima atingida
             </span>
            <span class="quantity-error ct-span-product text-sm-center product-allocation" v-if="!isMinQtyReached &amp;&amp; !isMaxQtyReached">
            {{quantitySelected}} no carrinho
            </span>
            <span class="quantity-error ct-span-error text-sm-center product-min-allocation" :data-pid="pid" v-if="isMinQtyReached &amp;&amp; !isMaxQtyReached">
            Quantidade mínima atingida
            </span>
            </template>
            </div>
            <template v-if="showNotes">
            <div class="add-note-link-container ">
            <div class="add-note">
            <a href="/produto/pao-de-forma-artesano-brioche-bimbo-7386954.html?showNote=true" class="ct-add-note-redirect-pdp" aria-label="Adicionar comentário">
            <span class="svg-wrapper svg-icon-notes" style="width:19px; height:20px">
            <svg class="svg-inline icon-notes" viewBox="0 0 28 30" xmlns="http://www.w3.org/2000/svg" width="100%" height="100%"><path d="M21.738 0C22.985 0 24 1.04 24 2.319V12.47c0 .469-.37.848-.828.848-.457 0-.827-.38-.827-.848V2.32c0-.343-.273-.622-.607-.622H2.262c-.334 0-.607.279-.607.622V27.68c0 .343.273.622.607.622h7.81c.457 0 .827.38.827.849 0 .468-.37.848-.827.848h-7.81C1.015 30 0 28.96 0 27.681V2.32C0 1.04 1.015 0 2.262 0h19.476zm2.844 16.004l.227.007c.823.053 1.589.39 2.176.964.64.627.993 1.46.993 2.349 0 .888-.353 1.722-.993 2.348l-6.83 6.665c-.11.108-.247.186-.397.226l-5.032 1.363c-.078.021-.16.032-.241.032-.242 0-.478-.097-.647-.266-.23-.231-.314-.566-.218-.874l1.49-4.798c.044-.139.122-.266.227-.369l6.844-6.677c.64-.625 1.493-.97 2.401-.97zm-2.886 3.94l-4.922 4.802-.947 3.048 3.22-.872 4.897-4.78-2.248-2.197zm2.887-2.174c-.425 0-.824.162-1.124.455l-.484.472 2.248 2.197.484-.472c.62-.606.62-1.591 0-2.197l-.117-.104c-.283-.227-.636-.35-1.007-.35zm-10.839.022c.498 0 .904.396.904.883 0 .488-.406.884-.904.884H5.946c-.499 0-.904-.396-.904-.884 0-.487.405-.883.904-.883zm5.042-4.876c.498 0 .904.397.904.884s-.406.884-.904.884H5.946c-.499 0-.904-.397-.904-.884s.405-.884.904-.884zm0-4.875c.498 0 .904.396.904.884 0 .487-.406.883-.904.883H5.946c-.499 0-.904-.396-.904-.883 0-.488.405-.884.904-.884z" fill="#EB0203" fill-rule="evenodd"></path></svg>
            </span>
            <div class="available-note d-none"></div>
            </a>
            </div>
            </div>
            </template>
            <div class="measurement-unit-section" v-if="isPriceAvailable &amp;&amp; prodUnits ? prodUnits.hasAlternativeUnit : false">
            <div class="ct-form-radio" @click="setDimension">
            <input type="radio" title="" class="ct-form-check-input product-measurement-unit" :data-type="prodUnits.selectedUnit == prodUnits.secondaryUnit ? 'primary' : ''" :id="prodUnits.secondaryUnit + '-' + pid + '-measurement-unit-ptile' + additionalTag" :name="'measurement-unit-' + pid + '-ptile' + additionalTag" :value="prodUnits.secondaryUnit" v-model="prodUnits.selectedUnit">
            <label :class="prodUnits.secondaryUnit + '-label ct-form-check-label mb-0'" :for="prodUnits.secondaryUnit + '-' + pid + '-measurement-unit-ptile' + additionalTag">
            {{prodUnits.secondaryUnit}}
            </label>
            <span class="checkmark"></span>
            </div>
            <div class="ct-form-radio" @click="setDimension">
            <input type="radio" title="" class="ct-form-check-input product-measurement-unit" :data-type="prodUnits.selectedUnit == prodUnits.primaryUnit ? 'primary' : ''" :id="prodUnits.primaryUnit + '-' + pid + '-measurement-unit-ptile' + additionalTag" :name="'measurement-unit-' + pid + '-ptile' + additionalTag" :value="prodUnits.primaryUnit" v-model="prodUnits.selectedUnit">
            <label :class="prodUnits.primaryUnit + '-label ct-form-check-label mb-0'" :for="prodUnits.primaryUnit + '-' + pid + '-measurement-unit-ptile' + additionalTag">
            {{prodUnits.primaryUnit}}
            </label>
            <span class="checkmark"></span>
            </div>
            </div>
            <template v-if="!isPDP &amp;&amp; isPriceAvailable">
            <span class="quantity-error ct-span-error product-max-allocation" v-if="isMaxQtyReached">
            Quantidade máxima atingida
            </span>
            <span class="quantity-error ct-span-product product-allocation" v-if="!isMinQtyReached &amp;&amp; !isMaxQtyReached">
            {{quantitySelected}} no carrinho
            </span>
            <span class="quantity-error ct-span-error product-min-allocation" :data-pid="pid" v-if="isMinQtyReached &amp;&amp; !isMaxQtyReached">
            Quantidade mínima atingida
            </span>
            </template>
            </template>
            </div>
            <input class="quantity-value-mask d-none" name="quantity" type="number" min="0" value="">
            </div>
            <button type="button" class="add-to-cart button js-add-to-cart js-add-to-cart-tile 7386954 button--primary-inactive dynamic-layout-btn" data-toggle="modal" data-target="#chooseBonusProductModal" disabled="" data-pid="7386954" data-quantity-value="null" aria-label="Carrinho">
            <span class="d-block d-sm-none">
            <span class="svg-wrapper svg-icon-cart" style="width:20px; height:20px">
            <svg class="svg-inline icon-cart" xmlns="http://www.w3.org/2000/svg" viewBox="0 0 500 500" width="100%" height="100%"><path fill="#EB0203" fill-rule="evenodd" d="M 485.67317,94.386311 C 476.37798,83.847129 463.09468,78.03348 448.30404,78.03348 H 90.690813 L 87.079511,51.327997 C 83.185582,22.539551 62.962285,0 41.011841,0 H 14.727836 C 6.563151,0 0,6.5286975 0,14.580758 c 0,8.05206 6.5945535,14.580758 14.727836,14.580758 h 26.284005 c 4.710398,0 14.696435,9.855222 16.894619,26.021523 L 100.01739,368.0631 c 1.88416,13.77244 9.01256,26.70549 20.1605,36.37417 8.25889,7.15046 18.02511,11.9071 28.26237,13.89679 -4.17655,7.58572 -6.53175,16.25957 -6.53175,25.493 0,29.53459 24.27424,53.59751 54.13815,53.59751 29.8325,0 54.13814,-24.03184 54.13814,-53.59751 0,-8.79818 -2.19818,-17.09897 -5.9979,-24.43598 h 77.12488 c -3.79973,7.33701 -5.96652,15.6378 -5.96652,24.43598 0,29.53459 24.27424,53.59751 54.13817,53.59751 29.83249,0 54.13814,-24.03184 54.13814,-53.59751 0,-8.79818 -2.1982,-17.09897 -5.9979,-24.43598 h 38.56243 c 8.13328,0 14.72783,-6.5287 14.72783,-14.61183 0,-8.02098 -6.59455,-14.54967 -14.72783,-14.54967 H 159.24277 c -14.38241,0 -28.13677,-11.90711 -30.02092,-26.02153 l -3.07746,-22.88154 h 290.6314 c 14.03698,0 27.94834,-5.28513 39.06488,-14.95381 11.11652,-9.6376 18.27632,-22.57065 20.16048,-36.37417 l 21.10259,-156.78201 c 1.94694,-14.51858 -2.10398,-28.29103 -11.43057,-38.861299 z M 220.76053,443.82706 c 0,13.49265 -11.08513,24.46709 -24.68247,24.46709 -13.62874,0 -24.71387,-10.97444 -24.71387,-24.46709 0,-13.49262 11.08513,-24.43598 24.71387,-24.43598 13.59734,0 24.68247,10.94336 24.68247,24.43598 z m 173.43675,0 c 0,13.49265 -11.08512,24.46709 -24.68245,24.46709 -13.62876,0 -24.71388,-10.97444 -24.71388,-24.46709 0,-13.49262 11.08512,-24.43598 24.71388,-24.43598 13.59733,0 24.68245,10.94336 24.68245,24.43598 z m 73.7648,-314.46558 -21.13397,156.782 c -1.88416,14.11442 -15.63851,26.05261 -30.02091,26.05261 H 122.25046 L 94.616142,107.19499 H 448.33544 c 6.18632,0 11.61896,2.2695 15.23028,6.37326 3.64269,4.13484 5.21283,9.73086 4.39636,15.79323 z"></path></svg>
            </span>
            </span>
            <span class="add-to-cart--text d-none d-sm-block">Indisponível</span>
            </button>
            </div>
            </div>
            </div>
            </div>
            
            <div class="col-12 d-sm-none">
            </div>
            </div>
            </div>
            </div>
            </div>
            <div class="col-12 grid-footer" data-sort-options="{&quot;options&quot;:[{&quot;displayName&quot;:&quot;Relevância&quot;,&quot;id&quot;:&quot;search-relevance&quot;,&quot;url&quot;:&quot;https://www.continente.pt/on/demandware.store/Sites-continente-Site/default/Search-UpdateGrid?cgid=padaria-e-pastelaria-padaria-forma&amp;pmin=0.01&amp;srule=Continente&amp;start=0&amp;sz=36&quot;},{&quot;displayName&quot;:&quot;Preço (menor)&quot;,&quot;id&quot;:&quot;price-low-to-high&quot;,&quot;url&quot;:&quot;https://www.continente.pt/on/demandware.store/Sites-continente-Site/default/Search-UpdateGrid?cgid=padaria-e-pastelaria-padaria-forma&amp;pmin=0.01&amp;srule=price-low-to-high&amp;start=0&amp;sz=36&quot;},{&quot;displayName&quot;:&quot;Preço (maior)&quot;,&quot;id&quot;:&quot;price-high-to-low&quot;,&quot;url&quot;:&quot;https://www.continente.pt/on/demandware.store/Sites-continente-Site/default/Search-UpdateGrid?cgid=padaria-e-pastelaria-padaria-forma&amp;pmin=0.01&amp;srule=price-high-to-low&amp;start=0&amp;sz=36&quot;},{&quot;displayName&quot;:&quot;Preço/capacidade&quot;,&quot;id&quot;:&quot;price-per-capacity&quot;,&quot;url&quot;:&quot;https://www.continente.pt/on/demandware.store/Sites-continente-Site/default/Search-UpdateGrid?cgid=padaria-e-pastelaria-padaria-forma&amp;pmin=0.01&amp;srule=price-per-capacity&amp;start=0&amp;sz=36&quot;},{&quot;displayName&quot;:&quot;Nome (A a Z)&quot;,&quot;id&quot;:&quot;product-name-ascending&quot;,&quot;url&quot;:&quot;https://www.continente.pt/on/demandware.store/Sites-continente-Site/default/Search-UpdateGrid?cgid=padaria-e-pastelaria-padaria-forma&amp;pmin=0.01&amp;srule=product-name-ascending&amp;start=0&amp;sz=36&quot;},{&quot;displayName&quot;:&quot;Nome (Z a A)&quot;,&quot;id&quot;:&quot;product-name-descending&quot;,&quot;url&quot;:&quot;https://www.continente.pt/on/demandware.store/Sites-continente-Site/default/Search-UpdateGrid?cgid=padaria-e-pastelaria-padaria-forma&amp;pmin=0.01&amp;srule=product-name-descending&amp;start=0&amp;sz=36&quot;}],&quot;ruleId&quot;:&quot;categories top-sellers&quot;}" data-page-size="36.0" data-page-number="0" data-base-url="https://www.continente.pt/on/demandware.store/Sites-continente-Site/default/Search-UpdateGrid" data-total-count="91">
            <div class="search-results-products-counter d-flex justify-content-center">36 de 91 produtos</div>
            <div class="search-view-more-products-spinner-wrapper js-loading-spinner d-none">
            <img src="/on/demandware.static/Sites-continente-Site/-/default/dwa85daf5e/images/icons/logo-grey-animation.svg" class="load-logo" alt="A carregar">
            </div>
            <div class="search-view-more-products-btn-wrapper infinite-scroll-placeholder" data-url="https://www.continente.pt/on/demandware.store/Sites-continente-Site/default/Search-UpdateGrid?cgid=padaria-e-pastelaria-padaria-forma&amp;pmin=0%2e01&amp;start=36&amp;sz=36">
            <button class="button button--secondary search-view-more-products-button js-show-more-products">Ver mais produtos</button>
            </div>
            <input type="hidden" class="permalink" value="https://www.continente.pt/padaria-e-pastelaria/padaria/pao-de-forma-e-embalado/?pmin=0.01&amp;start=0&amp;sz=36">
            <input type="hidden" class="category-id" value="padaria-e-pastelaria-padaria-forma">
            </div>
            </div>
            <div class="search-results-bottom-advertising-banner ct-overflow-hidden">
            <div id="col-search-bottom-advertising-banner" class="text-center ct-mb--30 ct-mt--30" data-gtm-banner-prefix="category" style="">
            <div id="ad-banner-clp-bottom" class="gpt-contents" data-unitpath="21868577187/OSF_CPL_Bottom_Padaria" data-size="[[970, 90],[[[1280, 540],[970, 90]],[[768,500],[728, 90]],[[320,240],[290, 100]]]]" data-google-query-id="CITPobqAkvsCFYFqpAQd5JsIIg">
            <div id="google_ads_iframe_21868577187/OSF_CPL_Bottom_Padaria_0__container__" style="border: 0pt none;"><iframe id="google_ads_iframe_21868577187/OSF_CPL_Bottom_Padaria_0" name="google_ads_iframe_21868577187/OSF_CPL_Bottom_Padaria_0" title="3rd party ad content" width="100%" height="90" scrolling="no" marginwidth="0" marginheight="0" frameborder="0" role="region" aria-label="Advertisement" tabindex="0" data-load-complete="true" data-google-container-id="5" style="border: 0px; vertical-align: bottom; max-width: 970px;"></iframe></div></div>
            </div>
            </div>
            </div>
            </div>