<!doctype html>
<html lang="pt">
<head>
<meta charset="utf-8">
<meta http-equiv="x-ua-compatible" content="ie=edge">
<title>Comparador de Preços de Supermercados</title>
<meta name="viewport" content="width=device-width, initial-scale=1, maximum-scale=5">
<meta name="description" content="Encontre e compare milhões de produtos em centenas de lojas online. Veja as melhores ofertas, promoções e descontos no comparador de preços mais popular de Portugal!">
<meta name="copyright" content="Copyright 2022">
<meta name="referrer" content="same-origin">
<meta name="robots" content="index, follow">
<meta name="resource-type" content="DOCUMENT">

<!--Links CSS-->
<link rel="stylesheet" href="../css/cssSite.v511.css">
<link rel="stylesheet" href="../css/global.css">
<link rel="stylesheet" href="../css/bootstrap.min.css">
<link rel="stylesheet" href="../css/estilo.css">
<link rel="stylesheet" href="../css/search.css">
<link rel="stylesheet" href="../css/produtos.css">
<link rel="stylesheet" href="../css/search1.css">

<!--JavaScript-->
<script src="../js/nr-agent.js"></script>
<script>
        ;NREUM.loader_config={accountID:"3072507",trustKey:"1545474",agentID:"1025845875",licenseKey:"NRJS-0dd6c177c1318524aaa",applicationID:"1025845875"}
        ;NREUM.info={beacon:"bam.nr-data.net",errorBeacon:"bam.nr-data.net",licenseKey:"NRJS-0dd6c177c1318524aaa",applicationID:"1025845875",sa:1}
    </script>
<script type="text/javascript">
      (function (s, y, n, di, go) {
        di = s.createElement(y);
        di.type = 'text/java'+y;
        di.async = true;
        di.src = n + Math.floor(Date.now() / 86400000);
        go = s.getElementsByTagName(y)[0];
        go.parentNode.insertBefore(di,go);
      }(document,'script', "https://content.syndigo.com/site/710ff2e0-2f41-1551-6979-4c465865d7d1/tag.js?cv="));
</script>
<!--[if gt IE 9]><!-->
<script>//common/scripts.isml</script>
<script data-cookieconsent="ignore" defer="defer" src="../js/vendors.js"></script>
<script data-cookieconsent="ignore" defer="defer" src="../js/vendors-additional.js"></script>
<script data-cookieconsent="ignore" defer="defer" src="../js/main.js"></script>
<script data-cookieconsent="ignore" defer="defer" src="../js/search.js"></script>

<script type="text/javascript">//<!--
    /* <![CDATA[ (head-active_data.js) */
    var dw = (window.dw || {});
    dw.ac = {
        _analytics: null,
        _events: [],
        _category: "",
        _searchData: "",
        _anact: "",
        _anact_nohit_tag: "",
        _analytics_enabled: "true",
        _timeZone: "Europe/Lisbon",
        _capture: function(configs) {
            if (Object.prototype.toString.call(configs) === "[object Array]") {
                configs.forEach(captureObject);
                return;
            }
            dw.ac._events.push(configs);
        },
        capture: function() { 
            dw.ac._capture(arguments);
            // send to CQ as well:
            if (window.CQuotient) {
                window.CQuotient.trackEventsFromAC(arguments);
            }
        },
        EV_PRD_SEARCHHIT: "searchhit",
        EV_PRD_DETAIL: "detail",
        EV_PRD_RECOMMENDATION: "recommendation",
        EV_PRD_SETPRODUCT: "setproduct",
        applyContext: function(context) {
            if (typeof context === "object" && context.hasOwnProperty("category")) {
                dw.ac._category = context.category;
            }
            if (typeof context === "object" && context.hasOwnProperty("searchData")) {
                dw.ac._searchData = context.searchData;
            }
        },
        setDWAnalytics: function(analytics) {
            dw.ac._analytics = analytics;
        },
        eventsIsEmpty: function() {
            return 0 == dw.ac._events.length;
        }
    };
    /* ]]> */
    // -->
    </script>
    <script type="text/javascript">//<!--
    /* <![CDATA[ (head-cquotient.js) */
    var CQuotient = window.CQuotient = {};
    CQuotient.clientId = 'bdvs-continente';
    CQuotient.realm = 'BDVS';
    CQuotient.siteId = 'continente';
    CQuotient.instanceType = 'prd';
    CQuotient.locale = 'default';
    CQuotient.fbPixelId = '__UNKNOWN__';
    CQuotient.activities = [];
    CQuotient.cqcid='';
    CQuotient.cquid='';
    CQuotient.cqeid='';
    CQuotient.cqlid='';
    /* Turn this on to test against Staging Einstein */
    /* CQuotient.useTest= true; */
    CQuotient.initFromCookies = function () {
        var ca = document.cookie.split(';');
        for(var i=0;i < ca.length;i++) {
          var c = ca[i];
          while (c.charAt(0)==' ') c = c.substring(1,c.length);
          if (c.indexOf('cqcid=') == 0) {
            CQuotient.cqcid=c.substring('cqcid='.length,c.length);
          } else if (c.indexOf('cquid=') == 0) {
              var value = c.substring('cquid='.length,c.length);
              if (value) {
                  var split_value = value.split("|", 3);
                  if (split_value.length > 0) {
                  CQuotient.cquid=split_value[0];
                  }
                  if (split_value.length > 1) {
                  CQuotient.cqeid=split_value[1];
                  }
                  if (split_value.length > 2) {
                  CQuotient.cqlid=split_value[2];
                  }
              }
          }
        }
    }
    CQuotient.getCQCookieId = function () {
        if(window.CQuotient.cqcid == '')
            window.CQuotient.initFromCookies();
        return window.CQuotient.cqcid;
    };
    CQuotient.getCQUserId = function () {
        if(window.CQuotient.cquid == '')
            window.CQuotient.initFromCookies();
        return window.CQuotient.cquid;
    };
    CQuotient.getCQHashedEmail = function () {
        if(window.CQuotient.cqeid == '')
            window.CQuotient.initFromCookies();
        return window.CQuotient.cqeid;
    };
    CQuotient.getCQHashedLogin = function () {
        if(window.CQuotient.cqlid == '')
            window.CQuotient.initFromCookies();
        return window.CQuotient.cqlid;
    };
    CQuotient.trackEventsFromAC = function (/* Object or Array */ events) {
    try {
        if (Object.prototype.toString.call(events) === "[object Array]") {
            events.forEach(_trackASingleCQEvent);
        } else {
            CQuotient._trackASingleCQEvent(events);
        }
    } catch(err) {}
    };
    CQuotient._trackASingleCQEvent = function ( /* Object */ event) {
        if (event && event.id) {
            if (event.type === dw.ac.EV_PRD_DETAIL) {
                CQuotient.trackViewProduct( {id:'', alt_id: event.id, type: 'raw_sku'} );
            } // not handling the other dw.ac.* events currently
        }
    };
    CQuotient.trackViewProduct = function(/* Object */ cqParamData){
        var cq_params = {};
        cq_params.cookieId = CQuotient.getCQCookieId();
        cq_params.userId = CQuotient.getCQUserId();
        cq_params.emailId = CQuotient.getCQHashedEmail();
        cq_params.loginId = CQuotient.getCQHashedLogin();
        cq_params.product = cqParamData.product;
        cq_params.realm = cqParamData.realm;
        cq_params.siteId = cqParamData.siteId;
        cq_params.instanceType = cqParamData.instanceType;
        cq_params.locale = CQuotient.locale;
        
        if(CQuotient.sendActivity) {
            CQuotient.sendActivity(CQuotient.clientId, 'viewProduct', cq_params);
        } else {
            CQuotient.activities.push({activityType: 'viewProduct', parameters: cq_params});
        }
    };
    /* ]]> */
    // -->
    </script>

</head>

<body>
    <body class="" data-theme="default" data-layout="fluid" data-sidebar-position="left" data-sidebar-behavior="sticky" data-tooltip-container>
        <div class="wrap" id="mainpage" data-popover-container>
    
    <header>
    <header class="header" id="header">
        <div class="header-top">
           <div class="header-top-container header-container container">
             <div class="header-section header-section-logo">
                <img class="header-logo-img" src="../img/logo.png" alt="Comparador de Preços" width="250" height="100">
                    <a href="#" class="btn-product-catalog">
                        <span class="hamburger-icon">
                        <span></span>
                            <span></span>
                            <span></span>
                            </span>
                        <span class="hamburger-text">Catálogo Productos</span>
                     </a>
    
     <form action="#" class="header-section header-section-search" rel="ajaxify">
         <label class="sr-only" for="main-autocomplete">O que pesquisa hoje?</label>
             <input class="header-input-search form-control" id="main-autocomplete" type="text" placeholder="O que pesquisa hoje?" autocomplete="off" data-url="#" data-default-search-url="#" name="q" value="" data-autocomplete__="{&quot;text&quot;:&quot;&quot;}">
                 <button class="header-btn header-btn-search" id="main-autocomplete-submit" type="submit" aria-label="Search">
                     <img class="svg-icon" src="../img/icons8-search-50.png" alt=""> <use xlink:href="#search"></use></svg>
                 </button>
                 <button class="header-btn header-btn-clear" id="main-autocomplete-clear" type="button">
                 </button>
     </form>
    
     <div class="header-section header-section-account">
         <a class="header-btn header-btn-dot header-btn-heart" id="header-wishlist-icon" href="#" title="Lista de favoritos">
             <img class="favorite" src="../img/icons8-favorite-48.png" alt="" style="max-width: 100%;"><use xlink:href="#heart"></use></svg>
         </a>
         <a class="header-btn header-btn-dot header-btn-user" href="#" title="Minha conta" data-overlayer data-load-fragment data-title="false" data-width="460" data-close-outside="false" data-fragment-options="{&quot;linkSelector&quot;:&quot;a[href], [data-href]&quot;,&quot;formSelector&quot;:&quot;form&quot;,&quot;formExclude&quot;:null}">
             <img class="user" src="../img/icons8-user-48.png" alt="" style="max-width: 100%;"><use xlink:href="#user"></use></svg>
         </a>
    
    <div class="navigation-container ff-montse">
        <nav id="nav_main" class="nav_main scrollable">
            <ul class="yCmsContentSlot clear_fix first_nav">
                <li id="nav-submenu-container">
                    <div class="nav-submenu__header">
                        <button class="btn-close-menu"></button>
                            <div class="siteLogo">
                                <a href="index.html" class="siteLogoDia">
                                    <img src="../img/supermarket.png" class="siteLogo siteLogo-img"/>
                                </a>
                            </div>
                    </div>
            <ul class="nav-submenu ff-montse">
                <li class="main_menu_element_newProducts">
                    <span class="iconoCat  icoNewProducts">
                    </span>
                        <a href="#">
                          <p style="margin-left: 40px;">Categorias</p></a>
                              </li>
                
             <li>
                 <img class="hot" src="https://img.icons8.com/wired/64/000000/bread-and-rolling-pin.png"/>
                     <button class="btn-main-category">Padaria e Pastelaria</button>
                         <div class="child-menu child-menu-platos-preparados">
                             <div class="back-to-category">
                                 <button class="back responsivo responsivo-tablet"></button>
                                     <span>Padaria e Pastelaria</span>
                             </div>
                             <div class="category-link">
                                 <span class="iconCategory frescos"></span>
                                     <a href="#" class="go-to-category">Ver todos</a>
                             </div>
                                 <span class="shop-by-cat-text">Comprar por categor&iacute;as</span>
    
                                 <ul class="child-menu-container">
                                     <li>
                                         <a href="#">Padaria</a>
                                             <span class="iconCategory arrow-mobile RD_Desplegar2"></span>
            
                                 <ul class="grandchild-menu">
                                     <li>
                                         <div class="back-to-category">
                                             <button class="back responsivo responsivo-tablet"></button>
                                                 <span>Padaria</span>
                                         </div>
                                     </li>
                                     <li class="go-to-category-child">
                                         <a href="#">Ver Padaria</a>
                                     </li>
                                         <span class="shop-by-cat-text">Comprar por categor&iacute;as</span>
                                     <li>
                                         <a href="#">Pão do Dia e Broa</a>
                                     </li>
                                     <li>
                                         <a href="#">Pão de Forma e Embalado</a>
                                     </li>
                                     <li>
                                         <a href="#">Pão de Hambúrguer, Cachorro e Wraps</a>
                                     </li>
                                     <li>
                                         <a href="#">Tostas, Gressinos e Croutons</a>
                                     </li>
                                 </ul>
                             </li>
                                     <li>
                                            <a href="#">Pastelaria</a>
                                                <span class="iconCategory arrow-mobile RD_Desplegar2"></span>
            
                                                    <ul class="grandchild-menu">
                                        <li>
                                            <div class="back-to-category">
                                                <button class="back responsivo responsivo-tablet"></button>
                                                    <span>Pastelaria</span>
                                            </div>
                                        </li>
                                        <li class="go-to-category-child">
                                            <a href="#">Ver Pastelaria</a>
                                        </li>
                                            <span class="shop-by-cat-text">Comprar por categor&iacute;as</span>
                                        <li>
                                            <a href="#">Croissants e Pães de Leite</a>
                                        </li>
                                        <li>
                                            <a href="#">Pastelaria Sortida</a>
                                        </li>
                                        <li>
                                            <a href="#">Biscoitos</a>
                                        </li>
                                        <li>
                                            <a href="#">Bolos, Salames e Tartes</a>
                                        </li>
                                        <li>
                                            <a href="#">Bolos de Festa</a>
                                        </li>
                                        <li>
                                            <a href="#">Sobremesas</a>
                                        </li>
                                        <li>
                                            <a href="#">Pastelaria Salgada</a>
                                        </li>
                                    </ul>
                                </li>
                                        <li>
                                            <a href="#">Massas para Culinária</a>
                                                <span class="iconCategory arrow-mobile RD_Desplegar2"></span>
            
                                        <ul class="grandchild-menu">
                                            <li>
                                                <div class="back-to-category">
                                                    <button class="back responsivo responsivo-tablet"></button>
                                                        <span>Massas para Culinária</span>
                                                </div>
                                            </li>
                                            <li class="go-to-category-child">
                                                <a href="#">Ver Massas para Culinária</a>
                                            </li>
                                                <span class="shop-by-cat-text">Comprar por categor&iacute;as</span>
                                        </ul>
                                    </li>
                                </ul>
                            </div>
                        </li>
            
                        <li>
                            <img class="hot" src="https://img.icons8.com/external-konkapp-detailed-outline-konkapp/64/000000/external-takeaway-cafe-konkapp-detailed-outline-konkapp.png"/>
                                <button class="btn-main-category">Take-Away</button>
                                    <div class="child-menu child-menu-frescos">
                                        <div class="back-to-category">
                                            <button class="back responsivo responsivo-tablet"></button>
                                                <span>Take-Away</span>
                                        </div>
                                        <div class="category-link">
                                            <span class="iconCategory frescos"></span>
                                                <a href="#" class="go-to-category">Ver todos</a>
                                        </div>
                                            <span class="shop-by-cat-text">Comprar por categor&iacute;as</span>
            
                                        <ul class="child-menu-container">
                                            <li>
                                                <a href="#">Entradas e Salgados</a>
                                                    <span class="iconCategory arrow-mobile RD_Desplegar2"></span>
            
                                        <ul class="grandchild-menu">
                                            <li>
                                                <div class="back-to-category">
                                                    <button class="back responsivo responsivo-tablet"></button>
                                                        <span>Entradas e Salgados</span>
                                                </div>
                                            </li>
                                            <li class="go-to-category-child">
                                                <a href="#">Ver Entradas e Salgados</a>
                                            </li>
                                                <span class="shop-by-cat-text">Comprar por categor&iacute;as</span>
                                            <li>
                                                <a href="#">Salgados</a>
                                            </li>
                                            <li>
                                                <a href="#">Empadas e Empanadas</a>
                                            </li>
                                            <li>
                                                <a href="#">Panados, Quiches e Folhados</a>
                                            </li>
                                            <li>
                                                <a href="#">Pastas para Barrar</a>
                                            </li>
                                            <li>
                                                <a href="#">Pães de Alho e Queijo</a>
                                            </li>
                                        </ul>
                                    </li>
                                            <li>
                                                <a href="#">Sopas</a>
                                                    <span class="iconCategory arrow-mobile RD_Desplegar2"></span>
            
                                                        <ul class="grandchild-menu">
                                            <li>
                                                <div class="back-to-category">
                                                    <button class="back responsivo responsivo-tablet"></button>
                                                        <span>Sopas</span>
                                                </div>
                                            </li>
                                            <li class="go-to-category-child">
                                                <a href="#">Ver Sopas</a>
                                            </li>
                                                <span class="shop-by-cat-text">Comprar por categor&iacute;as</span>
                                            <li>
                                                <a href="#">Tradicionais</a>
                                            </li>
                                            <li>
                                                <a href="#">Sem Batata</a>
                                            </li>
                                        </ul>
                                    </li>
                                            <li>
                                                <a href="#">Pizzas</a>
                                                    <span class="iconCategory arrow-mobile RD_Desplegar2"></span>
            
                                            <ul class="grandchild-menu">
                                                <li>
                                                    <div class="back-to-category">
                                                        <button class="back responsivo responsivo-tablet"></button>
                                                            <span>Pizzas</span>
                                                    </div>
                                                </li>
                                                <li class="go-to-category-child">
                                                    <a href="#">Ver Pizzas</a>
                                                </li>
                                                    <span class="shop-by-cat-text">Comprar por categor&iacute;as</span>
                                                <li>
                                                    <a href="#">Frescas</a>
                                                </li>
                                                <li>
                                                    <a href="#">Congeladas</a>
                                                </li>
                                            </ul>
                                        </li>
                                                <li>
                                                    <a href="#">Massas Frescas e Noodles</a>
                                                        <span class="iconCategory arrow-mobile RD_Desplegar2"></span>
            
                                            <ul class="grandchild-menu">
                                                <li>
                                                    <div class="back-to-category">
                                                        <button class="back responsivo responsivo-tablet"></button>
                                                            <span>Massas Frescas e Noodles</span>
                                                    </div>
                                                </li>
                                                <li class="go-to-category-child">
                                                    <a href="#">Ver Massas Frescas e Noodles</a>
                                                </li>
                                                    <span class="shop-by-cat-text">Comprar por categor&iacute;as</span>
                                                        <li>
                                                            <a href="#">Massas Simples e Recheadas</a>
                                                        </li>
                                                        <li>
                                                            <a href="#">Noodles</a>
                                                        </li>
                                                        <li>
                                                            <a href="#">Massas para Culinária</a>
                                                        </li>
                                                    </ul>
                                                </li>
                                                        <li>
                                                            <a href="#">Hambúrgueres</a>
                                                                <span class="iconCategory arrow-mobile RD_Desplegar2"></span>
            
                                            <ul class="grandchild-menu">
                                                <li>
                                                    <div class="back-to-category">
                                                        <button class="back responsivo responsivo-tablet"></button>
                                                            <span>Hambúrgueres</span>
                                                    </div>
                                                </li>
                                                <li class="go-to-category-child">
                                                    <a href="#">Ver Hambúrgueres</a>
                                                </li>
                                                    <span class="shop-by-cat-text">Comprar por categor&iacute;as</span>
                                                <li>
                                                    <a href="#">Pronto a Comer</a>
                                                </li>
                                                <li>
                                                    <a href="#">Frescos</a>
                                                </li>
                                                <li>
                                                    <a href="#">Congelados</a>
                                                </li>
                                            </ul>
                                        </li>
            
                            <li>
                                <a href="#">Saladas, Sandes e Wraps</a>
                                    <span class="iconCategory arrow-mobile RD_Desplegar2"></span>
            
                                        <ul class="grandchild-menu">
                            <li>
                                <div class="back-to-category">
                                    <button class="back responsivo responsivo-tablet"></button>
                                        <span>Saladas, Sandes e Wraps</span>
                                </div>
                            </li>
                            <li class="go-to-category-child">
                                <a href="#">Ver Saladas, Sandes e Wraps</a>
                            </li>
                                <span class="shop-by-cat-text">Comprar por categor&iacute;as</span>
                            <li>
                                <a href="#">Sandes</a>
                            </li>
                            <li>
                                <a href="#">Wraps</a>
                            </li>
                            <li>
                                <a href="#">Saladas Simples</a>
                            </li>
                            <li>
                                <a href="#">Saladas Refeição</a>
                            </li>
                        </ul>
                    </li>
            
                            <li>
                                <a href="#">Frango Assado e Leitão</a>
                                    <span class="iconCategory arrow-mobile RD_Desplegar2"></span>
            
                        <ul class="grandchild-menu">
                            <li>
                                <div class="back-to-category">
                                    <button class="back responsivo responsivo-tablet"></button>
                                        <span>Frango Assado e Leitão</span>
                                </div>
                            </li>
                            <li class="go-to-category-child">
                                <a href="#">Ver Frango Assado e Leitão</a>
                            </li>
                                <span class="shop-by-cat-text">Comprar por categor&iacute;as</span>
                            </ul>
                        </li>
            
                            <li>
                                <a href="#">Refeições Prontas</a>
                                    <span class="iconCategory arrow-mobile RD_Desplegar2"></span>
            
                        <ul class="grandchild-menu">
                            <li>
                                <div class="back-to-category">
                                    <button class="back responsivo responsivo-tablet"></button>
                                        <span>Refeições Prontas</span>
                                </div>
                            </li>
                            <li class="go-to-category-child">
                                <a href="#">Ver Refeições Prontas</a>
                            </li>
                                <span class="shop-by-cat-text">Comprar por categor&iacute;as</span>
                            <li>
                                <a href="#">Carne</a>
                            </li>
                            <li>
                                <a href="#">Peixe e Marisco</a>
                            </li>
                            <li>
                                <a href="#">Italianas</a>
                            </li>
                            <li>
                                <a href="#">Acompanhamentos</a>
                            </li>
                        </ul>
                    </li>
            
                            <li>
                                <a href="#">Vegetarianas e Vegan</a>
                                    <span class="iconCategory arrow-mobile RD_Desplegar2"></span>
            
                        <ul class="grandchild-menu">
                            <li>
                                <div class="back-to-category">
                                    <button class="back responsivo responsivo-tablet"></button>
                                        <span>Vegetarianas e Vegan</span>
                                </div>
                            </li>
                            <li class="go-to-category-child">
                                <a href="#">Ver Vegetarianas e Vegan</a>
                            </li>
                                <span class="shop-by-cat-text">Comprar por categor&iacute;as</span>
                            <li>
                                <a href="#">Hambúrgueres e Almôndegas</a>
                            </li>
                            <li>
                                <a href="#">Nuggets, Bifes e Escalopes</a>
                            </li>
                            <li>
                                <a href="#">Tofu e Seitan</a>
                            </li>
                            <li>
                                <a href="#">Saladas e Algas</a>
                            </li>
                            <li>
                                <a href="#">Outras Refeições</a>
                            </li>
                        </ul>
                    </li>
                </ul>
            </div>
            </li>
                            <li>
                                <img class="hot" src="https://img.icons8.com/external-wanicon-lineal-wanicon/64/000000/external-grocery-food-delivery-wanicon-lineal-wanicon.png"/>
                                    <button class="btn-main-category">Mercearia</button>
                                        <div class="child-menu child-menu-despensa">
                                            <div class="back-to-category">
                                                <button class="back responsivo responsivo-tablet"></button>
                                                    <span>Mercearia</span>
                                            </div>
                                            <div class="category-link">
                                                <span class="iconCategory despensa"></span>
                                                    <a href="#" class="go-to-category">Ver todos</a>
                                            </div>
                                                <span class="shop-by-cat-text">Comprar por categor&iacute;as</span>
            
                        <ul class="child-menu-container">
                            <li>
                                <a href="#">Café, Chá e Chocolate Solúvel</a>
                                    <span class="iconCategory arrow-mobile RD_Desplegar2"></span>
            
                        <ul class="grandchild-menu">
                            <li>
                                <div class="back-to-category">
                                    <button class="back responsivo responsivo-tablet"></button>
                                        <span>Café, Chá e Chocolate Solúvel</span>
                                </div>
                            </li>
                            <li class="go-to-category-child">
                                <a href="#">Ver Café, Chá e Chocolate Solúvel</a>
                            </li>
                                <span class="shop-by-cat-text">Comprar por categor&iacute;as</span>
                            <li>
                                <a href="#">Café em Cápsulas</a>
                            </li>
                            <li>
                                <a href="#">Café Torrado</a>
                            </li>
                            <li>
                                <a href="#">Café Solúvel</a>
                            </li>
                            <li>
                                <a href="#">Chás e Infusões</a>
                            </li>
                            <li>
                                <a href="#">Chocolate Solúvel</a>
                            </li>
                            <li>
                                <a href="#">Bebidas de Cereais</a>
                            </li>
                        </ul>
                    </li>
                            <li>
                                <a href="#">Cereais e Barras</a>
                                    <span class="iconCategory arrow-mobile RD_Desplegar2"></span>
            
                        <ul class="grandchild-menu">
                            <li>
                                <div class="back-to-category">
                                    <button class="back responsivo responsivo-tablet"></button>
                                        <span>Cereais e Barras</span>
                                </div>
                            </li>
                            <li class="go-to-category-child">
                                <a href="#">Ver Cereais e Barras</a>
                            </li>
                                <span class="shop-by-cat-text">Comprar por categor&iacute;as</span>
                            <li>
                                <a href="#">Cereais Infantis e Juvenis</a>
                            </li>
                            <li>
                                <a href="#">Cereais Linha e Fibra</a>
                            </li>
                            <li>
                                <a href="#">Corn Flakes</a>
                            </li>
                            <li>
                                <a href="#">Muesli e Granola</a>
                            </li>
                            <li>
                                <a href="#">Flocos e Papas de Aveia</a>
                            </li>
                            <li>
                                <a href="#">Barras de Cereais</a>
                            </li>
                        </ul>
                            </li>
                                        
                            <li>
                                <a href="#">Bolachas, Biscoitos e Tostas</a>
                                    <span class="iconCategory arrow-mobile RD_Desplegar2"></span>
            
                        <ul class="grandchild-menu">
                            <li>
                                <div class="back-to-category">
                                    <button class="back responsivo responsivo-tablet"></button>
                                        <span>Bolachas, Biscoitos e Tostas</span>
                                </div>
                            </li>
                            <li class="go-to-category-child">
                                <a href="#">Ver Bolachas, Biscoitos e Tostas</a>
                            </li>
                                <span class="shop-by-cat-text">Comprar por categor&iacute;as</span>
                            <li>
                                <a href="#">Bolachas de Chocolate</a>
                            </li>
                            <li>
                                <a href="#">Bolachas com Cobertura e Recheio</a>
                            </li>
                            <li>
                                <a href="#">Bolachas Infantis</a>
                            </li>
                            <li>
                                <a href="#">Bolachas de Manteiga</a>
                            </li>
                            <li>
                                <a href="#">Maria, Torrada e Biscoitos</a>
                            </li>
                            <li>
                                <a href="#">Bolachas Fibra e Sem Açúcar</a>
                            </li>
                            <li>
                                <a href="#">Sortidos de Bolachas</a>
                            </li>
                            <li>
                                <a href="#">Bolos, Napolitanas, Queques…</a>
                            </li>
                            <li>
                                <a href="#">Bolachas e Biscoitos Salgados</a>
                            </li>
                            <li>
                                <a href="#">Tortitas de Arroz e Milho</a>
                            </li>
                            <li>
                                <a href="#">Tostas, Gressinos e Croutons</a>
                            </li>
                        </ul>
                            </li>
                            <li>
                                <a href="#">Chocolate, Gomas e Rebuçados</a>
                                    <span class="iconCategory arrow-mobile RD_Desplegar2"></span>
            
                        <ul class="grandchild-menu">
                            <li>
                                <div class="back-to-category">
                                    <button class="back responsivo responsivo-tablet"></button>
                                        <span>Chocolate, Gomas e Rebuçados</span>
                                </div>
                            </li>
                            <li class="go-to-category-child">
                                <a href="#">Ver Chocolate, Gomas e Rebuçados</a>
                            </li>
                                <span class="shop-by-cat-text">Comprar por categor&iacute;as</span>
                            <li>
                                <a href="#">Chocolates</a>
                            </li>
                            <li>
                                <a href="#">Bombons</a>
                            </li>
                            <li>
                                <a href="#">Snacks de Chocolate</a>
                            </li>
                            <li>
                                <a href="#">Chocolates Solúveis</a>
                            </li>
                            <li>
                                <a href="#">Cacau e Chocolates de Culinária</a>
                            </li>
                            <li>
                                <a href="#">Gomas, Pastilhas e Rebuçados</a>
                            </li>
                        </ul>
                            </li>
                            <li>
                                <a href="#">Arroz, Massa e Farinha</a>
                                    <span class="iconCategory arrow-mobile RD_Desplegar2"></span>
            
                        <ul class="grandchild-menu">
                            <li>
                                <div class="back-to-category">
                                    <button class="back responsivo responsivo-tablet"></button>
                                        <span>Arroz, Massa e Farinha</span>
                                </div>
                            </li>
                            <li class="go-to-category-child">
                                <a href="#">Ver Arroz, Massa e Farinha</a>
                            </li>
                                <span class="shop-by-cat-text">Comprar por categor&iacute;as</span>
                            <li>
                                <a href="#">Arroz</a>
                            </li>
                            <li>
                                <a href="#">Massa</a>
                            </li>
                            <li>
                                <a href="#">Farinha e Pão Ralado</a>
                            </li>
                            <li>
                                <a href="#">Puré</a>
                            </li>
                            <li>
                                <a href="#">Couscous, Quinoa, Bulgur e Outros</a>
                            </li>
                            <li>
                                <a href="#">Feijão, Grão de Bico e Lentilhas</a>
                            </li>
                        </ul>
                            </li>
                            <li>
                                <a href="#">Azeite, Óleo e Vinagre</a>
                                    <span class="iconCategory arrow-mobile RD_Desplegar2"></span>
            
                        <ul class="grandchild-menu">
                            <li>
                                <div class="back-to-category">
                                    <button class="back responsivo responsivo-tablet"></button>
                                        <span>Azeite, Óleo e Vinagre</span>
                                </div>
                            </li>
                            <li class="go-to-category-child">
                                <a href="#">Ver Azeite, Óleo e Vinagre</a>
                            </li>
                                <span class="shop-by-cat-text">Comprar por categor&iacute;as</span>
                            <li>
                                <a href="#">Azeite</a>
                            </li>
                            <li>
                                <a href="#">Óleo Alimentar</a>
                            </li>
                            <li>
                                <a href="#">Vinagre</a>
                            </li>
                        </ul>
                            </li>
                            <li>
                                <a href="#">Conservas</a>
                                    <span class="iconCategory arrow-mobile RD_Desplegar2"></span>
            
                        <ul class="grandchild-menu">
                            <li>
                                <div class="back-to-category">
                                    <button class="back responsivo responsivo-tablet"></button>
                                        <span>Conservas</span>
                                </div>
                            </li>
                            <li class="go-to-category-child">
                                <a href="#">Ver Conservas</a>
                            </li>
                                <span class="shop-by-cat-text">Comprar por categor&iacute;as</span>
                            <li>
                                <a href="#">Atum</a>
                            </li>
                            <li>
                                <a href="#">Sardinha, Cavala, Lulas…</a>
                            </li>
                            <li>
                                <a href="#">Salsichas</a>
                            </li>
                            <li>
                                <a href="#">Patês</a>
                            </li>
                            <li>
                                <a href="#">Tomate Polpa, Pelado e Seco</a>
                            </li>
                            <li>
                                <a href="#">Feijão e Grão de Bico</a>
                            </li>
                            <li>
                                <a href="#">Cogumelos, Milho, Ervilhas…</a>
                            </li>
                            <li>
                                <a href="#">Azeitonas e Tremoços</a>
                            </li>
                            <li>
                                <a href="#">Polpas e Frutas em Calda</a>
                            </li>
                            <li>
                                <a href="#">Refeições</a>
                            </li>
                        </ul>
                            </li>
                            <li>
                                <a href="#">Molhos, Tempero e Sal</a>
                                    <span class="iconCategory arrow-mobile RD_Desplegar2"></span>
            
                        <ul class="grandchild-menu">
                            <li>
                                <div class="back-to-category">
                                    <button class="back responsivo responsivo-tablet"></button>
                                        <span>Molhos, Tempero e Sal</span>
                                </div>
                            </li>
                            <li class="go-to-category-child">
                                <a href="#">Ver Molhos, Tempero e Sal</a>
                            </li>
                                <span class="shop-by-cat-text">Comprar por categor&iacute;as</span>
                            <li>
                                <a href="#">Molhos</a>
                            </li>
                            <li>
                                <a href="#">Maionese, Ketchup e Mostarda</a>
                            </li>
                            <li>
                                <a href="#">Especiarias e Ervas Aromáticas</a>
                            </li>
                            <li>
                                <a href="#">Caldos</a>
                            </li>
                            <li>
                                <a href="#">Sal</a>
                            </li>
                        </ul>
                            </li>
            
                            <li>
                                <a href="#">Snacks e Batatas Fritas</a>
                                    <span class="iconCategory arrow-mobile RD_Desplegar2"></span>
            
                        <ul class="grandchild-menu">
                            <li>
                                <div class="back-to-category">
                                    <button class="back responsivo responsivo-tablet"></button>
                                        <span>Snacks e Batatas Fritas</span>
                                </div>
                            </li>
                            <li class="go-to-category-child">
                                <a href="#">Ver Snacks e Batatas Fritas</a>
                            </li>
                                <span class="shop-by-cat-text">Comprar por categor&iacute;as</span>
                            <li>
                                <a href="#">Batatas Fritas</a>
                            </li>
                            <li>
                                <a href="#">Aperitivos e Snacks</a>
                            </li>
                            <li>
                                <a href="#">Frutos Secos, Desidratados e Sementes</a>
                            </li>
                            <li>
                                <a href="#">Barras de Cereais</a>
                            </li>
                            <li>
                                <a href="#">Pipocas</a>
                            </li>
                            <li>
                                <a href="#">Saquetas e Purés de Fruta</a>
                            </li>
                        </ul>
                    </li>
            
                            <li>
                                <a href="#">Compotas, Cremes e Mel</a>
                                    <span class="iconCategory arrow-mobile RD_Desplegar2"></span>
            
                        <ul class="grandchild-menu">
                            <li>
                                <div class="back-to-category">
                                    <button class="back responsivo responsivo-tablet"></button>
                                        <span>Compotas, Cremes e Mel</span>
                                </div>
                            </li>
                            <li class="go-to-category-child">
                                <a href="#">Ver Compotas, Cremes e Mel</a>
                            </li>
                                <span class="shop-by-cat-text">Comprar por categor&iacute;as</span>
                            <li>
                                <a href="#">Doces e Compotas</a>
                            </li>
                            <li>
                                <a href="#">Nutella e Cremes de Barrar</a>
                            </li>
                            <li>
                                <a href="#">Mel</a>
                            </li>
                            <li>
                                <a href="#">Marmeladas e Goiabadas</a>
                            </li>
                        </ul>
                            </li>
                            <li>
                                <a href="#">Açúcar e Sobremesas</a>
                                    <span class="iconCategory arrow-mobile RD_Desplegar2"></span>
            
                        <ul class="grandchild-menu">
                            <li>
                                <div class="back-to-category">
                                    <button class="back responsivo responsivo-tablet"></button>
                                        <span>Açúcar e Sobremesas</span>
                                </div>
                            </li>
                            <li class="go-to-category-child">
                                <a href="#">Ver Açúcar e Sobremesas</a>
                            </li>
                                <span class="shop-by-cat-text">Comprar por categor&iacute;as</span>
                            <li>
                                <a href="#">Açúcar e Adoçante</a>
                            </li>
                            <li>
                                <a href="#">Cacau e Chocolates de Culinária</a>
                            </li>
                            <li>
                                <a href="#">Gelatinas e Pudins</a>
                            </li>
                            <li>
                                <a href="#">Leite Condensado e Leite de Coco</a>
                            </li>
                            <li>
                                <a href="#">Preparados para Mousses e Bolos</a>
                            </li>
                            <li>
                                <a href="#">Aromas e Toppings</a>
                            </li>
                            <li>
                                <a href="#">Fermento</a>
                            </li>
                        </ul>
                            </li>
                            <li>
                                <a href="#">Sopas e Refeições</a>
                                    <span class="iconCategory arrow-mobile RD_Desplegar2"></span>
            
                        <ul class="grandchild-menu">
                            <li>
                                <div class="back-to-category">
                                    <button class="back responsivo responsivo-tablet"></button>
                                        <span>Sopas e Refeições</span>
                                </div>
                            </li>
                            <li class="go-to-category-child">
                                <a href="#">Ver Sopas e Refeições</a>
                            </li>
                                <span class="shop-by-cat-text">Comprar por categor&iacute;as</span>
                            <li>
                                <a href="#">Sopas</a>
                            </li>
                            <li>
                                <a href="#">Refeições</a>
                            </li>
                            <li>
                                <a href="#">Cozinha do Mundo</a>
                            </li>
                        </ul>
                            </li>
                            <li>
                                <a href="#">Alimentação Infantil</a>
                                    <span class="iconCategory arrow-mobile RD_Desplegar2"></span>
            
                        <ul class="grandchild-menu">
                            <li>
                                <div class="back-to-category">
                                    <button class="back responsivo responsivo-tablet"></button>
                                        <span>Alimentação Infantil</span>
                                </div>
                            </li>
                            <li class="go-to-category-child">
                                <a href="#">Ver Alimentação Infantil</a>
                            </li>
                                <span class="shop-by-cat-text">Comprar por categor&iacute;as</span>
                            <li>
                                <a href="#">Boiões, Saquetas e Puré de Fruta</a>
                            </li>
                            <li>
                                <a href="#">Refeições</a>
                            </li>
                            <li>
                                <a href="#">Alimentos Lácteos</a>
                            </li>
                            <li>
                                <a href="#">Leites Infantis</a>
                            </li>
                            <li>
                                <a href="#">Papas Infantis</a>
                            </li>
                            <li>
                                <a href="#">Snacks e Bolachinhas</a>
                            </li>
                        </ul>
                    </li>
                </ul>
                        </div>
                    </li>
            
                            <li>
                                <img class="hot" src="https://img.icons8.com/ios/50/000000/jamon.png"/>
                                    <button class="btn-main-category">Charcutaria</button>
                                        <div class="child-menu child-menu-bebidas">
                                            <div class="back-to-category">
                                                <button class="back responsivo responsivo-tablet"></button>
                                                    <span>Charcutaria</span>
                                            </div>
                                            <div class="category-link">
                                                <span class="iconCategory bebidas"></span>
                                                    <a href="/compra-online/bebidas/cf" class="go-to-category">Ver todos</a>
                                            </div>
                                                <span class="shop-by-cat-text">Comprar por categor&iacute;as</span>
            
                        <ul class="child-menu-container">
                            <li>
                                <a href="#">Fiambre, Mortadela e Salame</a>
                            </li>
                            <li>
                                <a href="#">Presunto</a>
                            </li>
                            <li>
                                <a href="#">Bacon e Fumados</a>
                            </li>
                            <li>
                                <a href="#">Alheira e Farinheira</a>
                            </li>
                            <li>
                                <a href="#">Chouriço e Morcela</a>
                            </li>
                            <li>
                                <a href="#">Salpicão, Paio e Fuet</a>
                            </li>
                            <li>
                                <a href="#">Salsichas e Linguiças</a>
                            </li>
                        </ul>
                    </div>
                </li>
            
                            <li>
                                <img class="hot" src="https://img.icons8.com/ios-filled/50/000000/steak-rare.png"/>
                                    <button class="btn-main-category">Talho</button>
                                        <div class="child-menu child-menu-mascotas">
                                            <div class="back-to-category">
                                                <button class="back responsivo responsivo-tablet"></button>
                                                    <span>Talho</span>
                                            </div>
                                            <div class="category-link">
                                                <span class="iconCategory mascotas"></span>
                                                    <a href="#" class="go-to-category">Ver todos</a>
                                            </div>
                                                <span class="shop-by-cat-text">Comprar por categor&iacute;as</span>
            
                        <ul class="child-menu-container">
                            <li>
                                <a href="#">Novilho, Vitela e Vitelão</a>
                            </li>
                            <li>
                                <a href="#">Frango e Peru</a>
                            </li>
                            <li>
                                <a href="#">Porco</a>
                            </li>
                            <li>
                                <a href="#">Pato e Coelho</a>
                            </li>
                            <li>
                                <a href="#">Cabrito e Borrego</a>
                            </li>
                            <li>
                                <a href="#">Pronto a Cozinhar</a>
                            </li>
                            <li>
                                <a href="#">Cortes do Mundo</a>
                            </li>
                            <li>
                                <a href="#">Cortado Especialmente para Si</a>
                            </li>
                            <li>
                                <a href="#">Carne Congelada</a>
                            </li>
                        </ul>
            
                            <li>
                                <img class="hot" src="https://img.icons8.com/ios/50/000000/fish--v1.png"/>
                                    <button class="btn-main-category">Peixaria</button>
                                        <div class="child-menu child-menu-bodega">
                                            <div class="back-to-category">
                                                <button class="back responsivo responsivo-tablet"></button>
                                                    <span>Peixaria</span>
                                            </div>
                                            <div class="category-link">
                                                <span class="iconCategory bodega"></span>
                                                    <a href="#" class="go-to-category">Ver todos</a>
                                            </div>
                                                <span class="shop-by-cat-text">Comprar por categor&iacute;as</span>
            
                        <ul class="child-menu-container">
                            <li>
                                <a href="#">Peixe Fresco</a>
                            </li>
                            <li>
                                <a href="#">Peixe Congelado</a>
                            </li>
                            <li>
                                <a href="#">Filetes, Lombos e Postas</a>
                            </li>
                            <li>
                                <a href="#">Bacalhau</a>
                            </li>
                            <li>
                                <a href="#">Polvo, Lulas e Chocos</a>
                            </li>
                            <li>
                                <a href="#">Camarão</a>
                            </li>
                            <li>
                                <a href="#">Mariscos</a>
                            </li>
                            <li>
                                <a href="#">Salmão Fumado e Especialidades</a>
                            </li>
                        </ul>
                    </div>
                </li>
            
                            <li>
                                <img class="hot" src="https://img.icons8.com/external-photo3ideastudio-lineal-photo3ideastudio/64/000000/external-fruits-restaurant-photo3ideastudio-lineal-photo3ideastudio.png"/>
                                    <button class="btn-main-category">Frutas e Legumes</button>
                                        <div class="child-menu child-menu-congelados">
                                            <div class="back-to-category">
                                                <button class="back responsivo responsivo-tablet"></button>
                                                    <span>Frutas e Legumes</span>
                                            </div>
                                            <div class="category-link">
                                                <span class="iconCategory congelados"></span>
                                                    <a href="#" class="go-to-category">Ver todos</a>
                                            </div>
                                                <span class="shop-by-cat-text">Comprar por categor&iacute;as</span>
            
                        <ul class="child-menu-container">
                            <li>
                                <a href="#">Frutas</a>
                                <span class="iconCategory arrow-mobile RD_Desplegar2"></span>
            
                        <ul class="grandchild-menu">
                            <li>
                                <div class="back-to-category">
                                    <button class="back responsivo responsivo-tablet"></button>
                                        <span>Frutas</span>
                                </div>
                            </li>
                            <li class="go-to-category-child">
                                <a href="#">Ver Frutas</a>
                            </li>
                                <span class="shop-by-cat-text">Comprar por categor&iacute;as</span>
                            <li>
                                <a href="#">Banana, Maçã e Pera</a>
                            </li>
                            <li>
                                <a href="#">Laranja, Clementina e Limão</a>
                            </li>
                            <li>
                                <a href="#">Melancia, Melão e Meloa</a>
                            </li>
                            <li>
                                <a href="#">Pêssego, Ameixa e Kiwi</a>
                            </li>
                            <li>
                                <a href="#">Morango e Frutos Vermelhos</a>
                            </li>
                            <li>
                                <a href="#">Uvas e Tropicais</a>
                            </li>
                            <li>
                                <a href="#">Congeladas</a>
                            </li>
                        </ul>
                    </li>
                            <li>
                                <a href="#">Legumes</a>
                                    <span class="iconCategory arrow-mobile RD_Desplegar2"></span>
            
                        <ul class="grandchild-menu">
                            <li>
                                <div class="back-to-category">
                                    <button class="back responsivo responsivo-tablet"></button>
                                        <span>Legumes</span>
                                </div>
                            </li>
                            <li class="go-to-category-child">
                                <a href="#">Ver Legumes</a>
                            </li>
                                <span class="shop-by-cat-text">Comprar por categor&iacute;as</span>
                            <li>
                                <a href="#">Batata, Batata Doce e Mandioca</a>
                            </li>
                            <li>
                                <a href="#">Cebola, Alho e Nabo</a>
                            </li>
                            <li>
                                <a href="#">Cenoura, Abóbora e Beterraba</a>
                            </li>
                            <li>
                                <a href="#">Curgete, Beringela e Feijão Verde</a>
                            </li>
                            <li>
                                <a href="#">Couves, Brócolos e Espinafres</a>
                            </li>
                            <li>
                                <a href="#">Alface, Tomate, Pepino e Pimento</a>
                            </li>
                            <li>
                                <a href="#">Saladas, Sopas e Salteados</a>
                            </li>
                            <li>
                                <a href="#">Cogumelos, Espargos e Exóticos</a>
                            </li>
                            <li>
                                <a href="#">Congelados</a>
                            </li>
                        </ul>
                    </li>
                            <li>
                                <a href="#">Frutas e Legumes Biológicos</a>
                            </li>
                            <li>
                                <a href="#">Cabazes de Frutas e Legumes</a>
                            </li>
            
                            <li>
                                <a href="#">Sumos Naturais</a>
                                    <span class="iconCategory arrow-mobile RD_Desplegar2"></span>
            
                        <ul class="grandchild-menu">
                            <li>
                                <div class="back-to-category">
                                    <button class="back responsivo responsivo-tablet"></button>
                                        <span>Sumos Naturais</span>
                                </div>
                            </li>
                            <li class="go-to-category-child">
                                <a href="#">Ver Sumos Naturais</a>
                            </li>
                                <span class="shop-by-cat-text">Comprar por categor&iacute;as</span>
                            <li>
                                <a href="#">Sumos Espremidos no Momento</a>
                            </li>
                        </ul>
                    </li>
                            <li>
                                <a href="#">Frutos Secos, Desidratados e Sementes</a>
                            </li>      
                            <li>
                                <a href="#">Tremoços e Azeitonas</a>
                            </li>
                            <li>
                                <a href="#">Ervas Aromáticas e Especiarias</a>
                            </li> 
                        </ul>
                    </div>
                </li>
            
                            <li>
                                <img class="hot" src="https://img.icons8.com/ios-filled/50/000000/cooling.png"/>
                                    <button class="btn-main-category">Congelados</button>
                                        <div class="child-menu child-menu-cuidado-personal">
                                            <div class="back-to-category">
                                                <button class="back responsivo responsivo-tablet"></button>
                                                    <span>Congelados</span>
                                            </div>
                                            <div class="category-link">
                                                <span class="iconCategory cuidado-personal"></span>
                                                    <a href="#" class="go-to-category">Ver todos</a>
                                            </div>
                                                <span class="shop-by-cat-text">Comprar por categor&iacute;as</span>
            
                        <ul class="child-menu-container">
                            <li>
                                <a href="#">Gelados</a>
                                    <span class="iconCategory arrow-mobile RD_Desplegar2"></span>
            
                        <ul class="grandchild-menu">
                            <li>
                                <div class="back-to-category">
                                    <button class="back responsivo responsivo-tablet"></button>
                                        <span>Gelados</span>
                                </div>
                            </li>
                            <li class="go-to-category-child">
                                <a href="#">Ver Gelados</a>
                            </li>
                                <span class="shop-by-cat-text">Comprar por categor&iacute;as</span>
                            <li>
                                <a href="#">Gelados Familiares</a>
                            </li>
                            <li>
                                <a href="#">Gelados Multipacks</a>
                            </li>
                            <li>
                                <a href="#">Gelados Americanos</a>
                            </li>
                            <li>
                                <a href="#">Tartes Geladas e Viennettas</a>
                            </li>
                        </ul>
                    </li>
            
                            <li>
                                <a href="#">Frutas e Legumes</a>
                                    <span class="iconCategory arrow-mobile RD_Desplegar2"></span>
                        <ul class="grandchild-menu">
                            <li>
                                <div class="back-to-category">
                                    <button class="back responsivo responsivo-tablet"></button>
                                        <span>Frutas e Legumes</span>
                                </div>
                            </li>
                            <li class="go-to-category-child">
                                <a href="#">Ver Frutas e Legumes</a>
                            </li>
                                <span class="shop-by-cat-text">Comprar por categor&iacute;as</span>
                            <li>
                                <a href="#">Frutas Congeladas</a>
                            </li>
                            <li>
                                <a href="#">Batatas Congeladas</a>
                            </li>
                            <li>
                                <a href="#">Legumes Congelados</a>
                            </li>
                            <li>
                                <a href="#">Misturas de Legumes Congelados</a>
                            </li>
                        </ul>
                    </li>
                            <li>
                                <a href="#">Salgados e Aperitivos</a>
                            </li>
                            <li>
                                <a href="#">Pizzas</a>
                            </li>
                        
                            <li>
                                <a href="#">Douradinhos e Nuggets</a>
                                    <span class="iconCategory arrow-mobile RD_Desplegar2"></span>
            
                        <ul class="grandchild-menu">
                            <li>
                                <div class="back-to-category">
                                    <button class="back responsivo responsivo-tablet"></button>
                                        <span>Douradinhos e Nuggets</span>
                                </div>
                            </li>
                            <li class="go-to-category-child">
                                <a href="#">Ver todos</a>
                            </li>
                                <span class="shop-by-cat-text">Comprar por categor&iacute;as</span>
                            <li>
                                <a href="#">Douradinhos e Barrinhas</a>
                            </li>
                            <li>
                                <a href="#">Crocantes e Filetes</a>
                            </li>
                            <li>
                                <a href="#">Nuggets e Panados</a>
                            </li>
                        </ul>
            
                            <li>
                                <a href="#">Hambúrgueres e Refeições</a>
                                    <span class="iconCategory arrow-mobile RD_Desplegar2"></span>
            
                        <ul class="grandchild-menu">
                            <li>
                                <div class="back-to-category">
                                    <button class="back responsivo responsivo-tablet"></button>
                                        <span>Hambúrgueres e Refeições</span>
                                </div>
                            </li>
                            <li class="go-to-category-child">
                                <a href="#">Ver Hambúrgueres e Refeições</a>
                            </li>
                                <span class="shop-by-cat-text">Comprar por categor&iacute;as</span>
                            <li>
                                <a href="#">Hambúrgueres</a>
                            </li>
                            <li>
                                <a href="#">Refeições</a>
                            </li>
                            <li>
                                <a href="#">Refeições Vegetarianas</a>
                            </li>
                        </ul>
            
                            <li>
                                <a href="#">Peixe e Marisco Congelado</a>
                                    <span class="iconCategory arrow-mobile RD_Desplegar2"></span>
            
                        <ul class="grandchild-menu">
                            <li>
                                <div class="back-to-category">
                                    <button class="back responsivo responsivo-tablet"></button>
                                        <span>Peixe e Marisco Congelado</span>
                                </div>
                            </li>
                            <li class="go-to-category-child">
                                <a href="#">Ver Peixe e Marisco Congelado</a>
                            </li>
                                <span class="shop-by-cat-text">Comprar por categor&iacute;as</span>
                            <li>
                                <a href="#">Peixe Congelado</a>
                            </li>
                            <li>
                                <a href="#">Marisco Congelado</a>
                            </li>
                            <li>
                                <a href="#">Bacalhau Congelado</a>
                            </li>
                            <li>
                                <a href="#">Polvo, Lulas e Chocos Congelados</a>
                            </li>
                        </ul>
                            <li>
                                <a href="#">Carne Congelada</a>
                            </li>
                            <li>
                                <a href="#">Sobremesas</a>
                                    <span class="iconCategory arrow-mobile RD_Desplegar2"></span>
            
                        <ul class="grandchild-menu">
                            <li>
                                <div class="back-to-category">
                                    <button class="back responsivo responsivo-tablet"></button>
                                        <span>Sobremesas</span>
                                </div>
                            </li>
                            <li class="go-to-category-child">
                                <a href="#">Ver Sobremesas</a>
                            </li>
                                <span class="shop-by-cat-text">Comprar por categor&iacute;as</span>
                            <li>
                                <a href="#">Bolos Congelados</a>
                            </li>
                            <li>
                                <a href="#">Crepes e Petit Gâteau</a>
                            </li>
                            <li>
                                <a href="#">Tartes Geladas e Viennettas</a>
                            </li>
                        </ul>
                    </div>
                </li>
            
                            <li>
                                <img class="hot" src="https://img.icons8.com/external-smashingstocks-mixed-smashing-stocks/68/000000/external-dairy-products-farming-smashingstocks-mixed-smashing-stocks.png"/>
                                    <button class="btn-main-category">Lacticínios e Ovos</button>
                                        <div class="child-menu child-menu-bebe">
                                            <div class="back-to-category">
                                                <button class="back responsivo responsivo-tablet"></button>
                                                    <span>Lacticínios e Ovos</span>
                                            </div>
                                            <div class="category-link">
                                                <span class="iconCategory bebe"></span>
                                                    <a href="#" class="go-to-category">Ver todos</a>
                                            </div>
                                                <span class="shop-by-cat-text">Comprar por categor&iacute;as</span>
            
                        <ul class="child-menu-container">
                            <li>
                                <a href="#">Leite</a>
                                    <span class="iconCategory arrow-mobile RD_Desplegar2"></span>
                
                        <ul class="grandchild-menu">
                            <li>
                                <div class="back-to-category">
                                    <button class="back responsivo responsivo-tablet"></button>
                                        <span>Leite</span>
                                </div>
                            </li>
                            <li class="go-to-category-child">
                                <a href="#">Ver todos</a>
                            </li>
                                <span class="shop-by-cat-text">Comprar por categor&iacute;as</span>
                            <li>
                                <a href="#">Leite Magro</a>
                            </li>
                            <li>
                                <a href="#">Leite Meio Gordo</a>
                            </li>
                            <li>
                                <a href="#">Leite Gordo</a>
                            </li>
                            <li>
                                <a href="#">Leite Achocolatado e Aromatizado</a>
                            </li>
                            <li>
                                <a href="#">Leites Infantis</a>
                            </li>
                            <li>
                                <a href="#">Leite sem Lactose</a>
                            </li>
                        </ul>
                            </li>
                            <li>
                                <a href="#">Iogurtes</a>
                                    <span class="iconCategory arrow-mobile RD_Desplegar2"></span>
                
                        <ul class="grandchild-menu">
                            <li>
                                <div class="back-to-category">
                                    <button class="back responsivo responsivo-tablet"></button>
                                        <span>Iogurtes</span>
                                </div>
                            </li>
                            <li class="go-to-category-child">
                                <a href="#">Ver Iogurtes</a>
                            </li>
                                <span class="shop-by-cat-text">Comprar por categor&iacute;as</span>
                            <li>
                                <a href="#">Iogurtes Líquidos</a>
                            </li>
                            <li>
                                <a href="#">Iogurtes Aromas e Naturais</a>
                            </li>
                            <li>
                                <a href="#">Iogurtes Magros</a>
                            </li>
                            <li>
                                <a href="#">Iogurtes Bifidus</a>
                            </li>
                            <li>
                                <a href="#">Iogurtes Proteína</a>
                            </li>
                            <li>
                                <a href="#">Iogurtes Pedaços</a>
                            </li>
                            <li>
                                <a href="#">Iogurtes Gregos</a>
                            </li>
                            <li>
                                <a href="#">Iogurtes Infantis</a>
                            </li>
                            <li>
                                <a href="#">Iogurtes sem Lactose</a>
                            </li>
                            <li>
                                <a href="#">Vegegurtes e Yofu</a>
                            </li>
                        </ul>
                    </li>
                            <li>
                                <a href="#">Manteigas e Cremes para Barrar</a>
                                    <span class="iconCategory arrow-mobile RD_Desplegar2"></span>
                
                        <ul class="grandchild-menu">
                            <li>
                                <div class="back-to-category">
                                    <button class="back responsivo responsivo-tablet"></button>
                                        <span>Manteigas e Cremes para Barrar</span>
                                </div>
                            </li>
                            <li class="go-to-category-child">
                                <a href="#">Ver Manteigas e Cremes para Barrar</a>
                            </li>
                                <span class="shop-by-cat-text">Comprar por categor&iacute;as</span>
                            <li>
                                <a href="#">Manteigas</a>
                            </li>
                            <li>
                                <a href="#">Cremes para Barrar</a>
                            </li>
                            <li>
                                <a href="#">Cremes Culinários</a>
                            </li>
                        </ul>
                    </li>
                            <li>
                                <a href="#">Natas e Bechamel</a>
                                    <span class="iconCategory arrow-mobile RD_Desplegar2"></span>
                
                        <ul class="grandchild-menu">
                            <li>
                                <div class="back-to-category">
                                    <button class="back responsivo responsivo-tablet"></button>
                                        <span>Natas e Bechamel</span>
                                </div>
                            </li>
                            <li class="go-to-category-child">
                                <a href="#">Ver Natas e Bechamel</a>
                            </li>
                                <span class="shop-by-cat-text">Comprar por categor&iacute;as</span>
                            <li>
                                <a href="#">Natas Frescas e para Bater</a>
                            </li>
                            <li>
                                <a href="#">Natas Culinária</a>
                            </li>
                            <li>
                                <a href="#">Cremes Vegetais</a>
                            </li>
                            <li>
                                <a href="#">Molho Bechamel</a>
                            </li>
                            <li>
                                <a href="#">Chantilly</a>
                            </li>
                        </ul>
                    </li>
                            <li>
                                <a href="#">Bebidas Vegetais</a>
                                    <span class="iconCategory arrow-mobile RD_Desplegar2"></span>
                
                        <ul class="grandchild-menu">
                            <li>
                                <div class="back-to-category">
                                    <button class="back responsivo responsivo-tablet"></button>
                                        <span>Bebidas Vegetais</span>
                                </div>
                            </li>
                            <li class="go-to-category-child">
                                <a href="#">Ver Bebidas Vegetais</a>
                            </li>
                                <span class="shop-by-cat-text">Comprar por categor&iacute;as</span>
                            <li>
                                <a href="#">Bebida Soja</a>
                            </li>
                            <li>
                                <a href="#">Bebida Aveia</a>
                            </li>
                            <li>
                                <a href="#">Bebida Amêndoa</a>
                            </li>
                            <li>
                                <a href="#">Bebida Arroz</a>
                            </li>
                            <li>
                                <a href="#">Outras Bebidas Vegetais</a>
                            </li>
                        </ul>
                    </li>
                
                            <li>
                                <a href="#">Sobremesas</a>
                                    <span class="iconCategory arrow-mobile RD_Desplegar2"></span>
                
                        <ul class="grandchild-menu">
                            <li>
                                <div class="back-to-category">
                                    <button class="back responsivo responsivo-tablet"></button>
                                        <span>Sobremesas</span>
                                </div>
                            </li>
                            <li class="go-to-category-child">
                                <a href="#">Ver Sobremesas</a>
                            </li>
                                <span class="shop-by-cat-text">Comprar por categor&iacute;as</span>
                            <li>
                                <a href="#">Gelatinas</a>
                            </li>
                            <li>
                                <a href="#">Mousses e Pudins</a>
                            </li>
                        </ul>
                    </li>
                
                            <li>
                                <a href="#">Queijos</a>
                                    <span class="iconCategory arrow-mobile RD_Desplegar2"></span>
                
                        <ul class="grandchild-menu">
                            <li>
                                <div class="back-to-category">
                                    <button class="back responsivo responsivo-tablet"></button>
                                        <span>Queijos</span>
                                </div>
                            </li>
                            <li class="go-to-category-child">
                                <a href="#">Ver Queijos</a>
                            </li>
                                <span class="shop-by-cat-text">Comprar por categor&iacute;as</span>
                            <li>
                                <a href="#">Fatiado</a>
                            </li>
                            <li>
                                <a href="#">Bola, Metades e Quartos</a>
                            </li>
                            <li>
                                <a href="#">Ralado</a>
                            </li>
                            <li>
                                <a href="#">Fresco, Requeijão e Mozzarella</a>
                            </li>
                            <li>
                                <a href="#">Barrar</a>
                            </li>
                            <li>
                                <a href="#">Amanteigado</a>
                            </li>
                            <li>
                                <a href="#">Curado</a>
                            </li>
                            <li>
                                <a href="#">Queijos do Mundo</a>
                            </li>
                            <li>
                                <a href="#">Snacks</a>
                            </li>
                        </ul>
                            <li>
                                <a href="#">Ovos</a>
                                    <span class="iconCategory arrow-mobile RD_Desplegar2"></span>
            
                        <ul class="grandchild-menu">
                            <li>
                                <div class="back-to-category">
                                    <button class="back responsivo responsivo-tablet"></button>
                                        <span>Ovos</span>
                                </div>
                            </li>
                            <li class="go-to-category-child">
                                <a href="#">Ver Ovos</a>
                            </li>
                                <span class="shop-by-cat-text">Comprar por categor&iacute;as</span>
                            <li>
                                <a href="#">Ovos de Galinhas Biológicas</a>
                            </li>
                            <li>
                                <a href="#">Ovos de Galinhas Criadas ao Ar Livre</a>
                            </li>
                            <li>
                                <a href="#">Ovos de Galinhas Criadas no Solo</a>
                            </li>
                            <li>
                                <a href="#">Ovos de Galinhas de Gaiola</a>
                            </li>
                            <li>
                                <a href="#">Ovos de Codorniz</a>
                            </li>
                            <li>
                                <a href="#">Claras de Ovos</a>
                            </li>
                        </ul>
                    </div>
                </li>
            
                            <li>
                                <img class="hot" src="https://img.icons8.com/pastel-glyph/64/000000/energy-sport-drink.png"/>
                                    <button class="btn-main-category">Bebidas</button>
                                        <div class="child-menu child-menu-cuidado-del-hogar">
                                            <div class="back-to-category">
                                                <button class="back responsivo responsivo-tablet"></button>
                                                <span>Bebidas</span>
                                            </div>
                                            <div class="category-link">
                                                <span class="iconCategory cuidado-del-hogar"></span>
                                                    <a href="#" class="go-to-category">Ver todos</a>
                                            </div>
                                                <span class="shop-by-cat-text">Comprar por categor&iacute;as</span>
            
                        <ul class="child-menu-container">
                            <li>
                                <a href="#">Vinho tinto</a>
                                    <span class="iconCategory arrow-mobile RD_Desplegar2"></span>
                
                        <ul class="grandchild-menu">
                            <li>
                                <div class="back-to-category">
                                    <button class="back responsivo responsivo-tablet"></button>
                                        <span>Vinho tinto</span>
                                </div>
                            </li>
                            <li class="go-to-category-child">
                                <a href="#">Ver Vinho tinto</a>
                            </li>
                                <span class="shop-by-cat-text">Comprar por categor&iacute;as</span>
                            <li>
                                <a href="#">Vinho tinto alentejano</a>
                            </li>
                            <li>
                                <a href="#">Vinho tinto corrente</a>
                            </li>
                            <li>
                                <a href="#">Vinho tinto dão e bairrada</a>
                            </li>
                            <li>
                                <a href="#">Vinho tinto douro</a>
                            </li>
                            <li>
                                <a href="#">Vinho tinto setúbal e tejo</a>
                            </li>
                        </ul>
                    </li>
                            <li>
                                <a href="#">Vinho branco</a>
                                    <span class="iconCategory arrow-mobile RD_Desplegar2"></span>
                
                        <ul class="grandchild-menu">
                            <li>
                                <div class="back-to-category">
                                    <button class="back responsivo responsivo-tablet"></button>
                                        <span>Vinho branco</span>
                                </div>
                            </li>
                            <li class="go-to-category-child">
                                <a href="#">Ver Vinho branco</a>
                            </li>
                                <span class="shop-by-cat-text">Comprar por categor&iacute;as</span>
                            <li>
                                <a href="#">Vinho branco alentejano</a>
                            </li>
                            <li>
                                <a href="#">Vinho branco corrente</a>
                            </li>
                            <li>
                                <a href="#">Vinho branco dão e beiras</a>
                            </li>
                            <li>
                                <a href="#">Vinho branco douro</a>
                            </li>
                            <li>
                                <a href="#">Vinho branco setúbal e tejo</a>
                            </li>
                        </ul>
                    </li>
                            <li>
                                <a href="#">Vinho verde</a>
                                    <span class="iconCategory arrow-mobile RD_Desplegar2"></span>
                
                        <ul class="grandchild-menu">
                            <li>
                                <div class="back-to-category">
                                    <button class="back responsivo responsivo-tablet"></button>
                                        <span>Vinho verde</span>
                                </div>
                            </li>
                            <li class="go-to-category-child">
                                <a href="#">Ver Vinho verde</a>
                            </li>
                                <span class="shop-by-cat-text">Comprar por categor&iacute;as</span>
                            <li>
                                <a href="#">Vinho verde tinto</a>
                            </li>
                            <li>
                                <a href="#">Vinho verde branco</a>
                            </li>
                            <li>
                                <a href="#">Vinho verde rosé</a>
                            </li>
                        </ul>
                            </li>
                            <li>
                                <a href="#">Vinho rosé</a>
                                    <span class="iconCategory arrow-mobile RD_Desplegar2"></span>
                
                        <ul class="grandchild-menu">
                            <li>
                                <div class="back-to-category">
                                    <button class="back responsivo responsivo-tablet"></button>
                                        <span>Vinho rosé</span>
                                </div>
                            </li>
                            <li class="go-to-category-child">
                                <a href="#">Ver Vinho rosé</a>
                            </li>
                                <span class="shop-by-cat-text">Comprar por categor&iacute;as</span>
                            <li>
                                <a href="#">Vinho rosé outros</a>
                            </li>
                            <li>
                                <a href="#">Vinho rosé corrente</a>
                            </li>
                        </ul>
                            </li>
                            <li>
                                <a href="#">Outros vinhos</a>
                                    <span class="iconCategory arrow-mobile RD_Desplegar2"></span>
                
                        <ul class="grandchild-menu">
                            <li>
                                <div class="back-to-category">
                                    <button class="back responsivo responsivo-tablet"></button>
                                        <span>Outros vinhos</span>
                                </div>
                            </li>
                            <li class="go-to-category-child">
                                <a href="#">Ver Outros vinhos</a>
                            </li>
                                <span class="shop-by-cat-text">Comprar por categor&iacute;as</span>
                            <li>
                                <a href="#">Aromatizantes</a>
                            </li>
                            <li>
                                <a href="#">Sangrias</a>
                            </li>
                        </ul>
                            </li>
                
                            <li>
                                <a href="#">Bebidas espirituosas e espumantes</a>
                                    <span class="iconCategory arrow-mobile RD_Desplegar2"></span>
                
                        <ul class="grandchild-menu">
                            <li>
                                <div class="back-to-category">
                                    <button class="back responsivo responsivo-tablet"></button>
                                        <span>Bebidas espirituosas e espumantes</span>
                                </div>
                            </li>
                            <li class="go-to-category-child">
                                <a href="#">Ver Bebidas espirituosas e espumantes</a>
                            </li>
                                <span class="shop-by-cat-text">Comprar por categor&iacute;as</span>
                            <li>
                                <a href="#">Outras bebidas espirituosas</a>
                            </li>
                            <li>
                                <a href="#">Vinho do porto e moscatel</a>
                            </li>
                            <li>
                                <a href="#">Espumantes</a>
                            </li>
                            <li>
                                <a href="#">Vodka e gin</a>
                            </li>
                            <li>
                                <a href="#">Whisky</a>
                            </li>
                            <li>
                                <a href="#">Licores</a>
                            </li>
                        </ul>
                    </li>
                
                            <li>
                                <a href="#">Cervejas e sidras</a>
                                    <span class="iconCategory arrow-mobile RD_Desplegar2"></span>
                
                        <ul class="grandchild-menu">
                            <li>
                                <div class="back-to-category">
                                    <button class="back responsivo responsivo-tablet"></button>
                                        <span>Cervejas e sidras</span>
                                </div>
                            </li>
                            <li class="go-to-category-child">
                                <a href="#">Ver Cervejas e sidras</a>
                            </li>
                                <span class="shop-by-cat-text">Comprar por categor&iacute;as</span>
                            <li>
                                <a href="#">Especiais</a>
                            </li>
                            <li>
                                <a href="#">Brancas com álcool</a>
                            </li>
                            <li>
                                <a href="#">Sem álcool</a>
                            </li>
                            <li>
                                <a href="#">Sidras</a>
                            </li>
                        </ul>
            
                            <li>
                                <a href="#">Águas</a>
                                    <span class="iconCategory arrow-mobile RD_Desplegar2"></span>
                
                        <ul class="grandchild-menu">
                            <li>
                                <div class="back-to-category">
                                    <button class="back responsivo responsivo-tablet"></button>
                                        <span>Águas</span>
                                </div>
                            </li>
                            <li class="go-to-category-child">
                                <a href="#">Ver Águas</a>
                            </li>
                                <span class="shop-by-cat-text">Comprar por categor&iacute;as</span>
                            <li>
                                <a href="#">Com gás</a>
                            </li>
                            <li>
                                <a href="#">Sem gás</a>
                            </li>
                        </ul>
            
                            <li>
                                <a href="#">Sumos e néctares</a>
                                    <span class="iconCategory arrow-mobile RD_Desplegar2"></span>
            
                        <ul class="grandchild-menu">
                            <li>
                                <div class="back-to-category">
                                    <button class="back responsivo responsivo-tablet"></button>
                                        <span>Sumos e néctares</span>
                                </div>
                            </li>
                            <li class="go-to-category-child">
                                <a href="#">Ver Sumos e néctares</a>
                            </li>
                                <span class="shop-by-cat-text">Comprar por categor&iacute;as</span>
                            <li>
                                <a href="#">Néctares e sumos 100%</a>
                            </li>
                            <li>
                                <a href="#">Sumos</a>
                            </li>
                            <li>
                                <a href="#">Sumos infantis</a>
                            </li>
                        </ul>
            
                            <li>
                                <a href="#">Refrigerantes</a>
                                    <span class="iconCategory arrow-mobile RD_Desplegar2"></span>
            
                        <ul class="grandchild-menu">
                            <li>
                                <div class="back-to-category">
                                    <button class="back responsivo responsivo-tablet"></button>
                                        <span>Refrigerantes</span>
                                </div>
                            </li>
                            <li class="go-to-category-child">
                                <a href="#">Ver Refrigerantes</a>
                            </li>
                                <span class="shop-by-cat-text">Comprar por categor&iacute;as</span>
                            <li>
                                <a href="#">Água tónica e ginger ale</a>
                            </li>
                            <li>
                                <a href="#">Bebidas isotónicas e energéticas</a>
                            </li>
                            <li>
                                <a href="#">Colas e lima-limão</a>
                            </li>
                            <li>
                                <a href="#">Ice teas</a>
                            </li>
                            <li>
                                <a href="#">Pós e concentrados para preparar</a>
                            </li>
                            <li>
                                <a href="#">Sumos com gás</a>
                            </li>
                            <li>
                                <a href="#">Sumos sem gás</a>
                            </li>
                        </ul>
                    </div>
                </li>
            
                            <li>
                                <img class="hot" src="https://img.icons8.com/ios/50/000000/shower-and-tub.png"/>
                                    <button class="btn-main-category">Higiene Beleza e Bem Estar</button>
                                        <div class="child-menu child-menu-mascotas">
                                            <div class="back-to-category">
                                                <button class="back responsivo responsivo-tablet"></button>
                                                    <span>Higiene Beleza e Bem Estar</span>
                                            </div>
                                            <div class="category-link">
                                                <span class="iconCategory mascotas"></span>
                                                    <a href="#" class="go-to-category">Higiene Beleza e Bem Estar - Ver todos</a>
                                            </div>
                                                <span class="shop-by-cat-text">Comprar por categor&iacute;as</span>
            
                        <ul class="child-menu-container">
                            <li>
                                <a href="#">Higiene oral</a>
                                    <span class="iconCategory arrow-mobile RD_Desplegar2"></span>
                
                        <ul class="grandchild-menu">
                            <li>
                                <div class="back-to-category">
                                    <button class="back responsivo responsivo-tablet"></button>
                                        <span>Higiene oral</span>
                                </div>
                            </li>
                            <li class="go-to-category-child">
                                <a href="#">Ver Higiene oral</a>
                            </li>
                                <span class="shop-by-cat-text">Comprar por categor&iacute;as</span>
                            <li>
                                <a href="#">Cuidados próteses</a>
                            </li>
                            <li>
                                <a href="#">Elixires</a>
                            </li>
                            <li>
                                <a href="#">Limpeza dentária</a>
                            </li>
                            <li>
                                <a href="#">Pastas de dentes</a>
                            </li>
                        </ul>
                    </li>
                            <li>
                                <a href="#">Higiene íntima</a>
                                    <span class="iconCategory arrow-mobile RD_Desplegar2"></span>
                
                        <ul class="grandchild-menu">
                            <li>
                                <div class="back-to-category">
                                    <button class="back responsivo responsivo-tablet"></button>
                                        <span>Higiene íntima</span>
                                </div>
                            </li>
                            <li class="go-to-category-child">
                                <a href="#">Ver Higiene íntima</a>
                            </li>
                                <span class="shop-by-cat-text">Comprar por categor&iacute;as</span>
                            <li>
                                <a href="#">Higiene</a>
                            </li>
                            <li>
                                <a href="#">Incontinência</a>
                            </li>
                            <li>
                                <a href="#">Pensos diários</a>
                            </li>
                            <li>
                                <a href="#">Pensos higiénicos</a>
                            </li>
                            <li>
                                <a href="#">Tampões</a>
                            </li>
                        </ul>
                    </li>
                            <li>
                                <a href="#">Higiene e cuidado corporal</a>
                                    <span class="iconCategory arrow-mobile RD_Desplegar2"></span>
                
                        <ul class="grandchild-menu">
                            <li>
                                <div class="back-to-category">
                                    <button class="back responsivo responsivo-tablet"></button>
                                        <span>Higiene e cuidado corporal</span>
                                </div>
                            </li>
                            <li class="go-to-category-child">
                                <a href="#">Ver Higiene e cuidado corporal</a>
                            </li>
                                <span class="shop-by-cat-text">Comprar por categor&iacute;as</span>
                            <li>
                                <a href="#">Produtos solares</a>
                            </li>
                            <li>
                                <a href="#">Gel de banho</a>
                            </li>
                            <li>
                                <a href="#">Hidratantes e loções corporais</a>
                            </li>
                        </ul>
                    </li>
                            <li>
                                <a href="#">Saúde</a>
                                    <span class="iconCategory arrow-mobile RD_Desplegar2"></span>
                
                        <ul class="grandchild-menu">
                            <li>
                                <div class="back-to-category">
                                    <button class="back responsivo responsivo-tablet"></button>
                                        <span>Saúde</span>
                                </div>
                            </li>
                            <li class="go-to-category-child">
                                <a href="#">Ver Saúde</a>
                            </li>
                                <span class="shop-by-cat-text">Comprar por categor&iacute;as</span>
                            <li>
                                <a href="#">Higiene sexual</a>
                            </li>
                            <li>
                                <a href="#">Primeiros socorros</a>
                            </li>
                        </ul>
                    </li>
                            <li>
                                <a href="#">Cuidado do cabelo</a>
                                    <span class="iconCategory arrow-mobile RD_Desplegar2"></span>
                
                        <ul class="grandchild-menu">
                            <li>
                                <div class="back-to-category">
                                    <button class="back responsivo responsivo-tablet"></button>
                                        <span>Cuidado do cabelo</span>
                                </div>
                            </li>
                            <li class="go-to-category-child">
                                <a href="#">Ver Cuidado do cabelo</a>
                            </li>
                                <span class="shop-by-cat-text">Comprar por categor&iacute;as</span>
                            <li>
                                <a href="#">Champôs</a>
                            </li>
                            <li>
                                <a href="#">Colorações</a>
                            </li>
                            <li>
                                <a href="#">Máscaras e condicionadores</a>
                            </li>
                            <li>
                                <a href="#">Styling</a>
                            </li>
                        </ul>
            
                            <li>
                                <a href="#">Cuidado e limpeza do rosto</a>
                                    <span class="iconCategory arrow-mobile RD_Desplegar2"></span>
            
                        <ul class="grandchild-menu">
                            <li>
                                <div class="back-to-category">
                                    <button class="back responsivo responsivo-tablet"></button>
                                        <span>Cuidado e limpeza do rosto</span>
                                </div>
                            </li>
                            <li class="go-to-category-child">
                                <a href="#">Ver Cuidado e limpeza do rosto</a>
                            </li>
                                <span class="shop-by-cat-text">Comprar por categor&iacute;as</span>
                            <li>
                                <a href="#">Cremes de rosto</a>
                            </li>
                            <li>
                                <a href="#">Limpeza facial</a>
                            </li>
                        </ul>
            
                            <li>
                                <a href="#">Desodorizantes</a>
                                    <span class="iconCategory arrow-mobile RD_Desplegar2"></span>
            
                        <ul class="grandchild-menu">
                            <li>
                                <div class="back-to-category">
                                    <button class="back responsivo responsivo-tablet"></button>
                                        <span>Desodorizantes</span>
                                </div>
                            </li>
                            <li class="go-to-category-child">
                                <a href="#">Ver Desodorizantes</a>
                            </li>
                                <span class="shop-by-cat-text">Comprar por categor&iacute;as</span>
                            <li>
                                <a href="#">Roll-on</a>
                            </li>
                            <li>
                                <a href="#">Spray</a>
                            </li>
                        </ul>
            
                            <li>
                                <a href="#">Cuidado mãos e pés</a>
                                    <span class="iconCategory arrow-mobile RD_Desplegar2"></span>
            
                        <ul class="grandchild-menu">
                            <li>
                                <div class="back-to-category">
                                    <button class="back responsivo responsivo-tablet"></button>
                                        <span>Cuidado mãos e pés</span>
                                </div>
                            </li>
                            <li class="go-to-category-child">
                                <a href="#">Ver Cuidado mãos e pés</a>
                            </li>
                                <span class="shop-by-cat-text">Comprar por categor&iacute;as</span>
                            <li>
                                <a href="#">Sabonetes líquidos</a>
                            </li>
                            <li>
                                <a href="#">Sabonetes sólidos</a>
                            </li>
                            <li>
                                <a href="#">Tratamento</a>
                            </li>
                        </ul>
            
                            <li>
                                <a href="#">Depilatórios</a>
                                    <span class="iconCategory arrow-mobile RD_Desplegar2"></span>
            
                        <ul class="grandchild-menu">
                            <li>
                                <div class="back-to-category">
                                    <button class="back responsivo responsivo-tablet"></button>
                                        <span>Depilatórios</span>
                                </div>
                            </li>
                            <li class="go-to-category-child">
                                <a href="#">Ver Depilatórios</a>
                            </li>
                                <span class="shop-by-cat-text">Comprar por categor&iacute;as</span>
                            <li>
                                <a href="#">Cremes e bandas depilatórias</a>
                            </li>
                            <li>
                                <a href="#">Lâminas e máquinas depilatórias</a>
                            </li>
                        </ul>
            
                            <li>
                                <a href="#">Homem</a>
                                    <span class="iconCategory arrow-mobile RD_Desplegar2"></span>
            
                        <ul class="grandchild-menu">
                            <li>
                                <div class="back-to-category">
                                    <button class="back responsivo responsivo-tablet"></button>
                                        <span>Homem</span>
                                </div>
                            </li>
                            <li class="go-to-category-child">
                                <a href="#">Ver Homem</a>
                            </li>
                                <span class="shop-by-cat-text">Comprar por categor&iacute;as</span>
                            <li>
                                <a href="#">Aftershave</a>
                            </li>
                            <li>
                                <a href="#">Desodorizantes</a>
                            </li>
                            <li>
                                <a href="#">Espuma e gel de barbear</a>
                            </li>
                            <li>
                                <a href="#">Gel banho e champôs</a>
                            </li>
                            <li>
                                <a href="#">Lâminas e máquinas de barbear</a>
                            </li>
                        </ul>
            
                            <li>
                                <a href="#">Papel higiénico e lenços</a>
                                    <span class="iconCategory arrow-mobile RD_Desplegar2"></span>
            
                        <ul class="grandchild-menu">
                            <li>
                                <div class="back-to-category">
                                    <button class="back responsivo responsivo-tablet"></button>
                                        <span>Papel higiénico e lenços</span>
                                </div>
                            </li>
                            <li class="go-to-category-child">
                                <a href="#">Ver Papel higiénico e lenços</a>
                            </li>
                                <span class="shop-by-cat-text">Comprar por categor&iacute;as</span>
                            <li>
                                <a href="#">Lenços de papel e toalhitas</a>
                            </li>
                            <li>
                                <a href="#">Papel higiénico</a>
                            </li>
                        </ul> 
                    </ul>
                </div>
            </li>
            
                            <li>
                                <img class="hot" src="https://img.icons8.com/external-bzzricon-outline-bzzricon-studio/64/000000/external-cleaning-labour-day-bzzricon-outline-bzzricon-outline-bzzricon-studio.png"/>
                                    <button class="btn-main-category">Limpeza e cuidado do lar</button>
                                        <div class="child-menu child-menu-mascotas">
                                            <div class="back-to-category">
                                                <button class="back responsivo responsivo-tablet"></button>
                                                    <span>Limpeza e cuidado do lar</span>
                                            </div>
                                            <div class="category-link">
                                                <span class="iconCategory mascotas"></span>
                                                    <a href="#" class="go-to-category">Limpeza e Cuidado do Lar - Ver todos</a>
                                            </div>
                                                <span class="shop-by-cat-text">Comprar por categor&iacute;as</span>
            
                        <ul class="child-menu-container">
                            <li>
                                <a href="#">Ambientadores e inseticidas</a>
                                    <span class="iconCategory arrow-mobile RD_Desplegar2"></span>
            
                        <ul class="grandchild-menu">
                            <li>
                                <div class="back-to-category">
                                    <button class="back responsivo responsivo-tablet"></button>
                                        <span>Ambientadores e inseticidas</span>
                                </div>
                            </li>
                            <li class="go-to-category-child">
                                <a href="#">Ver Ambientadores e inseticidas</a>
                            </li>
                                <span class="shop-by-cat-text">Comprar por categor&iacute;as</span>
                            <li>
                                <a href="#">Outros ambientadores</a>
                            </li>
                        </ul>
                            </li>
                            <li>
                                <a href="#">Automóveis</a>
                                    <span class="iconCategory arrow-mobile RD_Desplegar2"></span>
            
                        <ul class="grandchild-menu">
                            <li>
                                <div class="back-to-category">
                                    <button class="back responsivo responsivo-tablet"></button>
                                        <span>Automóveis</span>
                                </div>
                            </li>
                            <li class="go-to-category-child">
                                <a href="#">Ver Automóveis</a>
                            </li>
                                <span class="shop-by-cat-text">Comprar por categor&iacute;as</span>
                        </ul>
                            </li>
                            <li>
                                <a href="#">Calçado</a>
                                    <span class="iconCategory arrow-mobile RD_Desplegar2"></span>
            
                        <ul class="grandchild-menu">
                            <li>
                                <div class="back-to-category">
                                    <button class="back responsivo responsivo-tablet"></button>
                                        <span>Calçado</span>
                                </div>
                            </li>
                            <li class="go-to-category-child">
                                <a href="#">Ver Calçado</a>
                            </li>
                                <span class="shop-by-cat-text">Comprar por categor&iacute;as</span>
                            <li>
                                <a href="#">Calçado</a>
                            </li>
                        </ul>
                            </li>
                            <li>
                                <a href="#">Acessórios e utensílios para o lar</a>
                                    <span class="iconCategory arrow-mobile RD_Desplegar2"></span>
            
                        <ul class="grandchild-menu">
                            <li>
                                <div class="back-to-category">
                                    <button class="back responsivo responsivo-tablet"></button>
                                        <span>Acessórios e utensílios para o lar</span>
                                </div>
                            </li>
                            <li class="go-to-category-child">
                                <a href="#">Ver Acessórios e utensílios para o lar</a>
                            </li>
                                <span class="shop-by-cat-text">Comprar por categor&iacute;as</span>
                            <li>
                                <a href="#">Luvas</a>
                            </li>
                            <li>
                                <a href="#">Sacos para lixo</a>
                            </li>
                            <li>
                                <a href="#">Conservação e organização de alimentos</a>
                            </li>
                            <li>
                                <a href="#">Esfregonas</a>
                            </li>
                            <li>
                                <a href="#">Esfregões</a>
                            </li>
                            <li>
                                <a href="#">Outros acessórios e utensílios</a>
                            </li>
                            <li>
                                <a href="#">Panos</a>
                            </li>
                        </ul>
                            </li>
                            <li>
                                <a href="#">Aquecimento</a>
                                    <span class="iconCategory arrow-mobile RD_Desplegar2"></span>
            
                        <ul class="grandchild-menu">
                            <li>
                                <div class="back-to-category">
                                    <button class="back responsivo responsivo-tablet"></button>
                                        <span>Aquecimento</span>
                                </div>
                            </li>
                            <li class="go-to-category-child">
                                <a href="#">Ver Aquecimento</a>
                            </li>
                                <span class="shop-by-cat-text">Comprar por categor&iacute;as</span>
                            <li>
                                <a href="#">Acendalhas</a>
                            </li>
                        </ul>
            
                            <li>
                                <a href="#">Limpeza da casa</a>
                                    <span class="iconCategory arrow-mobile RD_Desplegar2"></span>
            
                        <ul class="grandchild-menu">
                            <li>
                                <div class="back-to-category">
                                    <button class="back responsivo responsivo-tablet"></button>
                                        <span>Limpeza da casa</span>
                                </div>
                            </li>
                            <li class="go-to-category-child">
                                <a href="#">Ver Limpeza da casa</a>
                            </li>
                                <span class="shop-by-cat-text">Comprar por categor&iacute;as</span>
                            <li>
                                <a href="#">Casa de banho</a>
                            </li>
                            <li>
                                <a href="#">Cozinha</a>
                            </li>
                            <li>
                                <a href="#">Limpeza geral</a>
                            </li>
                            <li>
                                <a href="#">Móveis e madeiras</a>
                            </li>
                            <li>
                                <a href="#">Vidros</a>
                            </li>
                        </ul>
            
                            <li>
                                <a href="#">Loiça</a>
                                    <span class="iconCategory arrow-mobile RD_Desplegar2"></span>
            
                        <ul class="grandchild-menu">
                            <li>
                                <div class="back-to-category">
                                    <button class="back responsivo responsivo-tablet"></button>
                                        <span>Loiça</span>
                                </div>
                            </li>
                            <li class="go-to-category-child">
                                <a href="#">Ver Loiça</a>
                            </li>
                                <span class="shop-by-cat-text">Comprar por categor&iacute;as</span>
                            <li>
                                <a href="#">Detergente manual loiça</a>
                            </li>
                            <li>
                                <a href="#">Máquina de lavar loiça</a>
                            </li>
                        </ul>
            
                            <li>
                                <a href="#">Roupa</a>
                                    <span class="iconCategory arrow-mobile RD_Desplegar2"></span>
            
                        <ul class="grandchild-menu">
                            <li>
                                <div class="back-to-category">
                                    <button class="back responsivo responsivo-tablet"></button>
                                        <span>Roupa</span>
                                </div>
                            </li>
                            <li class="go-to-category-child">
                                <a href="#">Ver Roupa</a>
                            </li>
                                <span class="shop-by-cat-text">Comprar por categor&iacute;as</span>
                            <li>
                                <a href="#">Amaciadores</a>
                            </li>
                            <li>
                                <a href="#">Complementos e lixivias</a>
                            </li>
                            <li>
                                <a href="#">Detergente manual roupa</a>
                            </li>
                            <li>
                                <a href="#">Detergente máquina cápsulas</a>
                            </li>
                            <li>
                                <a href="#">Detergente máquina líquido</a>
                            </li>
                            <li>
                                <a href="#">Detergente máquina pó</a>
                            </li>
                        </ul>
            
                            <li>
                                <a href="#">Papel</a>
                                    <span class="iconCategory arrow-mobile RD_Desplegar2"></span>
            
                        <ul class="grandchild-menu">
                            <li>
                                <div class="back-to-category">
                                    <button class="back responsivo responsivo-tablet"></button>
                                        <span>Papel</span>
                                </div>
                            </li>
                            <li class="go-to-category-child">
                                <a href="#">Ver Papel</a>
                            </li>
                                <span class="shop-by-cat-text">Comprar por categor&iacute;as</span>
                            <li>
                                <a href="#">Guardanapos</a>
                            </li>
                            <li>
                                <a href="#">Rolos de cozinha</a>
                            </li>
                        </ul>
                    </ul>
                </div>
            </li>
            
                            <li>
                                <img class="hot" src="https://img.icons8.com/ios/50/000000/pacifier.png"/>
                                    <button class="btn-main-category">Artigos de Bebé</button>
                                        <div class="child-menu child-menu-mascotas">
                                            <div class="back-to-category">
                                                <button class="back responsivo responsivo-tablet"></button>
                                                    <span>Artigos de Bebé</span>
                                            </div>
                                            <div class="category-link">
                                                <span class="iconCategory mascotas"></span>
                                                    <a href="#" class="go-to-category">Artigos de Bebé - Ver todos</a>
                                            </div>
                                                <span class="shop-by-cat-text">Comprar por categor&iacute;as</span>
            
                        <ul class="child-menu-container">
                            <li>
                                <a href="#">Leites Infantis</a>
                                    <span class="iconCategory arrow-mobile RD_Desplegar2"></span>
            
                        <ul class="grandchild-menu">
                            <li>
                                <div class="back-to-category">
                                    <button class="back responsivo responsivo-tablet"></button>
                                        <span>Leites Infantis</span>
                                </div>
                            </li>
                            <li class="go-to-category-child">
                                <a href="#">Ver Leites Infantis</a>
                            </li>
                                <span class="shop-by-cat-text">Comprar por categor&iacute;as</span>
                            <li>
                                <a href="#">Até 6 meses</a>
                            </li>
                            <li>
                                <a href="#">+ 6 meses</a>
                            </li>
                            <li>
                                <a href="#">+ 9 meses</a>
                            </li>
                            <li>
                                <a href="#">+ 12 meses</a>
                            </li>
                            <li>
                                <a href="#">+ 24 meses</a>
                            </li>
                            <li>
                                <a href="#">+ 3 anos</a>
                            </li>
                            <li>
                                <a href="#">Biberões, Tetinas e Escovilhões</a>
                            </li>
                        </ul>
                            </li>
            
                            <li>
                                <a href="#">Alimentação Infantil</a>
                                    <span class="iconCategory arrow-mobile RD_Desplegar2"></span>
                
                        <ul class="grandchild-menu">
                            <li>
                                <div class="back-to-category">
                                    <button class="back responsivo responsivo-tablet"></button>
                                        <span>Alimentação Infantil</span>
                                </div>
                            </li>
                            <li class="go-to-category-child">
                                <a href="#">Ver Alimentação Infantil</a>
                            </li>
                                <span class="shop-by-cat-text">Comprar por categor&iacute;as</span>
                            <li>
                                <a href="#">Boiões, Saquetas e Puré de Fruta</a>
                            </li>
                            <li>
                                <a href="#">Refeições</a>
                            </li>
                            <li>
                                <a href="#">Alimentos Lácteos</a>
                            </li>
                            <li>
                                <a href="#">Papas Infantis</a>
                            </li>
                            <li>
                                <a href="#">Snacks e Bolachinhas</a>
                            </li>
                            <li>
                                <a href="#">Babetes</a>
                            </li>
                            <li>
                                <a href="#">Cadeiras e Acessórios de Refeição </a>
                            </li>
                        </ul>
                            </li>
                            <li>
                                <a href="#">Fraldas e Toalhitas</a>
                                    <span class="iconCategory arrow-mobile RD_Desplegar2"></span>
            
                        <ul class="grandchild-menu">
                            <li>
                                <div class="back-to-category">
                                    <button class="back responsivo responsivo-tablet"></button>
                                        <span>Fraldas e Toalhitas</span>
                                </div>
                            </li>
                            <li class="go-to-category-child">
                                <a href="#">Ver Fraldas e Toalhitas</a>
                            </li>
                                <span class="shop-by-cat-text">Comprar por categor&iacute;as</span>
                            <li>
                                <a href="#">Packs Fraldas e Toalhitas XXL</a>
                            </li>
                            <li>
                                <a href="#">Fraldas &lt;2kg/2-5kg/3-6kg (T0, T1 e T2)</a>
                            </li>
                            <li>
                                <a href="#">Fraldas 4-11kg/9-15kg (T3 e T4)</a>
                            </li>
                            <li>
                                <a href="#">Fraldas 13-18kg/+18kg (T5 e T6)</a>
                            </li>
                            <li>
                                <a href="#">Fraldas de Aprendizagem</a>
                            </li>
                            <li>
                                <a href="#">Fraldas Cueca</a>
                            </li>
                            <li>
                                <a href="#">Fraldas de Banho</a>
                            </li>
                            <li>
                                <a href="#">Toalhitas</a>
                            </li>
                            <li>
                                <a href="#">Resguardos</a>
                            </li>
                        </ul>
                            </li>
                            <li>
                                <a href="#">Banho e Higiene</a>
                                    <span class="iconCategory arrow-mobile RD_Desplegar2"></span>
            
                        <ul class="grandchild-menu">
                            <li>
                                <div class="back-to-category">
                                    <button class="back responsivo responsivo-tablet"></button>
                                        <span>Banho e Higiene</span>
                                </div>
                            </li>
                            <li class="go-to-category-child">
                                <a href="#">Ver Banho e Higiene</a>
                            </li>
                                <span class="shop-by-cat-text">Comprar por categor&iacute;as</span>
                            <li>
                                <a href="#">Gel de Banho</a>
                            </li>
                            <li>
                                <a href="#">Cabelo e Perfumaria</a>
                            </li>
                            <li>
                                <a href="#">Protecção e Hidratação</a>
                            </li>
                            <li>
                                <a href="#">Cotonetes e Soro Fisiológico</a>
                            </li>
                            <li>
                                <a href="#">Bacios e Redutores</a>
                            </li>
                            <li>
                                <a href="#">Banheiras, Trocadores e Acessórios</a>
                            </li>
                            <li>
                                <a href="#">Acessórios de Higiene</a>
                            </li>
                        </ul>
                            </li>
                            <li>
                                <a href="#">Puericultura</a>
                                    <span class="iconCategory arrow-mobile RD_Desplegar2"></span>
            
                        <ul class="grandchild-menu">
                            <li>
                                <div class="back-to-category">
                                    <button class="back responsivo responsivo-tablet"></button>
                                        <span>Puericultura</span>
                                </div>
                            </li>
                            <li class="go-to-category-child">
                                <a href="#">Ver Puericultura</a>
                            </li>
                                <span class="shop-by-cat-text">Comprar por categor&iacute;as</span>
                            <li>
                                <a href="#">Cadeiras Auto e Carrinhos de Passeio</a>
                            </li>
                            <li>
                                <a href="#">Quarto do Bebé</a>
                            </li>
                            <li>
                                <a href="#">Bacios e Redutores</a>
                            </li>
                            <li>
                                <a href="#">Banho e Acessórios de Higiene</a>
                            </li>
                            <li>
                                <a href="#">Chupetas e Mordedores</a>
                            </li>
                            <li>
                                <a href="#">Biberões e Babetes</a>
                            </li>
                            <li>
                                <a href="#">Cadeiras e Acessórios de Refeição</a>
                            </li>
                            <li>
                                <a href="#">Mantas e Fraldas de Pano</a>
                            </li>
                            <li>
                                <a href="#">Bem-estar e Protecção</a>
                            </li>
                            <li>
                                <a href="#">Maternidade e Amamentação</a>
                            </li>
                        </ul>
            
                            <li>
                                <a href="#">Roupa do Bebé</a>
                                    <span class="iconCategory arrow-mobile RD_Desplegar2"></span>
            
                        <ul class="grandchild-menu">
                            <li>
                                <div class="back-to-category">
                                    <button class="back responsivo responsivo-tablet"></button>
                                        <span>Roupa do Bebé</span>
                                </div>
                            </li>
                            <li class="go-to-category-child">
                                <a href="#">Ver Roupa do Bebé</a>
                            </li>
                                <span class="shop-by-cat-text">Comprar por categor&iacute;as</span>
                        </ul>
            
                            <li>
                                <a href="#">Brinquedos e Livros</a>
                                    <span class="iconCategory arrow-mobile RD_Desplegar2"></span>
            
                        <ul class="grandchild-menu">
                            <li>
                                <div class="back-to-category">
                                    <button class="back responsivo responsivo-tablet"></button>
                                        <span>Brinquedos e Livros</span>
                                </div>
                            </li>
                            <li class="go-to-category-child">
                                <a href="#">Ver Brinquedos e Livros</a>
                            </li>
                                <span class="shop-by-cat-text">Comprar por categor&iacute;as</span>
                            <li>
                                <a href="#">Brinquedos de Bebé</a>
                            </li>
                            <li>
                                <a href="#">Livros de Bebé</a>
                            </li>
                            <li>
                                <a href="#">Livros de Gravidez e Puericultura</a>
                            </li>
                        </ul>
                    </ul>
            
                            <li>
                                <img class="hot" src="https://img.icons8.com/ios/50/000000/home--v1.png"/>
                                    <button class="btn-main-category">Casa, Bricolage e Jardim</button>
                                        <div class="child-menu child-menu-mascotas">
                                            <div class="back-to-category">
                                                <button class="back responsivo responsivo-tablet"></button>
                                                    <span>Casa, Bricolage e Jardim</span>
                                            </div>
                                            <div class="category-link">
                                                <span class="iconCategory mascotas"></span>
                                                    <a href="#" class="go-to-category">Casa, Bricolage e Jardim - Ver todos</a>
                                            </div>
                                                <span class="shop-by-cat-text">Comprar por categor&iacute;as</span>
            
                        <ul class="child-menu-container">
                            <li>
                                <a href="#">Cozinha</a>
                                    <span class="iconCategory arrow-mobile RD_Desplegar2"></span>
            
                        <ul class="grandchild-menu">
                            <li>
                                <div class="back-to-category">
                                    <button class="back responsivo responsivo-tablet"></button>
                                        <span>Cozinha</span>
                                </div>
                            </li>
                            <li class="go-to-category-child">
                                <a href="#">Ver Cozinha</a>
                            </li>
                                <span class="shop-by-cat-text">Comprar por categor&iacute;as</span>
                            <li>
                                <a href="#">Panelas, Frigideiras e Woks</a>
                            </li>
                            <li>
                                <a href="#">Jarros e Filtros para Água</a>
                            </li>
                            <li>
                                <a href="#">Caixas e Conservação de Alimentos</a>
                            </li>
                            <li>
                                <a href="#">Sacos Térmicos, Termos e Garrafas</a>
                            </li>
                            <li>
                                <a href="#">Formas e Acessórios de Pastelaria</a>
                            </li>
                            <li>
                                <a href="#">Facas e Utensílios</a>
                            </li>
                            <li>
                                <a href="#">Essenciais na Banca de Cozinha</a>
                            </li>
                            <li>
                                <a href="#">Acessórios de Vinho e Bar</a>
                            </li>
                            <li>
                                <a href="#">Forno</a>
                            </li>
                            <li>
                                <a href="#">Panos, Aventais e Pegas</a>
                            </li>
                            <li>
                                <a href="#">Baldes e Sacos do Lixo</a>
                            </li>
                            <li>
                                <a href="#">Películas e Sacos de Conservação</a>
                            </li>
                            <li>
                                <a href="#">Pequenos Eletrodomésticos</a>
                            </li>
                            <li>
                                <a href="#">Yämmi - Robot de Cozinha</a>
                            </li>
                        </ul>
                            </li>
                            <li>
                                <a href="#">Mesa e Festa</a>
                                    <span class="iconCategory arrow-mobile RD_Desplegar2"></span>
            
                        <ul class="grandchild-menu">
                            <li>
                                <div class="back-to-category">
                                    <button class="back responsivo responsivo-tablet"></button>
                                        <span>Mesa e Festa</span>
                                </div>
                            </li>
                            <li class="go-to-category-child">
                                <a href="#">Ver Mesa e Festa</a>
                            </li>
                                <span class="shop-by-cat-text">Comprar por categor&iacute;as</span>
                            <li>
                                <a href="#">Pratos e Serviços de Loiça</a>
                            </li>
                            <li>
                                <a href="#">Copos, Jarros e Garrafas</a>
                            </li>
                            <li>
                                <a href="#">Acessórios de Vinho e Bar</a>
                            </li>
                            <li>
                                <a href="#">Faqueiros e Talheres</a>
                            </li>
                            <li>
                                <a href="#">Loiça de Servir</a>
                            </li>
                            <li>
                                <a href="#">Canecas e Chávenas</a>
                            </li>
                            <li>
                                <a href="#">Toalhas, Guardanapos e Individuais</a>
                            </li>
                            <li>
                                <a href="#">Festa</a>
                            </li>
                        </ul>
                    </li>
                            <li>
                                <a href="#">Decoração</a>
                                    <span class="iconCategory arrow-mobile RD_Desplegar2"></span>
            
                        <ul class="grandchild-menu">
                            <li>
                                <div class="back-to-category">
                                    <button class="back responsivo responsivo-tablet"></button>
                                        <span>Decoração</span>
                                </div>
                            </li>
                            <li class="go-to-category-child">
                                <a href="#">Ver Decoração</a>
                            </li>
                                <span class="shop-by-cat-text">Comprar por categor&iacute;as</span>
                            <li>
                                <a href="#">Tapetes e Capachos</a>
                            </li>
                            <li>
                                <a href="#">Almofadas e Coxins</a>
                            </li>
                            <li>
                                <a href="#">Molduras</a>
                            </li>
                            <li>
                                <a href="#">Velas e Difusores</a>
                            </li>
                            <li>
                                <a href="#">Jarras e Plantas Artificiais</a>
                            </li>
                            <li>
                                <a href="#">Mantas e Sacas Água Quente</a>
                            </li>
                            <li>
                                <a href="#">Cestos e Caixas Decorativos</a>
                            </li>
                            <li>
                                <a href="#">Candeeiros</a>
                            </li>
                            <li>
                                <a href="#">Acessórios Decorativos</a>
                            </li>
                        </ul>
                    </li>
                            <li>
                                <a href="#">Mobiliário</a>
                                    <span class="iconCategory arrow-mobile RD_Desplegar2"></span>
            
                        <ul class="grandchild-menu">
                            <li>
                                <div class="back-to-category">
                                    <button class="back responsivo responsivo-tablet"></button>
                                        <span>Mobiliário</span>
                                </div>
                            </li>
                            <li class="go-to-category-child">
                                <a href="#">Ver Mobiliário</a>
                            </li>
                                <span class="shop-by-cat-text">Comprar por categor&iacute;as</span>
                            <li>
                                <a href="#">Mobiliário à Grande</a>
                            </li>
                            <li>
                                <a href="#">Armários e Estantes</a>
                            </li>
                            <li>
                                <a href="#">Sofás e Poltronas</a>
                            </li>
                            <li>
                                <a href="#">Cadeiras e Bancos</a>
                            </li>
                            <li>
                                <a href="#">Mesas e Mesas de Apoio</a>
                            </li>
                            <li>
                                <a href="#">Escritório</a>
                            </li>
                            <li>
                                <a href="#">Quarto</a>
                            </li>
                            <li>
                                <a href="#">Mobiliário de Jardim</a>
                            </li>
                        </ul>
                    </li>
                            <li>
                                <a href="#">Quarto e Colchões</a>
                                    <span class="iconCategory arrow-mobile RD_Desplegar2"></span>
            
                        <ul class="grandchild-menu">
                            <li>
                                <div class="back-to-category">
                                    <button class="back responsivo responsivo-tablet"></button>
                                        <span>Quarto e Colchões</span>
                                </div>
                            </li>
                            <li class="go-to-category-child">
                                <a href="#">Ver Quarto e Colchões</a>
                            </li>
                                <span class="shop-by-cat-text">Comprar por categor&iacute;as</span>
                            <li>
                                <a href="#">Roupa de Cama</a>
                            </li>
                            <li>
                                <a href="#">Edredões, Colchas e Mantas</a>
                            </li>
                            <li>
                                <a href="#">Protetores de Colchão e de Almofadas</a>
                            </li>
                            <li>
                                <a href="#">Almofadas</a>
                            </li>
                            <li>
                                <a href="#">Colchões e Estrados</a>
                            </li>
                            <li>
                                <a href="#">Camas e Sommiers</a>
                            </li>
                            <li>
                                <a href="#">Colchões Insufláveis</a>
                            </li>
                            <li>
                                <a href="#">Organizadores de Roupa e Sacos de Vácuo</a>
                            </li>
                            <li>
                                <a href="#">Mobiliário de Quarto</a>
                            </li>
                        </ul>
            
                            <li>
                                <a href="#">Banho</a>
                                    <span class="iconCategory arrow-mobile RD_Desplegar2"></span>
            
                        <ul class="grandchild-menu">
                            <li>
                                <div class="back-to-category">
                                    <button class="back responsivo responsivo-tablet"></button>
                                        <span>Banho</span>
                                </div>
                            </li>
                            <li class="go-to-category-child">
                                <a href="#">Ver Banho</a>
                            </li>
                                <span class="shop-by-cat-text">Comprar por categor&iacute;as</span>
                            <li>
                                <a href="#">Toalhas de Banho</a>
                            </li>
                            <li>
                                <a href="#">Cortinas e Tapetes</a>
                            </li>
                            <li>
                                <a href="#">Acessórios de Banho</a>
                            </li>
                            <li>
                                <a href="#">Cuidados Pessoais</a>
                            </li>
                        </ul>
            
                            <li>
                                <a href="#">Lavandaria e Arrumação</a>
                                    <span class="iconCategory arrow-mobile RD_Desplegar2"></span>
            
                        <ul class="grandchild-menu">
                            <li>
                                <div class="back-to-category">
                                    <button class="back responsivo responsivo-tablet"></button>
                                        <span>Lavandaria e Arrumação</span>
                                </div>
                            </li>
                            <li class="go-to-category-child">
                                <a href="#">Ver Lavandaria e Arrumação</a>
                            </li>
                                <span class="shop-by-cat-text">Comprar por categor&iacute;as</span>
                            <li>
                                <a href="#">Tábuas e Ferros de Engomar</a>
                            </li>
                            <li>
                                <a href="#">Estendais e Molas</a>
                            </li>
                            <li>
                                <a href="#">Organizadores de Roupa e Sacos de Vácuo</a>
                            </li>
                            <li>
                                <a href="#">Costura</a>
                            </li>
                            <li>
                                <a href="#">Bacias e Cestos de Roupa</a>
                            </li>
                            <li>
                                <a href="#">Arrumação, Caixas e Sacos</a>
                            </li>
                            <li>
                                <a href="#">Aspiradores e Lavadoras</a>
                            </li>
                            <li>
                                <a href="#">Vassouras, Esfregonas e Panos</a>
                            </li>
                            <li>
                                <a href="#">Baldes e Sacos do Lixo</a>
                            </li>
                        </ul>
            
                            <li>
                                <a href="#">Eletrodomésticos</a>
                                    <span class="iconCategory arrow-mobile RD_Desplegar2"></span>
            
                        <ul class="grandchild-menu">
                            <li>
                                <div class="back-to-category">
                                    <button class="back responsivo responsivo-tablet"></button>
                                        <span>Eletrodomésticos</span>
                                </div>
                            </li>
                            <li class="go-to-category-child">
                                <a href="#">Ver Eletrodomésticos</a>
                            </li>
                                <span class="shop-by-cat-text">Comprar por categor&iacute;as</span>
                            <li>
                                <a href="#">Yammi – Robot de Cozinha</a>
                            </li>
                            <li>
                                <a href="#">Preparação de Alimentos</a>
                            </li>
                            <li>
                                <a href="#">Pequeno Almoço</a>
                            </li>
                            <li>
                                <a href="#">Aspiradores e Lavadoras</a>
                            </li>
                            <li>
                                <a href="#">Tratamento da Roupa</a>
                            </li>
                            <li>
                                <a href="#">Cuidados Pessoais</a>
                            </li>
                            <li>
                                <a href="#">Tecnologia</a>
                            </li>
                            <li>
                                <a href="#">Aquecimento e Ventilação</a>
                            </li>
                        </ul>
            
                            <li>
                                <a href="#">Aquecimento</a>
                                    <span class="iconCategory arrow-mobile RD_Desplegar2"></span>
            
                        <ul class="grandchild-menu">
                            <li>
                                <div class="back-to-category">
                                    <button class="back responsivo responsivo-tablet"></button>
                                        <span>Aquecimento</span>
                                </div>
                            </li>
                            <li class="go-to-category-child">
                                <a href="#">Ver Aquecimento</a>
                            </li>
                                <span class="shop-by-cat-text">Comprar por categor&iacute;as</span>
                            <li>
                                <a href="#">Aquecedores</a>
                            </li>
                            <li>
                                <a href="#">Lenha, Pellets e Carvão</a>
                            </li>
                            <li>
                                <a href="#">Acendalhas e Acessórios de Lareira</a>
                            </li>
                        </ul>
            
                            <li>
                                <a href="#">Pilhas, Iluminação, Energia</a>
                                    <span class="iconCategory arrow-mobile RD_Desplegar2"></span>
            
                        <ul class="grandchild-menu">
                            <li>
                                <div class="back-to-category">
                                    <button class="back responsivo responsivo-tablet"></button>
                                        <span>Pilhas, Iluminação, Energia</span>
                                </div>
                            </li>
                            <li class="go-to-category-child">
                                <a href="#">Ver Pilhas, Iluminação, Energia</a>
                            </li>
                                <span class="shop-by-cat-text">Comprar por categor&iacute;as</span>
                            <li>
                                <a href="#">Lâmpadas</a>
                            </li>
                            <li>
                                <a href="#">Pilhas</a>
                            </li>
                            <li>
                                <a href="#">Smart Home</a>
                            </li>
                            <li>
                                <a href="#">Candeeiros e Luzes Decorativas</a>
                            </li>
                            <li>
                                <a href="#">Acessórios Eléctricos</a>
                            </li>
                            <li>
                                <a href="#">Extensões Eléctricas</a>
                            </li>
                        </ul>
            
                            <li>
                                <a href="#">Bricolage e Automóvel</a>
                                    <span class="iconCategory arrow-mobile RD_Desplegar2"></span>
            
                        <ul class="grandchild-menu">
                            <li>
                                <div class="back-to-category">
                                    <button class="back responsivo responsivo-tablet"></button>
                                        <span>Bricolage e Automóvel</span>
                                </div>
                            </li>
                            <li class="go-to-category-child">
                                <a href="#">Ver Bricolage e Automóvel</a>
                            </li>
                                <span class="shop-by-cat-text">Comprar por categor&iacute;as</span>
                            <li>
                                <a href="#">Ferramentas Eléctricas</a>
                            </li>
                            <li>
                                <a href="#">Ferramentas Manuais</a>
                            </li>
                            <li>
                                <a href="#">Quinquilharia e Arrumação</a>
                            </li>
                            <li>
                                <a href="#">Drogaria e Pintura</a>
                            </li>
                            <li>
                                <a href="#">Colas, Fitas e Isolamento</a>
                            </li>
                            <li>
                                <a href="#">Automóvel</a>
                            </li>
                        </ul>
            
                            <li>
                                <a href="#">Jardim, Piscinas, Barbecues</a>
                                    <span class="iconCategory arrow-mobile RD_Desplegar2"></span>
            
                        <ul class="grandchild-menu">
                            <li>
                                <div class="back-to-category">
                                    <button class="back responsivo responsivo-tablet"></button>
                                        <span>Jardim, Piscinas, Barbecues</span>
                                </div>
                            </li>
                            <li class="go-to-category-child">
                                <a href="#">Ver Jardim, Piscinas, Barbecues</a>
                            </li>
                                <span class="shop-by-cat-text">Comprar por categor&iacute;as</span>
                            <li>
                                <a href="#">Piscinas e Tratamento</a>
                            </li>
                            <li>
                                <a href="#">Barbecues, Carvão e Consumíveis</a>
                            </li>
                            <li>
                                <a href="#">Vasos, Sementes e Tratamento</a>
                            </li>
                            <li>
                                <a href="#">Rega e Ferramentas de Jardim</a>
                            </li>
                            <li>
                                <a href="#">Limpeza de Exterior</a>
                            </li>
                            <li>
                                <a href="#">Mobiliário de Jardim</a>
                            </li>
                            <li>
                                <a href="#">Iluminação Exterior</a>
                            </li>
                            <li>
                                <a href="#">Brinquedos de Exterior</a>
                            </li>
                            <li>
                                <a href="#">Casotas para Animais</a>
                            </li>
                        </ul>
                    </ul>
                </div>
            </li>
            
                            <li>
                                <img class="hot" src="https://img.icons8.com/external-glyph-andi-nur-abdillah/64/000000/external-animal-pets-and-veterinary-glyph-glyph-andi-nur-abdillah-24.png"/>
                                    <button class="btn-main-category">Artigos de Animais</button>
                                        <div class="child-menu child-menu-frescos">
                                            <div class="back-to-category">
                                                <button class="back responsivo responsivo-tablet"></button>
                                                    <span>Artigos de Animais</span>
                                            </div>
                                            <div class="category-link">
                                                <span class="iconCategory frescos"></span>
                                                    <a href="#" class="go-to-category">Ver todos</a>
                                            </div>
                                                <span class="shop-by-cat-text">Comprar por categor&iacute;as</span>
            
                        <ul class="child-menu-container">
                            <li>
                                    <a href="#">Cão</a>
                                        <span class="iconCategory arrow-mobile RD_Desplegar2"></span>
            
                        <ul class="grandchild-menu">
                            <li>
                                <div class="back-to-category">
                                    <button class="back responsivo responsivo-tablet"></button>
                                        <span>Cão</span>
                                </div>
                            </li>
                            <li class="go-to-category-child">
                                <a href="#">Ver Cão</a>
                            </li>
                                <span class="shop-by-cat-text">Comprar por categor&iacute;as</span>
                            <li>
                                <a href="#">Ração Seca</a>
                            </li>
                            <li>
                                <a href="#">Comida Húmida</a>
                            </li>
                            <li>
                                <a href="#">Alimentação Natural</a>
                            </li>
                            <li>
                                <a href="#">Snacks & Biscoitos</a>
                            </li>
                            <li>
                                <a href="#">Comedouros e Bebedouros</a>
                            </li>
                            <li>
                                <a href="#">Saúde e Higiene</a>
                            </li>
                            <li>
                                <a href="#">Casotas</a>
                            </li>
                            <li>
                                <a href="#">Camas, Almofadas e Colchões</a>
                            </li>
                            <li>
                                <a href="#">Transporte, Passeio e Viagem</a>
                            </li>
                            <li>
                                <a href="#">Brinquedos</a>
                            </li>
                        </ul>
                    </li>
                            <li>
                                <a href="#">Gato</a>
                                    <span class="iconCategory arrow-mobile RD_Desplegar2"></span>
            
                        <ul class="grandchild-menu">
                            <li>
                                <div class="back-to-category">
                                    <button class="back responsivo responsivo-tablet"></button>
                                        <span>Gato</span>
                                </div>
                            </li>
                            <li class="go-to-category-child">
                                <a href="#">Ver Gato</a>
                            </li>
                                <span class="shop-by-cat-text">Comprar por categor&iacute;as</span>
                            <li>
                                <a href="#">Ração Seca</a>
                            </li>
                            <li>
                                <a href="#">Comida Húmida</a>
                            </li>
                            <li>
                                <a href="#">Alimentação Natural</a>
                            </li>
                            <li>
                                <a href="#">Snacks, Leites & Biscoitos</a>
                            </li>
                            <li>
                                <a href="#">Absorventes</a>
                            </li>
                            <li>
                                <a href="#">Saúde e Higiene</a>
                            </li>
                            <li>
                                <a href="#">Camas e Bebedouros</a>
                            </li>
                            <li>
                                <a href="#">Transporte, Passeio e Viagem</a>
                            </li>
                            <li>
                                <a href="#">Brinquedos e Arranhadores</a>
                            </li>
                        </ul>
                    </li>
                            <li>
                                <a href="#">Outros Animais</a>
                                    <span class="iconCategory arrow-mobile RD_Desplegar2"></span>
            
                        <ul class="grandchild-menu">
                             <li>
                                <div class="back-to-category">
                                    <button class="back responsivo responsivo-tablet"></button>
                                        <span>Outros Animais</span>
                                </div>
                            </li>
                            <li class="go-to-category-child">
                                <a href="#">Ver Outros Animais</a>
                            </li>
                                <span class="shop-by-cat-text">Comprar por categor&iacute;as</span>
                            <li>
                                <a href="#">Pássaros</a>
                            </li>
                            <li>
                                <a href="#">Peixes</a>
                            </li>
                            <li>
                                <a href="#">Roedores</a>
                            </li>
                            <li>
                                <a href="#">Tartarugas</a>
                            </li>
                        </ul>
                    </li>
                            <li>
                                <a href="#">Saúde & Higiene</a>
                                    <span class="iconCategory arrow-mobile RD_Desplegar2"></span>
            
                        <ul class="grandchild-menu">
                            <li>
                                <div class="back-to-category">
                                    <button class="back responsivo responsivo-tablet"></button>
                                        <span>Saúde & Higiene</span>
                                </div>
                            </li>
                            <li class="go-to-category-child">
                                <a href="#">Ver Saúde & Higiene</a>
                            </li>
                                <span class="shop-by-cat-text">Comprar por categor&iacute;as</span>
                            <li>
                                <a href="#">Sacos e Dispensadores</a>
                            </li>
                            <li>
                                <a href="#">Cuidados de Pele e Pelo</a>
                            </li>
                            <li>
                                <a href="#">Resguardos, Fraldas e Toalhitas</a>
                            </li>
                            <li>
                                <a href="#">Acessórios de Higiene</a>
                            </li>
                            <li>
                                <a href="#">Limpeza da Casa</a>
                            </li>
                        </ul>  
                    </ul>
                </div>
            </li>
            
                            <li>
                                <img class="hot" src="https://img.icons8.com/external-others-maxicons/62/000000/external-toy-baby-others-maxicons.png"/>
                                    <button class="btn-main-category">Brinquedos e Jogos</button>
                                        <div class="child-menu child-menu-frescos">
                                            <div class="back-to-category">
                                                <button class="back responsivo responsivo-tablet"></button>
                                                    <span>Brinquedos e Jogos</span>
                                            </div>
                                            <div class="category-link">
                                                <span class="iconCategory frescos"></span>
                                                    <a href="#" class="go-to-category">Ver todos</a>
                                            </div>
                                                <span class="shop-by-cat-text">Comprar por categor&iacute;as</span>
            
                        <ul class="child-menu-container">
                            <li>
                                <a href="#">Construções</a>
                                    <span class="iconCategory arrow-mobile RD_Desplegar2"></span>
            
                        <ul class="grandchild-menu">
                            <li>
                                <div class="back-to-category">
                                    <button class="back responsivo responsivo-tablet"></button>
                                        <span>Construções</span>
                                </div>
                            </li>
                            <li class="go-to-category-child">
                                <a href="#">Ver Construções</a>
                            </li>
                                <span class="shop-by-cat-text">Comprar por categor&iacute;as</span>
                            <li>
                                <a href="#">LEGO</a>
                            </li>
                            <li>
                                <a href="#">Playmobil</a>
                            </li>
                            <li>
                                <a href="#">Pré-escolar</a>
                            </li>
                        </ul>
                    </li>
                            <li>
                                <a href="#">Jogos</a>
                                    <span class="iconCategory arrow-mobile RD_Desplegar2"></span>
            
                        <ul class="grandchild-menu">
                            <li>
                                <div class="back-to-category">
                                    <button class="back responsivo responsivo-tablet"></button>
                                        <span>Jogos</span>
                                </div>
                            </li>
                            <li class="go-to-category-child">
                                <a href="#">Ver Jogos</a>
                            </li>
                                <span class="shop-by-cat-text">Comprar por categor&iacute;as</span>
                            <li>
                                <a href="#">Jogos Infantis</a>
                            </li>
                            <li>
                                <a href="#">Jogos em Família</a>
                            </li>
                            <li>
                                <a href="#">Jogos Educativos</a>
                            </li>
                            <li>
                                <a href="#">Jogos Científicos</a>
                            </li>
                        </ul>
                    </li>
                            <li>
                                <a href="#">Puzzles</a>
                                    <span class="iconCategory arrow-mobile RD_Desplegar2"></span>
            
                        <ul class="grandchild-menu">
                            <li>
                                <div class="back-to-category">
                                    <button class="back responsivo responsivo-tablet"></button>
                                        <span>Puzzles</span>
                                </div>
                            </li>
                            <li class="go-to-category-child">
                                <a href="#">Ver Puzzles</a>
                            </li>
                                <span class="shop-by-cat-text">Comprar por categor&iacute;as</span>
                            <li>
                                <a href="#">Até 100 Peças</a>
                            </li>
                            <li>
                                <a href="#">100 a 499 Peças</a>
                            </li>
                            <li>
                                <a href="#">500 a 999 Peças</a>
                            </li>
                            <li>
                                <a href="#">1000 Peças</a>
                            </li>
                            <li>
                                <a href="#">Mais de 2000 Peças</a>
                            </li>
                            <li>
                                <a href="#">Puzzles 3D</a>
                            </li>
                        </ul>
                    </li>
                            <li>
                                <a href="#">Bonecas</a>
                                    <span class="iconCategory arrow-mobile RD_Desplegar2"></span>
            
                        <ul class="grandchild-menu">
                            <li>
                                <div class="back-to-category">
                                    <button class="back responsivo responsivo-tablet"></button>
                                        <span>Bonecas</span>
                                </div>
                            </li>
                            <li class="go-to-category-child">
                                <a href="#">Ver Bonecas</a>
                            </li>
                                <span class="shop-by-cat-text">Comprar por categor&iacute;as</span>
                            <li>
                                <a href="#">Bonecas Bebé</a>
                            </li>
                            <li>
                                <a href="#">Bonecas Miniatura</a>
                            </li>
                            <li>
                                <a href="#">Bonecas Fashion</a>
                            </li>
                        </ul>  
            
                            <li>
                                <a href="#">Ação e Super Heróis</a>
                                    <span class="iconCategory arrow-mobile RD_Desplegar2"></span>
                
                        <ul class="grandchild-menu">
                            <li>
                                <div class="back-to-category">
                                    <button class="back responsivo responsivo-tablet"></button>
                                        <span>Ação e Super Heróis</span>
                                </div>
                            </li>
                            <li class="go-to-category-child">
                                <a href="#">Ver Ação e Super Heróis</a>
                            </li>
                                <span class="shop-by-cat-text">Comprar por categor&iacute;as</span>
                            <li>
                                <a href="#">Figuras e Cenários de Ação</a>
                            </li>
                            <li>
                                <a href="#">NERF e Lançadores</a>
                            </li>
                        </ul>  
            
                            <li>
                                <a href="#">Veículos e Rádio Controlo</a>
                                    <span class="iconCategory arrow-mobile RD_Desplegar2"></span>
                    
                        <ul class="grandchild-menu">
                            <li>
                                <div class="back-to-category">
                                    <button class="back responsivo responsivo-tablet"></button>
                                        <span>Veículos e Rádio Controlo</span>
                                </div>
                            </li>
                            <li class="go-to-category-child">
                                <a href="#">Ver Veículos e Rádio Controlo</a>
                            </li>
                                <span class="shop-by-cat-text">Comprar por categor&iacute;as</span>
                            <li>
                                <a href="#">Veículos</a>
                            </li>
                            <li>
                                <a href="#">Pistas e Garagens</a>
                            </li>
                            <li>
                                <a href="#">Telecomandados, Drones e Robots</a>
                            </li>
                        </ul>  
            
                            <li>
                                <a href="#">Bebé e Peluches</a>
                                    <span class="iconCategory arrow-mobile RD_Desplegar2"></span>
                        
                        <ul class="grandchild-menu">
                            <li>
                                <div class="back-to-category">
                                    <button class="back responsivo responsivo-tablet"></button>
                                        <span>Bebé e Peluches</span>
                                </div>
                            </li>
                            <li class="go-to-category-child">
                                <a href="#">Ver Bebé e Peluches</a>
                            </li>
                                <span class="shop-by-cat-text">Comprar por categor&iacute;as</span>
                            <li>
                                <a href="#">Primeiros Brinquedos</a>
                            </li>
                            <li>
                                <a href="#">Peluches</a>
                            </li>
                            <li>
                                <a href="#">Interativos</a>
                            </li>
                        </ul> 
                                                    
                            <li>
                                <a href="#">Pré-escolar</a>
                                    <span class="iconCategory arrow-mobile RD_Desplegar2"></span>
                            
                        <ul class="grandchild-menu">
                            <li>
                                <div class="back-to-category">
                                    <button class="back responsivo responsivo-tablet"></button>
                                        <span>Pré-escolar</span>
                                </div>
                            </li>
                            <li class="go-to-category-child">
                                <a href="#">Ver Pré-escolar</a>
                            </li>
                                <span class="shop-by-cat-text">Comprar por categor&iacute;as</span>
                            <li>
                                <a href="#">Figuras</a>
                            </li>
                            <li>
                                <a href="#">Cenários e Veículos</a>
                            </li>
                            <li>
                                <a href="#">Construções</a>
                            </li>
                            <li>
                                <a href="#">Patrulha Pata</a>
                            </li>
                            <li>
                                <a href="#">Panda</a>
                            </li>
                        </ul>   
            
                            <li>
                                <a href="#">Faz de Conta</a>
                                    <span class="iconCategory arrow-mobile RD_Desplegar2"></span>
                                
                        <ul class="grandchild-menu">
                            <li>
                                <div class="back-to-category">
                                    <button class="back responsivo responsivo-tablet"></button>
                                        <span>Faz de Conta</span>
                                </div>
                            </li>
                            <li class="go-to-category-child">
                                <a href="#">Ver Faz de Conta</a>
                            </li>
                                <span class="shop-by-cat-text">Comprar por categor&iacute;as</span>
                            <li>
                                <a href="#">Cozinha e Alimentos</a>
                            </li>
                            <li>
                                <a href="#">Profissões</a>
                            </li>
                            <li>
                                <a href="#">Instrumentos Musicais</a>
                            </li>
                            <li>
                                <a href="#">Jóias e Cosmética</a>
                            </li>
                        </ul>
            
                            <li>
                                <a href="#">Didáticos, Pintura e Plasticinas</a>
                                    <span class="iconCategory arrow-mobile RD_Desplegar2"></span>
                                    
                        <ul class="grandchild-menu">
                            <li>
                                <div class="back-to-category">
                                    <button class="back responsivo responsivo-tablet"></button>
                                        <span>Didáticos, Pintura e Plasticinas</span>
                                </div>
                            </li>
                            <li class="go-to-category-child">
                                <a href="#">Ver Didáticos, Pintura e Plasticinas</a>
                            </li>
                                <span class="shop-by-cat-text">Comprar por categor&iacute;as</span>
                            <li>
                                <a href="#">Plasticinas e Moldáveis</a>
                            </li>
                            <li>
                                <a href="#">Didáticos e Manualidades</a>
                            </li>
                            <li>
                                <a href="#">Jóias e Cosmética</a>
                            </li>
                            <li>
                                <a href="#">Desenho e Pintura</a>
                            </li>
                        </ul>
            
                            <li>
                                <a href="#">Ar Livre</a>
                                    <span class="iconCategory arrow-mobile RD_Desplegar2"></span>
                                        
                        <ul class="grandchild-menu">
                            <li>
                                <div class="back-to-category">
                                    <button class="back responsivo responsivo-tablet"></button>
                                        <span>Ar Livre</span>
                                </div>
                            </li>
                            <li class="go-to-category-child">
                                <a href="#">Ver Ar Livre</a>
                            </li>
                                <span class="shop-by-cat-text">Comprar por categor&iacute;as</span>
                            <li>
                                <a href="#">Casas, Escorregas e Baloiços</a>
                            </li>
                            <li>
                                <a href="#">Veículos de Exterior e Bateria</a>
                            </li>
                            <li>
                                <a href="#">Bicicletas, Trotinetes e Patins</a>
                            </li>
                            <li>
                                <a href="#">Triciclos e Andadores</a>
                            </li>
                            <li>
                                <a href="#">Jogos de Exterior</a>
                            </li>
                            <li>
                                <a href="#">Bóias, Piscinas e Insufláveis</a>
                            </li>
                            <li>
                                <a href="#">Baldes e Brinquedos de Praia</a>
                            </li>
                        </ul>
                    </ul>
                </div>
            </li>
            
                            <li>
                                <img class="hot" src="https://img.icons8.com/dotty/80/000000/stack-of-paper.png"/>
                                    <button class="btn-main-category">Livraria e Papelaria</button>
                                        <div class="child-menu child-menu-frescos">
                                            <div class="back-to-category">
                                                <button class="back responsivo responsivo-tablet"></button>
                                                    <span>Livraria e Papelaria</span>
                                            </div>
                                            <div class="category-link">
                                                <span class="iconCategory frescos"></span>
                                                    <a href="#" class="go-to-category">Ver todos</a>
                                            </div>
                                                <span class="shop-by-cat-text">Comprar por categor&iacute;as</span>
            
                        <ul class="child-menu-container">
                            <li>
                                <a href="#">Livros</a>
                                    <span class="iconCategory arrow-mobile RD_Desplegar2"></span>
            
                        <ul class="grandchild-menu">
                            <li>
                                <div class="back-to-category">
                                    <button class="back responsivo responsivo-tablet"></button>
                                        <span>Livros</span>
                                </div>
                            </li>
                            <li class="go-to-category-child">
                                <a href="#">Ver Livros</a>
                            </li>
                                <span class="shop-by-cat-text">Comprar por categor&iacute;as</span>
                            <li>
                                <a href="#">Literatura</a>
                            </li>
                            <li>
                                <a href="#">Livros Infantis</a>
                            </li>
                            <li>
                                <a href="#">Livros Juvenis</a>
                            </li>
                            <li>
                                <a href="#">Apoio Escolar</a>
                            </li>
                            <li>
                                <a href="#">Plano Nacional de Leitura</a>
                            </li>
                            <li>
                                <a href="#">Livros Técnicos</a>
                            </li>
                            <li>
                                <a href="#">Livros Saúde e Bem-Estar</a>
                            </li>
                            <li>
                                <a href="#">Livros de Culinária</a>
                            </li>
                        </ul>
                    </li>
                            <li>
                                <a href="#">Papelaria</a>
                                    <span class="iconCategory arrow-mobile RD_Desplegar2"></span>
            
                        <ul class="grandchild-menu">
                            <li>
                                <div class="back-to-category">
                                    <button class="back responsivo responsivo-tablet"></button>
                                        <span>Papelaria</span>
                                </div>
                            </li>
                            <li class="go-to-category-child">
                                <a href="#">Ver Papelaria</a>
                            </li>
                                <span class="shop-by-cat-text">Comprar por categor&iacute;as</span>
                            <li>
                                <a href="#">Mochilas, Estojos e Sacos</a>
                            </li>
                            <li>
                                <a href="#">Cadernos, Blocos e Papel</a>
                            </li>
                            <li>
                                <a href="#">Lápis, Borrachas, Canetas</a>
                            </li>
                            <li>
                                <a href="#">Desenho, Arte e Pintura</a>
                            </li>
                            <li>
                                <a href="#">Material de Escritório</a>
                            </li>
                            <li>
                                <a href="#">Organização e Arquivo</a>
                            </li>
                            <li>
                                <a href="#">Agendas</a>
                            </li>
                            <li>
                                <a href="#">Sacos Presente e Embrulho</a>
                            </li>
                        </ul>
                    </li>
                        </ul>
                </div>
            </li>
            
                            <li>
                                <img class="hot" src="https://img.icons8.com/fluency-systems-regular/48/000000/sports.png"/>
                                    <button class="btn-main-category">Desporto e Ar Livre</button>
                                        <div class="child-menu child-menu-frescos">
                                            <div class="back-to-category">
                                                <button class="back responsivo responsivo-tablet"></button>
                                                    <span>Desporto e Ar Livre</span>
                                            </div>
                                            <div class="category-link">
                                                <span class="iconCategory frescos"></span>
                                                    <a href="#" class="go-to-category">Ver todos</a>
                                            </div>
                                                <span class="shop-by-cat-text">Comprar por categor&iacute;as</span>
            
                        <ul class="child-menu-container">
                            <li>
                                <a href="#">Bicicletas, Trotinetes, Patins</a>
                                    <span class="iconCategory arrow-mobile RD_Desplegar2"></span>
            
                        <ul class="grandchild-menu">
                            <li>
                                <div class="back-to-category">
                                    <button class="back responsivo responsivo-tablet"></button>
                                        <span>Bicicletas, Trotinetes, Patins</span>
                                </div>
                            </li>
                            <li class="go-to-category-child">
                                <a href="#">Ver Bicicletas, Trotinetes, Patins</a>
                            </li>
                                <span class="shop-by-cat-text">Comprar por categor&iacute;as</span>
                            <li>
                                <a href="#">Bicicletas de Criança</a>
                            </li>
                            <li>
                                <a href="#">Bicicletas de Adulto</a>
                            </li>
                            <li>
                                <a href="#">Trotinetes, Patins e Skates</a>
                            </li>
                            <li>
                                <a href="#">Capacetes, Proteções e Acessórios</a>
                            </li>
                        </ul>
                    </li>
                            <li>
                                <a href="#">Mobilidade Eléctrica</a>
                                    <span class="iconCategory arrow-mobile RD_Desplegar2"></span>
            
                        <ul class="grandchild-menu">
                            <li>
                                <div class="back-to-category">
                                    <button class="back responsivo responsivo-tablet"></button>
                                        <span>Mobilidade Eléctrica</span>
                                </div>
                            </li>
                            <li class="go-to-category-child">
                                <a href="#">Ver Mobilidade Eléctrica</a>
                            </li>
                                <span class="shop-by-cat-text">Comprar por categor&iacute;as</span>
                        </ul>
                    </li>
                            <li>
                                <a href="#">Modalidades Desportivas</a>
                                    <span class="iconCategory arrow-mobile RD_Desplegar2"></span>
            
                        <ul class="grandchild-menu">
                            <li>
                                <div class="back-to-category">
                                    <button class="back responsivo responsivo-tablet"></button>
                                        <span>Modalidades Desportivas</span>
                                </div>
                            </li>
                            <li class="go-to-category-child">
                                <a href="#">Ver Modalidades Desportivas</a>
                            </li>
                                <span class="shop-by-cat-text">Comprar por categor&iacute;as</span>
                            <li>
                                <a href="#">Acessórios Fitness</a>
                            </li>
                            <li>
                                <a href="#">Natação e Desportos Aquáticos</a>
                            </li>
                            <li>
                                <a href="#">Futebol</a>
                            </li>
                            <li>
                                <a href="#">Multidesporto</a>
                            </li>
                        </ul>
                    </li>
                            <li>
                                <a href="#">Roupa de Desporto</a>
                                    <span class="iconCategory arrow-mobile RD_Desplegar2"></span>
            
                        <ul class="grandchild-menu">
                            <li>
                                <div class="back-to-category">
                                    <button class="back responsivo responsivo-tablet"></button>
                                        <span>Roupa de Desporto</span>
                                </div>
                            </li>
                            <li class="go-to-category-child">
                                <a href="#">Ver Roupa de Desporto</a>
                            </li>
                                <span class="shop-by-cat-text">Comprar por categor&iacute;as</span>
                            <li>
                                <a href="#">T-shirts e Tops</a>
                            </li>
                            <li>
                                <a href="#">Camisolas e Casacos</a>
                            </li>
                            <li>
                                <a href="#">Calções, Calças e Leggings</a>
                            </li>
                            <li>
                                <a href="#">Calçado, Meias e Acessórios</a>
                            </li>
                        </ul>
                    </li>
                            <li>
                                <a href="#">Nutrição Desportiva</a>
                                    <span class="iconCategory arrow-mobile RD_Desplegar2"></span>
            
                        <ul class="grandchild-menu">
                            <li>
                                <div class="back-to-category">
                                    <button class="back responsivo responsivo-tablet"></button>
                                        <span>Nutrição Desportiva</span>
                                </div>
                            </li>
                            <li class="go-to-category-child">
                                <a href="#">Ver Nutrição Desportiva</a>
                            </li>
                                <span class="shop-by-cat-text">Comprar por categor&iacute;as</span>
                            <li>
                                <a href="#">Proteína Whey</a>
                            </li>
                            <li>
                                <a href="#">Barras e Snacks</a>
                            </li>
                            <li>
                                <a href="#">Suplementação</a>
                            </li>
                            <li>
                                <a href="#">Iogurtes e Pudins</a>
                            </li>
                            <li>
                                <a href="#">Leite e Bebidas Vegetais</a>
                            </li>
                            <li>
                                <a href="#">Cremes de Barrar</a>
                            </li>
                            <li>
                                <a href="#">Bebidas Isotónicas</a>
                            </li>
                            <li>
                                <a href="#">Preparados e Refeições Instantâneas</a>
                            </li>
                        </ul>
                    </li>
            
                            <li>
                                <a href="#">Campismo</a>
                                    <span class="iconCategory arrow-mobile RD_Desplegar2"></span>
            
                        <ul class="grandchild-menu">
                            <li>
                                <div class="back-to-category">
                                    <button class="back responsivo responsivo-tablet"></button>
                                        <span>Campismo</span>
                                </div>
                            </li>
                            <li class="go-to-category-child">
                                <a href="#">Ver Campismo</a>
                            </li>
                                <span class="shop-by-cat-text">Comprar por categor&iacute;as</span>
                        </ul>
                    </li>
                </ul>
            </div>
            </li>
            
                            <li>
                                <img class="hot" src="https://img.icons8.com/external-creatype-two-colour-colourcreatype/64/000000/external-clothes-e-commerce-creatype-two-colour-colourcreatype-3.png"/>
                                    <button class="btn-main-category">Roupa, Calçado, Bagagens</button>
                                        <div class="child-menu child-menu-frescos">
                                            <div class="back-to-category">
                                                <button class="back responsivo responsivo-tablet"></button>
                                                    <span>Roupa, Calçado, Bagagens</span>
                                            </div>
                                            <div class="category-link">
                                                <span class="iconCategory frescos"></span>
                                                    <a href="#" class="go-to-category">Ver todos</a>
                                            </div>
                                                <span class="shop-by-cat-text">Comprar por categor&iacute;as</span>
            
                        <ul class="child-menu-container">
                            <li>
                                <a href="#">Babé [até aos 36 meses]</a>
                                    <span class="iconCategory arrow-mobile RD_Desplegar2"></span>
            
                        <ul class="grandchild-menu">
                            <li>
                                <div class="back-to-category">
                                    <button class="back responsivo responsivo-tablet"></button>
                                        <span>Babé [até aos 36 meses]</span>
                                </div>
                            </li>
                            <li class="go-to-category-child">
                                <a href="#">Ver Babé [até aos 36 meses]</a>
                            </li>
                                <span class="shop-by-cat-text">Comprar por categor&iacute;as</span>
                            <li>
                                <a href="#">Bodies, Babygrows e Interiores</a>
                            </li>
                            <li>
                                <a href="#">Calças e Calções</a>
                            </li>
                            <li>
                                <a href="#">Babetes</a>
                            </li>
                            <li>
                                <a href="#">Mantas e Fraldas de Pano</a>
                            </li>
                        </ul>
                    </li>
                            <li>
                                <a href="#">Criança [2-14 anos]</a>
                                    <span class="iconCategory arrow-mobile RD_Desplegar2"></span>
            
                        <ul class="grandchild-menu">
                            <li>
                                <div class="back-to-category">
                                    <button class="back responsivo responsivo-tablet"></button>
                                        <span>Criança [2-14 anos]</span>
                                </div>
                            </li>
                            <li class="go-to-category-child">
                                <a href="#">Ver Criança [2-14 anos]</a>
                            </li>
                                <span class="shop-by-cat-text">Comprar por categor&iacute;as</span>
                            <li>
                                <a href="#">Pijamas e Interiores</a>
                            </li>
                            <li>
                                <a href="#">T-shirts e Camisas</a>
                            </li>
                            <li>
                                <a href="#">Camisolas e Casacos</a>
                            </li>
                            <li>
                                <a href="#">Calças e Calções</a>
                            </li>
                            <li>
                                <a href="#">Parkas e Blusões</a>
                            </li>
                            <li>
                                <a href="#">Calçado e Acessórios</a>
                            </li>
                        </ul>
                    </li>
                            <li>
                                <a href="#">Mulher</a>
                                    <span class="iconCategory arrow-mobile RD_Desplegar2"></span>
            
                        <ul class="grandchild-menu">
                            <li>
                                <div class="back-to-category">
                                    <button class="back responsivo responsivo-tablet"></button>
                                        <span>Mulher</span>
                                </div>
                            </li>
                            <li class="go-to-category-child">
                                <a href="#">Ver Mulher</a>
                            </li>
                                <span class="shop-by-cat-text">Comprar por categor&iacute;as</span>
                            <li>
                                <a href="#">Pijamas e Interiores</a>
                            </li>
                            <li>
                                <a href="#">T-shirts, Blusas e Tops</a>
                            </li>
                            <li>
                                <a href="#">Calças, Saias e Calções</a>
                            </li>
                        </ul>
                    </li>
                            <li>
                                <a href="#">Homem</a>
                                    <span class="iconCategory arrow-mobile RD_Desplegar2"></span>
            
                        <ul class="grandchild-menu">
                            <li>
                                <div class="back-to-category">
                                    <button class="back responsivo responsivo-tablet"></button>
                                        <span>Homem</span>
                                </div>
                            </li>
                            <li class="go-to-category-child">
                                <a href="#">Ver Homem</a>
                            </li>
                                <span class="shop-by-cat-text">Comprar por categor&iacute;as</span>
                            <li>
                                <a href="#">Pijamas e Interiores</a>
                            </li>
                            <li>
                                <a href="#">Camisolas e Casacos</a>
                            </li>
                            <li>
                                <a href="#">T-shirts e Camisas</a>
                            </li>
                            <li>
                                <a href="#">Jeans, Calças e Calções</a>
                            </li>
                        </ul>
                    </li>
                            <li>
                                <a href="#">Calçado, Meias e Acessórios</a>
                                    <span class="iconCategory arrow-mobile RD_Desplegar2"></span>
            
                        <ul class="grandchild-menu">
                            <li>
                                <div class="back-to-category">
                                    <button class="back responsivo responsivo-tablet"></button>
                                        <span>Calçado, Meias e Acessórios</span>
                                </div>
                            </li>
                            <li class="go-to-category-child">
                                <a href="#">Ver Calçado, Meias e Acessórios</a>
                            </li>
                                <span class="shop-by-cat-text">Comprar por categor&iacute;as</span>
                        </ul>
                    </li>
            
                            <li>
                                <a href="#">Roupa de Desporto</a>
                                    <span class="iconCategory arrow-mobile RD_Desplegar2"></span>
            
                        <ul class="grandchild-menu">
                            <li>
                                <div class="back-to-category">
                                    <button class="back responsivo responsivo-tablet"></button>
                                        <span>Roupa de Desporto</span>
                                </div>
                            </li>
                            <li class="go-to-category-child">
                                <a href="#">Ver Roupa de Desporto</a>
                            </li>
                                <span class="shop-by-cat-text">Comprar por categor&iacute;as</span>
                            <li>
                                <a href="#">T-shirts e Tops</a>
                            </li>
                            <li>
                                <a href="#">Camisolas e Casacos</a>
                            </li>
                            <li>
                                <a href="#">Calções, Calças e Leggings</a>
                            </li>
                            <li>
                                <a href="#">Calçado, Meias e Acessórios</a>
                            </li>
                        </ul>
                    </li>
            
                            <li>
                                <a href="#">Fatos de Banho, Chinelos e Toalhas</a>
                                    <span class="iconCategory arrow-mobile RD_Desplegar2"></span>
            
                        <ul class="grandchild-menu">
                            <li>
                                <div class="back-to-category">
                                    <button class="back responsivo responsivo-tablet"></button>
                                        <span>Fatos de Banho, Chinelos e Toalhas</span>
                                </div>
                            </li>
                            <li class="go-to-category-child">
                                <a href="#">Ver Fatos de Banho, Chinelos e Toalhas</a>
                            </li>
                                <span class="shop-by-cat-text">Comprar por categor&iacute;as</span>
                        </ul>
                    </li>
            
                            <li>
                                <a href="#">Malas e Acessórios de Viagem</a>
                                    <span class="iconCategory arrow-mobile RD_Desplegar2"></span>
            
                        <ul class="grandchild-menu">
                            <li>
                                <div class="back-to-category">
                                    <button class="back responsivo responsivo-tablet"></button>
                                        <span>Malas e Acessórios de Viagem</span>
                                </div>
                            </li>
                            <li class="go-to-category-child">
                                <a href="#">Ver Malas e Acessórios de Viagem</a>
                            </li>
                                <span class="shop-by-cat-text">Comprar por categor&iacute;as</span>
                            <li>
                                <a href="#">Malas de Cabine</a>
                            </li>
                            <li>
                                <a href="#">Malas de Viagem Médias</a>
                            </li>
                            <li>
                                <a href="#">Malas de Viagem Grandes</a>
                            </li>
                            <li>
                                <a href="#">Mochilas</a>
                            </li>
                            <li>
                                <a href="#">Acessórios de Viagem</a>
                            </li>
                        </ul>
                    </li>
                </ul>
            </div>
            </li>
    
    
    </div>
    </div>
    </div>
    </header>
    
    
                    <script type="text/javascript" src='https://s3.dia.es/compra-online/wro/dia_lib1_js-c7e239f47e57ded8d7f817a14cf95abd.js'></script>
                    <script type="text/javascript" src='https://s0.dia.es/compra-online/wro/dia_custom1_js-ef56e90e7f5dfbb087e04d6d28dc9d78.js'></script>
                    <script type="text/javascript" src='https://s0.dia.es/compra-online/wro/dia_custom2_js-5200ba4e059a90b270cbbae470479a62.js'></script>
    
                    <script type="text/javascript" src='https://s3.dia.es/compra-online/wro/dia_custom3_js-f896ba5062b8d45e90936947d7373aea.js'></script>
                    <script type="text/javascript">
                            $(function() {
                                $("#prod_tabs").tabs({
                                    selected : 0
                                });
                            });
                        </script>
                    <script type="text/javascript" src='https://s0.dia.es/compra-online/wro/dia_custom4_js-e22c2ac653a0df9e8f56da44c3eb893c.js'></script>
            
                    <script type="text/javascript" src='https://s3.dia.es/compra-online/wro/dia_custom5_js-d8ba3a0ee218014859727a18f3252cb1.js'></script>
            
                    <script type="text/javascript" src='https://s0.dia.es/compra-online/wro/dia_custom_landing_express-55a68d3dd54ca18c4cd3e86a4cde6cf6.js'></script>
            
                    <script type="text/javascript" src='https://s3.dia.es/compra-online/wro/dia_addons_js-2445e5583cc637840e58b3cf743f3d3a.js'></script>
            
                <script type="text/javascript">
            
                var BrainSINSModel = { data: {}};
            
                BrainSINSModel.data.token = "BS-8625485410-1";
                BrainSINSModel.data.language = "52507";
                BrainSINSModel.data.userEmail = "";
                BrainSINSModel.data.productId = "";
                BrainSINSModel.data.totalAmount = "";
                BrainSINSModel.data.typePage = "home";
                BrainSINSModel.data.categories = "";
            
                var brainsinsAddButtonText = "Adicionar";
                var brainsinsUnavailableProductText = "Não disponível";
                var brainsinsSelectColorButtonText = "Escolha uma cor";
                var brainsinsRequestCartUrl = "#";
                var brainsinsSecuredRequestCartUrl = "#";
            
            </script>
            
            
            <script type="text/javascript" src="https://customers.dia.es/v1.js"></script>
    
            <!--Conteúdo Principal-->
            <div role="main" id="maincontent" data-private-area="false">
                <div class="container-margin search-results">
                <div class="row search-nav">
                <div class="col-12 search-results-breadcrumbs">
                <div class="row hidden-s-down">
                <div class="col category_breadcrumbs">
                <ul class="breadcrumbs" itemscope itemtype="http://schema.org/BreadcrumbList">
                <li class="breadcrumbs-item" itemprop="itemListElement" itemscope itemtype="http://schema.org/ListItem">
                <a href="../index.html" data-toggle="tooltip" data-placement="right" title="P&aacute;gina inicial" itemprop="item">
                <span itemprop="name" class="d-none">P&aacute;gina inicial</span>
                <span class="svg-wrapper svg-icon-home" style="width:12px; height:12px">
                <svg class='svg-inline icon-home' xmlns='http://www.w3.org/2000/svg' width='100%' height='100%' viewBox='0 0 12 12'><path fill='#989898' fill-rule='evenodd' d='M11.677 5.22l-.001-.001L6.78.324A1.097 1.097 0 0 0 5.999 0c-.295 0-.572.115-.78.324L.325 5.216l-.005.005a1.106 1.106 0 0 0 .769 1.884h.195v3.602c0 .713.58 1.293 1.293 1.293h1.915a.352.352 0 0 0 .352-.352V8.824a.59.59 0 0 1 .59-.59h1.13a.59.59 0 0 1 .59.59v2.824c0 .195.157.352.35.352h1.916c.713 0 1.293-.58 1.293-1.293V7.105h.18a1.106 1.106 0 0 0 .782-1.885zm-.498 1.064a.4.4 0 0 1-.284.118h-.533a.352.352 0 0 0-.351.351v3.954a.59.59 0 0 1-.59.59H7.857V8.824c0-.713-.58-1.293-1.293-1.293h-1.13c-.712 0-1.292.58-1.292 1.293v2.473H2.578a.59.59 0 0 1-.59-.59V6.753a.352.352 0 0 0-.351-.351h-.524L1.097 6.4a.402.402 0 0 1-.277-.685L5.717.82a.399.399 0 0 1 .567 0l4.894 4.893.002.003a.402.402 0 0 1 0 .567z' /></svg>
                </span>
                </a>
                <meta itemprop="position" content="1" />
                </li>
                <li class="breadcrumbs-item">
                <span class="svg-wrapper svg-icon-arrow-right-black" style="width:8px; height:8px">
                <svg class='svg-inline icon-arrow-right-black' xmlns='http://www.w3.org/2000/svg' viewBox='0 0 500 500' width='100%' height='100%'><path fill='#32312D' fill-rule='evenodd' d='M 278.93286,275.00926 61.923842,490.20009 c -13.752316,13.69965 -36.147142,13.69965 -49.962542,0 -13.8154,-13.69965 -13.8154,-35.90684 0,-49.54394 L 203.98905,250.23729 11.9613,59.818423 c -13.8154,-13.637094 -13.8154,-35.844287 0,-49.543936 13.8154,-13.6996492 36.210226,-13.6996492 49.962542,0 L 278.93286,225.46532 c 6.93925,6.8811 10.34578,15.82653 10.34578,24.77197 0,8.94543 -3.40653,17.95342 -10.34578,24.77197 z' /></svg>
                </span>
                </li>
                <li class="breadcrumbs-item breadcrumbs-item--last" itemprop="itemListElement" itemscope itemtype="http://schema.org/ListItem">
                <a class="ct-anchor breadcrumb-anchor" href="../Lacticínios e Ovos/lacticinios.html" title="Lacticínios e Ovos" itemprop="item">
                <span class="breadcrumb-fill" itemprop="name">
                Lacticínios e Ovos
                </span>
                </a>
                <meta itemprop="position" content="2.0" />
                </li>
                </ul>
                </div>
                </div>
                </div>
                </div>

                <!--Categorias-->
                <div class="d-flex search-results-title" data-cgid="mercearias">
                    <button type="button" class="btn d-block d-sm-none js-toggle-search-back toggle-search-back" data-href="https://www.continente.pt/">
                    <span class="svg-wrapper svg-icon-arrow-left-small" style="width:20px; height:20px">
                    <svg class="svg-inline icon-arrow-left-small" xmlns="http://www.w3.org/2000/svg" width="100%" height="100%" viewBox="0 0 9 15"><path fill="#EB0203" fill-rule="evenodd" d="M.308 8.243l6.45 6.45a1.05 1.05 0 1 0 1.485-1.486L2.536 7.5l5.707-5.707A1.05 1.05 0 0 0 6.757.308l-6.45 6.45a1.047 1.047 0 0 0 0 1.485z"></path></svg>
                    </span>
                    </button>
                    <h1 class="ct-h3">
                    Lacticínios e Ovos
                    </h1>
                    </div>

                <!--Banners-->
                <div class="search-results-categories-wrapper">
                    <div class="category-layout-wrapper">
                    <div class="row category-layout-container">
                    
                    
                    
                    
                    <div class="col-12 col-sm-3 category-layout-tile" style="" aria-hidden="true" tabindex="0" role="tabpanel" id="slick-slide10" aria-describedby="slick-slide-control10">
                    <div class="category-tile-image ct-border--radius">
                    <a href="https://www.continente.pt/laticinios-e-ovos/leite/" title="Leite" tabindex="-1">
                    <picture class="intrinsic intrinsic--category-tile">
                    <img class="img-fluid ct-border--radius" src="https://www.continente.pt/dw/image/v2/BDVS_PRD/on/demandware.static/-/Sites-global-navigation-catalog/default/dw96398ca0/images/clp/header/laticinios/leite.jpg?sw=600&amp;sh=150" alt="Leite" title="Leite">
                    </picture>
                    </a>
                    </div>
                    <a href="https://www.continente.pt/laticinios-e-ovos/leite/" title="Leite" tabindex="-1">
                    <span class="category-tile-name d-block text-center">Leite</span>
                    </a>
                    </div><div class="col-12 col-sm-3 category-layout-tile" style="" aria-hidden="true" tabindex="-1" role="tabpanel" id="slick-slide11" aria-describedby="slick-slide-control11">
                    <div class="category-tile-image ct-border--radius">
                    <a href="https://www.continente.pt/laticinios-e-ovos/iogurtes/" title="Iogurtes" tabindex="-1">
                     <picture class="intrinsic intrinsic--category-tile">
                    <img class="img-fluid ct-border--radius" src="https://www.continente.pt/dw/image/v2/BDVS_PRD/on/demandware.static/-/Sites-global-navigation-catalog/default/dw4c3295b5/images/clp/header/laticinios/iogurtes.jpg?sw=600&amp;sh=150" alt="Iogurtes" title="Iogurtes">
                    </picture>
                    </a>
                    </div>
                    <a href="https://www.continente.pt/laticinios-e-ovos/iogurtes/" title="Iogurtes" tabindex="-1">
                    <span class="category-tile-name d-block text-center">Iogurtes</span>
                    </a>
                    </div><div class="col-12 col-sm-3 category-layout-tile" style="" aria-hidden="true" tabindex="-1" role="tabpanel" id="slick-slide12" aria-describedby="slick-slide-control12">
                    <div class="category-tile-image ct-border--radius">
                    <a href="https://www.continente.pt/laticinios-e-ovos/manteigas-e-cremes-para-barrar/" title="Manteigas e Cremes para Barrar" tabindex="-1">
                    <picture class="intrinsic intrinsic--category-tile">
                    <img class="img-fluid ct-border--radius" src="https://www.continente.pt/dw/image/v2/BDVS_PRD/on/demandware.static/-/Sites-global-navigation-catalog/default/dw29383bd2/images/clp/header/laticinios/manteigas.jpg?sw=600&amp;sh=150" alt="Manteigas e Cremes para Barrar" title="Manteigas e Cremes para Barrar">
                    </picture>
                    </a>
                    </div>
                    <a href="https://www.continente.pt/laticinios-e-ovos/manteigas-e-cremes-para-barrar/" title="Manteigas e Cremes para Barrar" tabindex="-1">
                    <span class="category-tile-name d-block text-center">Manteigas e Cremes para Barrar</span>
                    </a>
                    </div><div class="col-12 col-sm-3 category-layout-tile" style="" aria-hidden="true" tabindex="-1" role="tabpanel" id="slick-slide13" aria-describedby="slick-slide-control13">
                    <div class="category-tile-image ct-border--radius">
                    <a href="https://www.continente.pt/laticinios-e-ovos/ovos/" title="Ovos" tabindex="-1">
                    <picture class="intrinsic intrinsic--category-tile">
                    <img class="img-fluid ct-border--radius" src="https://www.continente.pt/dw/image/v2/BDVS_PRD/on/demandware.static/-/Sites-global-navigation-catalog/default/dwcb0c3d97/images/clp/header/laticinios/ovos.jpg?sw=600&amp;sh=150" alt="Ovos" title="Ovos">
                    </picture>
                    </a>
                    </div>
                    <a href="https://www.continente.pt/laticinios-e-ovos/ovos/" title="Ovos" tabindex="-1">
                    <span class="category-tile-name d-block text-center">Ovos</span>
                    </a>
                    </div></div>
                    </div>
                    </div>

                <!--Resultados de Pesquisa-->
                <div class="search-results-grid">
                    <div class="refinement-bar">
                    <div class="filter-header">
                    <div class="refinement-header-bar d-md-none">
                    <span class="ct-font--opensans-extrabold">
                    Filtrar por
                    </span>
                    <span class="product-count pull-right">
                    957 Produtos
                    </span>
                    <button class="pull-right refinement-close" data-toggle="tooltip" data-placement="right" title="" data-original-title="Voltar">
                    <span class="svg-wrapper svg-icon-close" style="width:16px; height:16px">
                    <svg class="svg-inline icon-close" xmlns="http://www.w3.org/2000/svg" viewBox="0 0 16 16" width="100%" height="100%"><path fill="#6F6F6F" fill-rule="evenodd" d="M14.897.19a.646.646 0 01.914.913L8.914 8l6.897 6.897c.227.227.25.581.068.834l-.068.08a.644.644 0 01-.914 0L8 8.914l-6.897 6.897a.643.643 0 01-.358.181L.646 16a.646.646 0 01-.457-1.103L7.086 8 .189 1.103A.646.646 0 01.121.27L.19.19a.646.646 0 01.914 0L8 7.086z"></path></svg>
                    </span>
                    </button>
                    </div>
                    </div>
                    <div class="refinements-container">
                    <div class="refinements">
                    <div class="collapsible-lg ct-border--radius active refinement refinement-category" data-refinement-type="category">
                    <div class="col-sm-12">
                    <button class="title refinement-title text-left btn-block ct-font--opensans-bold d-flex justify-content-between" aria-controls="refinement-categorias" aria-expanded="false">
                    <span class="refinement-title-text">
                    Categorias
                    </span>
                    <span class="refinement-closed">
                    <span class="svg-wrapper svg-icon-arrow-down" style="width:15px; height:15px">
                    <svg class="svg-inline icon-arrow-down" xmlns="http://www.w3.org/2000/svg" viewBox="0 0 12 13" width="100%" height="100%"><path fill="#EB0203" fill-rule="evenodd" d="M5.406 9.174l-5.16-5.16a.84.84 0 111.189-1.188L6 7.39l4.565-4.565a.84.84 0 011.189 1.188l-5.16 5.16a.837.837 0 01-1.188 0z"></path></svg>
                    </span>
                    </span>
                    <span class="refinement-opened">
                    <span class="svg-wrapper svg-icon-arrow-up" style="width:auto; height:auto">
                    <svg class="svg-inline icon-arrow-up" xmlns="http://www.w3.org/2000/svg" viewBox="0 0 15 9" width="15" height="9"><path fill="#EB0203" fill-rule="evenodd" d="M6.757.532l-6.45 6.45a1.05 1.05 0 1 0 1.486 1.486L7.5 2.76l5.707 5.707a1.05 1.05 0 0 0 1.485-1.486L8.242.532a1.047 1.047 0 0 0-1.485 0z"></path></svg>
                    </span>
                    </span>
                    </button>
                    </div>
                    <div class="content value refinement-content category-refinements-container" id="refinement-categorias">
                    <div class="search-refinement-wrapper">
                    <label class="visually-hidden" for="categoryRefinementSearch">
                    Procurar por categorias
                    </label>
                    <input id="searchbar" type="text" title class="form-control ct-form-input search-refinement" name="searchbar" placeholder="Procurar por Categorias" data-filter="category"/>  
                    <span class="svg-wrapper svg-icon-search" style="width:20px; height:20px">
                    <svg class="svg-inline icon-search" xmlns="http://www.w3.org/2000/svg" width="100%" height="100%" viewBox="0 0 20 20"><path fill="#EB0203" fill-rule="evenodd" d="M8.667 0a8.667 8.667 0 016.582 14.305l4.441 4.443.054.06a.666.666 0 11-.936.936.628.628 0 01-.06-.054l-4.443-4.441A8.667 8.667 0 118.667 0zm0 1.333a7.333 7.333 0 100 14.667 7.333 7.333 0 000-14.667z"></path></svg>
                    </span>
                    </div>
                    <div class="js-category-refinements-wrapper category-refinement-wrapper">
                    <ul class="values content row js-category-first-level category-first-level category-level-displayed disableCategoryButton">
                                    <li class="refinement-value filter-selected w-100 top-element selected">
                                        <a class="category-refinement-btn has-dropdown active d-flex justify-content-between is-selected" href="" data-category-id="laticinios" data-cgid="laticinios">
                                            
                                <span title="Laticínios e Ovos" class="ct-font--opensans-bold refine-link" aria-hidden="true" data-has-childs="true">
                                    Laticínios e Ovos<span class="hit-count"> (957)</span>
                                </span>
                            
                                <span class="ml-auto d-flex align-items-center hideProductFromCategory">
                                    <span class="svg-wrapper svg-icon-arrow-down" style="width:12px; height:13px">
                    <svg class="svg-inline icon-arrow-down" xmlns="http://www.w3.org/2000/svg" viewBox="0 0 12 13" width="100%" height="100%"><path fill="#EB0203" fill-rule="evenodd" d="M5.406 9.174l-5.16-5.16a.84.84 0 111.189-1.188L6 7.39l4.565-4.565a.84.84 0 011.189 1.188l-5.16 5.16a.837.837 0 01-1.188 0z"></path></svg>
                    </span><span class="svg-wrapper svg-icon-arrow-up" style="width:auto; height:auto">
                    <svg class="svg-inline icon-arrow-up" xmlns="http://www.w3.org/2000/svg" viewBox="0 0 15 9" width="15" height="9"><path fill="#EB0203" fill-rule="evenodd" d="M6.757.532l-6.45 6.45a1.05 1.05 0 1 0 1.486 1.486L7.5 2.76l5.707 5.707a1.05 1.05 0 0 0 1.485-1.486L8.242.532a1.047 1.047 0 0 0-1.485 0z"></path></svg>
                    </span>
                                </span>
                            
                                <span class="sr-only selected-assistive-text">
                                    Laticínios e Ovos<span class="hit-count"> (957)</span>
                                </span>
                            
                                        </a>
                                        
                                    
                                
                                    </li>
                                
                                <li class="refinement-value w-100 top-element category-refinement-element hideProductFromCategory">
                                    <a class="category-refinement-btn  " href="https://www.continente.pt/feira-casa-outono/" data-category-id="campanhas-feira-casa-outono" data-cgid="campanhas-feira-casa-outono">
                                        
                                <span title="Feira Casa Outono" class="refine-link" aria-hidden="true" data-has-childs="false">
                                    Feira Casa Outono<span class="hit-count"> (19)</span>
                                </span>
                            
                                <span class="sr-only selected-assistive-text">
                                    Feira Casa Outono<span class="hit-count"> (19)</span>
                                </span>
                            
                                    </a>
                                </li>
                            
                                <li class="refinement-value w-100 top-element category-refinement-element hideProductFromCategory">
                                    <a class="category-refinement-btn  " href="https://www.continente.pt/mercearia/" data-category-id="mercearias" data-cgid="mercearias">
                                        
                                <span title="Mercearia" class="refine-link" aria-hidden="true" data-has-childs="false">
                                    Mercearia<span class="hit-count"> (5194)</span>
                                </span>
                            
                                <span class="sr-only selected-assistive-text">
                                    Mercearia<span class="hit-count"> (5194)</span>
                                </span>
                            
                                    </a>
                                </li>
                            
                                <li class="refinement-value w-100 top-element category-refinement-element hideProductFromCategory">
                                    <a class="category-refinement-btn  " href="https://www.continente.pt/bio-e-escolhas-alimentares/" data-category-id="biologicos" data-cgid="biologicos">
                                        
                                <span title="Bio e Escolhas Alimentares" class="refine-link" aria-hidden="true" data-has-childs="false">
                                    Bio e Escolhas Alimentares<span class="hit-count"> (2228)</span>
                                </span>
                            
                                <span class="sr-only selected-assistive-text">
                                    Bio e Escolhas Alimentares<span class="hit-count"> (2228)</span>
                                </span>
                            
                                    </a>
                                </li>
                            
                                <li class="refinement-value w-100 top-element category-refinement-element hideProductFromCategory">
                                    <a class="category-refinement-btn  " href="https://www.continente.pt/peixaria-e-talho/" data-category-id="peixaria-e-talho" data-cgid="peixaria-e-talho">
                                        
                                <span title="Peixaria e Talho" class="refine-link" aria-hidden="true" data-has-childs="false">
                                    Peixaria e Talho<span class="hit-count"> (708)</span>
                                </span>
                            
                                <span class="sr-only selected-assistive-text">
                                    Peixaria e Talho<span class="hit-count"> (708)</span>
                                </span>
                            
                                    </a>
                                </li>
                            
                                <li class="refinement-value w-100 view-more-elem  hide-refinement category-refinement-element">
                                    <a class="category-refinement-btn  " href="https://www.continente.pt/frutas-e-legumes/" data-category-id="frutas-legumes" data-cgid="frutas-legumes">
                                        
                                <span title="Frutas e Legumes" class="refine-link" aria-hidden="true" data-has-childs="false">
                                    Frutas e Legumes<span class="hit-count"> (578)</span>
                                </span>
                            
                                <span class="sr-only selected-assistive-text">
                                    Frutas e Legumes<span class="hit-count"> (578)</span>
                                </span>
                            
                                    </a>
                                </li>
                            
                                <li class="refinement-value w-100 view-more-elem  hide-refinement category-refinement-element">
                                    <a class="category-refinement-btn  " href="https://www.continente.pt/charcutaria-e-queijos/" data-category-id="charcutaria-queijo" data-cgid="charcutaria-queijo">
                                        
                                <span title="Charcutaria e Queijos" class="refine-link" aria-hidden="true" data-has-childs="false">
                                    Charcutaria e Queijos<span class="hit-count"> (731)</span>
                                </span>
                            
                                <span class="sr-only selected-assistive-text">
                                    Charcutaria e Queijos<span class="hit-count"> (731)</span>
                                </span>
                            
                                    </a>
                                </li>
                            
                                <li class="refinement-value w-100 view-more-elem  hide-refinement category-refinement-element">
                                    <a class="category-refinement-btn  " href="https://www.continente.pt/padaria-e-pastelaria/" data-category-id="padaria-e-pastelaria" data-cgid="padaria-e-pastelaria">
                                        
                                <span title="Padaria e Pastelaria" class="refine-link" aria-hidden="true" data-has-childs="false">
                                    Padaria e Pastelaria<span class="hit-count"> (541)</span>
                                </span>
                            
                                <span class="sr-only selected-assistive-text">
                                    Padaria e Pastelaria<span class="hit-count"> (541)</span>
                                </span>
                            
                                    </a>
                                </li>
                            
                                <li class="refinement-value w-100 view-more-elem  hide-refinement category-refinement-element">
                                    <a class="category-refinement-btn  " href="https://www.continente.pt/refeicoes-faceis/" data-category-id="refeicoes-faceis" data-cgid="refeicoes-faceis">
                                        
                                <span title="Refeições Fáceis" class="refine-link" aria-hidden="true" data-has-childs="false">
                                    Refeições Fáceis<span class="hit-count"> (693)</span>
                                </span>
                            
                                <span class="sr-only selected-assistive-text">
                                    Refeições Fáceis<span class="hit-count"> (693)</span>
                                </span>
                            
                                    </a>
                                </li>
                            
                                <li class="refinement-value w-100 view-more-elem  hide-refinement category-refinement-element">
                                    <a class="category-refinement-btn  " href="https://www.continente.pt/congelados/" data-category-id="congelados" data-cgid="congelados">
                                        
                                <span title="Congelados" class="refine-link" aria-hidden="true" data-has-childs="false">
                                    Congelados<span class="hit-count"> (834)</span>
                                </span>
                            
                                <span class="sr-only selected-assistive-text">
                                    Congelados<span class="hit-count"> (834)</span>
                                </span>
                            
                                    </a>
                                </li>
                            
                                <li class="refinement-value w-100 view-more-elem  hide-refinement category-refinement-element">
                                    <a class="category-refinement-btn  " href="https://www.continente.pt/bebidas-e-garrafeira/" data-category-id="bebidas" data-cgid="bebidas">
                                        
                                <span title="Bebidas e Garrafeira" class="refine-link" aria-hidden="true" data-has-childs="false">
                                    Bebidas e Garrafeira<span class="hit-count"> (2638)</span>
                                </span>
                            
                                <span class="sr-only selected-assistive-text">
                                    Bebidas e Garrafeira<span class="hit-count"> (2638)</span>
                                </span>
                            
                                    </a>
                                </li>
                            
                                <li class="refinement-value w-100 view-more-elem  hide-refinement category-refinement-element">
                                    <a class="category-refinement-btn  " href="https://www.continente.pt/beleza-e-higiene/" data-category-id="higiene-beleza" data-cgid="higiene-beleza">
                                        
                                <span title="Beleza e Higiene" class="refine-link" aria-hidden="true" data-has-childs="false">
                                    Beleza e Higiene<span class="hit-count"> (4045)</span>
                                </span>
                            
                                <span class="sr-only selected-assistive-text">
                                    Beleza e Higiene<span class="hit-count"> (4045)</span>
                                </span>
                            
                                    </a>
                                </li>
                            
                                <li class="refinement-value w-100 view-more-elem  hide-refinement category-refinement-element">
                                    <a class="category-refinement-btn  " href="https://www.continente.pt/bebe/" data-category-id="bebe" data-cgid="bebe">
                                        
                                <span title="Bebé" class="refine-link" aria-hidden="true" data-has-childs="false">
                                    Bebé<span class="hit-count"> (1382)</span>
                                </span>
                            
                                <span class="sr-only selected-assistive-text">
                                    Bebé<span class="hit-count"> (1382)</span>
                                </span>
                            
                                    </a>
                                </li>
                            
                                <li class="refinement-value w-100 view-more-elem  hide-refinement category-refinement-element">
                                    <a class="category-refinement-btn  " href="https://www.continente.pt/limpeza/" data-category-id="limpeza" data-cgid="limpeza">
                                        
                                <span title="Limpeza" class="refine-link" aria-hidden="true" data-has-childs="false">
                                    Limpeza<span class="hit-count"> (1737)</span>
                                </span>
                            
                                <span class="sr-only selected-assistive-text">
                                    Limpeza<span class="hit-count"> (1737)</span>
                                </span>
                            
                                    </a>
                                </li>
                            
                                <li class="refinement-value w-100 view-more-elem  hide-refinement category-refinement-element">
                                    <a class="category-refinement-btn  " href="https://www.continente.pt/casa-bricolage-e-jardim/" data-category-id="casa" data-cgid="casa">
                                        
                                <span title="Casa, Bricolage e Jardim" class="refine-link" aria-hidden="true" data-has-childs="false">
                                    Casa, Bricolage e Jardim<span class="hit-count"> (5035)</span>
                                </span>
                            
                                <span class="sr-only selected-assistive-text">
                                    Casa, Bricolage e Jardim<span class="hit-count"> (5035)</span>
                                </span>
                            
                                    </a>
                                </li>
                            
                                <li class="refinement-value w-100 view-more-elem  hide-refinement category-refinement-element">
                                    <a class="category-refinement-btn  " href="https://www.continente.pt/animais-by-zu/" data-category-id="animais" data-cgid="animais">
                                        
                                <span title="Animais by ZU" class="refine-link" aria-hidden="true" data-has-childs="false">
                                    Animais by ZU<span class="hit-count"> (2692)</span>
                                </span>
                            
                                <span class="sr-only selected-assistive-text">
                                    Animais by ZU<span class="hit-count"> (2692)</span>
                                </span>
                            
                                    </a>
                                </li>
                            
                                <li class="refinement-value w-100 view-more-elem  hide-refinement category-refinement-element">
                                    <a class="category-refinement-btn  " href="https://www.continente.pt/brinquedos-e-jogos/" data-category-id="brinquedos" data-cgid="brinquedos">
                                        
                                <span title="Brinquedos e Jogos" class="refine-link" aria-hidden="true" data-has-childs="false">
                                    Brinquedos e Jogos<span class="hit-count"> (2965)</span>
                                </span>
                            
                                <span class="sr-only selected-assistive-text">
                                    Brinquedos e Jogos<span class="hit-count"> (2965)</span>
                                </span>
                            
                                    </a>
                                </li>
                            
                                <li class="refinement-value w-100 view-more-elem  hide-refinement category-refinement-element">
                                    <a class="category-refinement-btn  " href="https://www.continente.pt/livraria-e-papelaria/" data-category-id="livraria-papelaria" data-cgid="livraria-papelaria">
                                        
                                <span title="Livraria e Papelaria" class="refine-link" aria-hidden="true" data-has-childs="false">
                                    Livraria e Papelaria<span class="hit-count"> (5740)</span>
                                </span>
                            
                                <span class="sr-only selected-assistive-text">
                                    Livraria e Papelaria<span class="hit-count"> (5740)</span>
                                </span>
                            
                                    </a>
                                </li>
                            
                                <li class="refinement-value w-100 view-more-elem  hide-refinement category-refinement-element">
                                    <a class="category-refinement-btn  " href="https://www.continente.pt/desporto-e-ar-livre/" data-category-id="desporto-ar-livre" data-cgid="desporto-ar-livre">
                                        
                                <span title="Desporto e Ar Livre" class="refine-link" aria-hidden="true" data-has-childs="false">
                                    Desporto e Ar Livre<span class="hit-count"> (164)</span>
                                </span>
                            
                                <span class="sr-only selected-assistive-text">
                                    Desporto e Ar Livre<span class="hit-count"> (164)</span>
                                </span>
                            
                                    </a>
                                </li>
                            
                                <li class="refinement-value w-100 view-more-elem  hide-refinement category-refinement-element">
                                    <a class="category-refinement-btn  " href="https://www.continente.pt/roupa-calcado-bagagens/" data-category-id="vestuario-calcado" data-cgid="vestuario-calcado">
                                        
                                <span title="Roupa, Calçado, Bagagens" class="refine-link" aria-hidden="true" data-has-childs="false">
                                    Roupa, Calçado, Bagagens<span class="hit-count"> (282)</span>
                                </span>
                            
                                <span class="sr-only selected-assistive-text">
                                    Roupa, Calçado, Bagagens<span class="hit-count"> (282)</span>
                                </span>
                            
                                    </a>
                                </li>
                            
                            <li class="refinement-value w-100 category-refinement-element refinement-link show-more hideProductFromCategory">
                                <a class="ct-anchor js-refinement-show-more refinement-show-more" data-label-view-more="Ver mais" data-label-view-less="Ver menos" href="#">
                                    Ver mais
                                </a>
                            </li>
                        </ul>
                    <ul class="values content row js-category-second-level category-second-level">
                                        
                                <li class="refinement-value w-100    category-refinement-element">
                                    <a class="category-refinement-btn  " href="https://www.continente.pt/campanhas/grandes-marcas-compre-mais-por-menos/?start=0&amp;pmin=0.01&amp;prefn1=memorySize&amp;prefv1=Latic%C3%ADnios" data-category-id="laticinios-grandes-marcas-mais-por-menos" data-cgid="laticinios-grandes-marcas-mais-por-menos">
                                        
                                <span title="Grandes Marcas, Compre + Por -" class="refine-link" aria-hidden="true" data-has-childs="false">
                                    Grandes Marcas, Compre + Por -<span class="hit-count"> (3)</span>
                                </span>
                            
                                <span class="sr-only selected-assistive-text">
                                    Grandes Marcas, Compre + Por -<span class="hit-count"> (3)</span>
                                </span>
                            
                                    </a>
                                </li>
                            
                                <li class="refinement-value w-100    category-refinement-element">
                                    <a class="category-refinement-btn  " href="https://www.continente.pt/laticinios-e-ovos/ovos/" data-category-id="laticinios-ovos" data-cgid="laticinios-ovos">
                                        
                                <span title="Ovos" class="refine-link" aria-hidden="true" data-has-childs="false">
                                    Ovos<span class="hit-count"> (15)</span>
                                </span>
                            
                                <span class="sr-only selected-assistive-text">
                                    Ovos<span class="hit-count"> (15)</span>
                                </span>
                            
                                    </a>
                                </li>
                            
                                <li class="refinement-value w-100    category-refinement-element">
                                    <a class="category-refinement-btn  " href="https://www.continente.pt/laticinios-e-ovos/leite/" data-category-id="laticinios-leite" data-cgid="laticinios-leite">
                                        
                                <span title="Leite" class="refine-link" aria-hidden="true" data-has-childs="false">
                                    Leite<span class="hit-count"> (118)</span>
                                </span>
                            
                                <span class="sr-only selected-assistive-text">
                                    Leite<span class="hit-count"> (118)</span>
                                </span>
                            
                                    </a>
                                </li>
                            
                                <li class="refinement-value w-100    category-refinement-element">
                                    <a class="category-refinement-btn  " href="https://www.continente.pt/laticinios-e-ovos/iogurtes/" data-category-id="laticinios-iogurtes" data-cgid="laticinios-iogurtes">
                                        
                                <span title="Iogurtes" class="refine-link" aria-hidden="true" data-has-childs="false">
                                    Iogurtes<span class="hit-count"> (492)</span>
                                </span>
                            
                                <span class="sr-only selected-assistive-text">
                                    Iogurtes<span class="hit-count"> (492)</span>
                                </span>
                            
                                    </a>
                                </li>
                            
                                <li class="refinement-value w-100    category-refinement-element">
                                    <a class="category-refinement-btn  " href="https://www.continente.pt/laticinios-e-ovos/manteigas-e-cremes-para-barrar/" data-category-id="laticinios-manteigas-cremes-vegetais" data-cgid="laticinios-manteigas-cremes-vegetais">
                                        
                                <span title="Manteigas e Cremes para Barrar" class="refine-link" aria-hidden="true" data-has-childs="false">
                                    Manteigas e Cremes para Barrar<span class="hit-count"> (66)</span>
                                </span>
                            
                                <span class="sr-only selected-assistive-text">
                                    Manteigas e Cremes para Barrar<span class="hit-count"> (66)</span>
                                </span>
                            
                                    </a>
                                </li>
                            
                                <li class="refinement-value w-100 view-more-elem  hide-refinement category-refinement-element">
                                    <a class="category-refinement-btn  " href="https://www.continente.pt/laticinios-e-ovos/natas-e-bechamel/" data-category-id="laticinios-natas-bechamel-chantilly" data-cgid="laticinios-natas-bechamel-chantilly">
                                        
                                <span title="Natas e Bechamel" class="refine-link" aria-hidden="true" data-has-childs="false">
                                    Natas e Bechamel<span class="hit-count"> (53)</span>
                                </span>
                            
                                <span class="sr-only selected-assistive-text">
                                    Natas e Bechamel<span class="hit-count"> (53)</span>
                                </span>
                            
                                    </a>
                                </li>
                            
                                <li class="refinement-value w-100 view-more-elem  hide-refinement category-refinement-element">
                                    <a class="category-refinement-btn  " href="https://www.continente.pt/laticinios-e-ovos/bebidas-vegetais/" data-category-id="laticinios-ovos-bebidas-vegetais" data-cgid="laticinios-ovos-bebidas-vegetais">
                                        
                                <span title="Bebidas Vegetais" class="refine-link" aria-hidden="true" data-has-childs="false">
                                    Bebidas Vegetais<span class="hit-count"> (115)</span>
                                </span>
                            
                                <span class="sr-only selected-assistive-text">
                                    Bebidas Vegetais<span class="hit-count"> (115)</span>
                                </span>
                            
                                    </a>
                                </li>
                            
                                <li class="refinement-value w-100 view-more-elem  hide-refinement category-refinement-element">
                                    <a class="category-refinement-btn  " href="https://www.continente.pt/laticinios-e-ovos/sobremesas/" data-category-id="laticinios-sobremesas" data-cgid="laticinios-sobremesas">
                                        
                                <span title="Sobremesas" class="refine-link" aria-hidden="true" data-has-childs="false">
                                    Sobremesas<span class="hit-count"> (99)</span>
                                </span>
                            
                                <span class="sr-only selected-assistive-text">
                                    Sobremesas<span class="hit-count"> (99)</span>
                                </span>
                            
                                    </a>
                                </li>
                            
                                <li class="refinement-value w-100 view-more-elem  hide-refinement category-refinement-element">
                                    <a class="category-refinement-btn  " href="https://www.continente.pt/charcutaria-e-queijos/queijos/" data-category-id="laticinios-queijos" data-cgid="laticinios-queijos">
                                        
                                <span title="Queijos" class="refine-link" aria-hidden="true" data-has-childs="false">
                                    Queijos<span class="hit-count"> (27)</span>
                                </span>
                            
                                <span class="sr-only selected-assistive-text">
                                    Queijos<span class="hit-count"> (27)</span>
                                </span>
                            
                                    </a>
                                </li>
                            
                            <li class="refinement-value w-100 category-refinement-element refinement-link show-more ">
                                <a class="ct-anchor js-refinement-show-more refinement-show-more" data-label-view-more="Ver mais" data-label-view-less="Ver menos" href="#">
                                    Ver mais
                                </a>
                            </li>
                        
                                    </ul>
                    <ul class="values content row js-category-third-level category-third-level hide-refinement">
                    </ul>
                    <ul class="values content row js-category-forth-level category-forth-level hide-refinement">
                    </ul>
                    </div>
                    
                    <div class="d-none">
                    <span class="label-show-more">Ver mais</span>
                    <span class="label-show-less">Ver menos</span>
                    </div>
                    </div>
                    </div>
                    <div class="collapsible-lg ct-border--radius active refinement refinement-brand" data-refinement-type="brand">
                    <div class="col-sm-12">
                    <button class="title refinement-title text-left btn-block ct-font--opensans-bold d-flex justify-content-between" aria-controls="refinement-marcas" aria-expanded="false">
                    <span class="refinement-title-text">
                    Marcas
                    </span>
                    <span class="refinement-closed">
                    <span class="svg-wrapper svg-icon-arrow-down" style="width:15px; height:15px">
                    <svg class="svg-inline icon-arrow-down" xmlns="http://www.w3.org/2000/svg" viewBox="0 0 12 13" width="100%" height="100%"><path fill="#EB0203" fill-rule="evenodd" d="M5.406 9.174l-5.16-5.16a.84.84 0 111.189-1.188L6 7.39l4.565-4.565a.84.84 0 011.189 1.188l-5.16 5.16a.837.837 0 01-1.188 0z"></path></svg>
                    </span>
                    </span>
                    <span class="refinement-opened">
                    <span class="svg-wrapper svg-icon-arrow-up" style="width:auto; height:auto">
                    <svg class="svg-inline icon-arrow-up" xmlns="http://www.w3.org/2000/svg" viewBox="0 0 15 9" width="15" height="9"><path fill="#EB0203" fill-rule="evenodd" d="M6.757.532l-6.45 6.45a1.05 1.05 0 1 0 1.486 1.486L7.5 2.76l5.707 5.707a1.05 1.05 0 0 0 1.485-1.486L8.242.532a1.047 1.047 0 0 0-1.485 0z"></path></svg>
                    </span>
                    </span>
                    </button>
                    </div>
                    <div class="content value refinement-content " id="refinement-marcas">
                    <ul class="values content row">
                    <li class="search-refinement-value w-100 d-block">
                    <div class="search-refinement-wrapper">
                    <label class="visually-hidden" for="brandRefinementSearch">
                    Procurar por marcas
                    </label>
                    <input id="searchbar" type="text" class="form-control ct-form-input search-refinement" name="searchbar" placeholder="Procurar por Marcas" data-filter="brand"/> 
                    <span class="svg-wrapper svg-icon-search" style="width:20px; height:20px">
                    <svg class="svg-inline icon-search" xmlns="http://www.w3.org/2000/svg" width="100%" height="100%" viewBox="0 0 20 20"><path fill="#EB0203" fill-rule="evenodd" d="M8.667 0a8.667 8.667 0 016.582 14.305l4.441 4.443.054.06a.666.666 0 11-.936.936.628.628 0 01-.06-.054l-4.443-4.441A8.667 8.667 0 118.667 0zm0 1.333a7.333 7.333 0 100 14.667 7.333 7.333 0 000-14.667z"></path></svg>
                    </span>
                    </div>
                    </li>
                    <li class="refinement-value   ">
                    <button data-href="/on/demandware.store/Sites-continente-Site/default/Search-ShowAjax?cgid=laticinios&amp;pmin=0%2e01&amp;prefn1=brand&amp;prefv1=Actimel" class="refinement-btn ">
                    <div class="ct-form-checkbox">
                    <input id="Actimel" type="checkbox" title="">
                    <label class="ct-form-check-label" for="Actimel">
                    Actimel <span class="hit-count">(11)</span>
                    </label>
                    <span class="checkmark"></span>
                    </div>
                    <span class="sr-only selected-assistive-text">
                    Refine by Marcas: Actimel
                    </span>
                    </button>
                    </li>
                    <li class="refinement-value   ">
                    <button data-href="/on/demandware.store/Sites-continente-Site/default/Search-ShowAjax?cgid=laticinios&amp;pmin=0%2e01&amp;prefn1=brand&amp;prefv1=Activia" class="refinement-btn ">
                    <div class="ct-form-checkbox">
                    <input id="Activia" type="checkbox" title="">
                    <label class="ct-form-check-label" for="Activia">
                    Activia <span class="hit-count">(36)</span>
                    </label>
                    <span class="checkmark"></span>
                    </div>
                    <span class="sr-only selected-assistive-text">
                    Refine by Marcas: Activia
                    </span>
                    </button>
                    </li>
                    <li class="refinement-value   ">
                    <button data-href="/on/demandware.store/Sites-continente-Site/default/Search-ShowAjax?cgid=laticinios&amp;pmin=0%2e01&amp;prefn1=brand&amp;prefv1=Agros" class="refinement-btn ">
                    <div class="ct-form-checkbox">
                    <input id="Agros" type="checkbox" title="">
                    <label class="ct-form-check-label" for="Agros">
                    Agros <span class="hit-count">(11)</span>
                    </label>
                    <span class="checkmark"></span>
                    </div>
                    <span class="sr-only selected-assistive-text">
                    Refine by Marcas: Agros
                    </span>
                    </button>
                    </li>
                    <li class="refinement-value   ">
                    <button data-href="/on/demandware.store/Sites-continente-Site/default/Search-ShowAjax?cgid=laticinios&amp;pmin=0%2e01&amp;prefn1=brand&amp;prefv1=A%20Leiteira" class="refinement-btn ">
                    <div class="ct-form-checkbox">
                    <input id="A Leiteira" type="checkbox" title="">
                    <label class="ct-form-check-label" for="A Leiteira">
                    A Leiteira <span class="hit-count">(8)</span>
                    </label>
                    <span class="checkmark"></span>
                    </div>
                    <span class="sr-only selected-assistive-text">
                    Refine by Marcas: A Leiteira
                    </span>
                    </button>
                    </li>
                    <li class="refinement-value   ">
                    <button data-href="/on/demandware.store/Sites-continente-Site/default/Search-ShowAjax?cgid=laticinios&amp;pmin=0%2e01&amp;prefn1=brand&amp;prefv1=Alpro" class="refinement-btn ">
                    <div class="ct-form-checkbox">
                    <input id="Alpro" type="checkbox" title="">
                    <label class="ct-form-check-label" for="Alpro">
                    Alpro <span class="hit-count">(58)</span>
                    </label>
                    <span class="checkmark"></span>
                    </div>
                    <span class="sr-only selected-assistive-text">
                    Refine by Marcas: Alpro
                    </span>
                    </button>
                    </li>
                    <li class="refinement-value hide-refinement  ">
                    <button data-href="/on/demandware.store/Sites-continente-Site/default/Search-ShowAjax?cgid=laticinios&amp;pmin=0%2e01&amp;prefn1=brand&amp;prefv1=Andechser" class="refinement-btn ">
                    <div class="ct-form-checkbox">
                    <input id="Andechser" type="checkbox" title="">
                    <label class="ct-form-check-label" for="Andechser">
                    Andechser <span class="hit-count">(10)</span>
                    </label>
                    <span class="checkmark"></span>
                    </div>
                    <span class="sr-only selected-assistive-text">
                    Refine by Marcas: Andechser
                    </span>
                    </button>
                    </li>
                    <li class="refinement-value hide-refinement  ">
                    <button data-href="/on/demandware.store/Sites-continente-Site/default/Search-ShowAjax?cgid=laticinios&amp;pmin=0%2e01&amp;prefn1=brand&amp;prefv1=Aptamil" class="refinement-btn ">
                    <div class="ct-form-checkbox">
                    <input id="Aptamil" type="checkbox" title="">
                    <label class="ct-form-check-label" for="Aptamil">
                    Aptamil <span class="hit-count">(1)</span>
                    </label>
                    <span class="checkmark"></span>
                    </div>
                    <span class="sr-only selected-assistive-text">
                    Refine by Marcas: Aptamil
                    </span>
                    </button>
                    </li>
                    <li class="refinement-value hide-refinement  ">
                    <button data-href="/on/demandware.store/Sites-continente-Site/default/Search-ShowAjax?cgid=laticinios&amp;pmin=0%2e01&amp;prefn1=brand&amp;prefv1=A%20Vaca%20que%20Ri" class="refinement-btn ">
                    <div class="ct-form-checkbox">
                    <input id="A Vaca que Ri" type="checkbox" title="">
                    <label class="ct-form-check-label" for="A Vaca que Ri">
                    A Vaca que Ri <span class="hit-count">(2)</span>
                    </label>
                    <span class="checkmark"></span>
                    </div>
                    <span class="sr-only selected-assistive-text">
                    Refine by Marcas: A Vaca que Ri
                    </span>
                    </button>
                    </li>
                    <li class="refinement-value hide-refinement  ">
                    <button data-href="/on/demandware.store/Sites-continente-Site/default/Search-ShowAjax?cgid=laticinios&amp;pmin=0%2e01&amp;prefn1=brand&amp;prefv1=Babybel" class="refinement-btn ">
                    <div class="ct-form-checkbox">
                    <input id="Babybel" type="checkbox" title="">
                    <label class="ct-form-check-label" for="Babybel">
                    Babybel <span class="hit-count">(1)</span>
                    </label>
                    <span class="checkmark"></span>
                    </div>
                    <span class="sr-only selected-assistive-text">
                    Refine by Marcas: Babybel
                    </span>
                    </button>
                    </li>
                    <li class="refinement-value hide-refinement  ">
                    <button data-href="/on/demandware.store/Sites-continente-Site/default/Search-ShowAjax?cgid=laticinios&amp;pmin=0%2e01&amp;prefn1=brand&amp;prefv1=Becel" class="refinement-btn ">
                    <div class="ct-form-checkbox">
                    <input id="Becel" type="checkbox" title="">
                    <label class="ct-form-check-label" for="Becel">
                    Becel <span class="hit-count">(4)</span>
                    </label>
                    <span class="checkmark"></span>
                    </div>
                    <span class="sr-only selected-assistive-text">
                    Refine by Marcas: Becel
                    </span>
                    </button>
                    </li>
                    <li class="refinement-value hide-refinement  ">
                    <button data-href="/on/demandware.store/Sites-continente-Site/default/Search-ShowAjax?cgid=laticinios&amp;pmin=0%2e01&amp;prefn1=brand&amp;prefv1=Becel%20Pro%20Activ" class="refinement-btn ">
                    <div class="ct-form-checkbox">
                    <input id="Becel Pro Activ" type="checkbox" title="">
                    <label class="ct-form-check-label" for="Becel Pro Activ">
                    Becel Pro Activ <span class="hit-count">(4)</span>
                    </label>
                    <span class="checkmark"></span>
                    </div>
                    <span class="sr-only selected-assistive-text">
                    Refine by Marcas: Becel Pro Activ
                    </span>
                    </button>
                    </li>
                    <li class="refinement-value hide-refinement  ">
                    <button data-href="/on/demandware.store/Sites-continente-Site/default/Search-ShowAjax?cgid=laticinios&amp;pmin=0%2e01&amp;prefn1=brand&amp;prefv1=Berief" class="refinement-btn ">
                    <div class="ct-form-checkbox">
                    <input id="Berief" type="checkbox" title="">
                    <label class="ct-form-check-label" for="Berief">
                    Berief <span class="hit-count">(8)</span>
                    </label>
                    <span class="checkmark"></span>
                    </div>
                    <span class="sr-only selected-assistive-text">
                    Refine by Marcas: Berief
                    </span>
                    </button>
                    </li>
                    <li class="refinement-value hide-refinement  ">
                    <button data-href="/on/demandware.store/Sites-continente-Site/default/Search-ShowAjax?cgid=laticinios&amp;pmin=0%2e01&amp;prefn1=brand&amp;prefv1=Bjorg" class="refinement-btn ">
                    <div class="ct-form-checkbox">
                    <input id="Bjorg" type="checkbox" title="">
                    <label class="ct-form-check-label" for="Bjorg">
                    Bjorg <span class="hit-count">(4)</span>
                    </label>
                    <span class="checkmark"></span>
                    </div>
                    <span class="sr-only selected-assistive-text">
                    Refine by Marcas: Bjorg
                    </span>
                    </button>
                    </li>
                    <li class="refinement-value hide-refinement  ">
                    <button data-href="/on/demandware.store/Sites-continente-Site/default/Search-ShowAjax?cgid=laticinios&amp;pmin=0%2e01&amp;prefn1=brand&amp;prefv1=Cacaolat" class="refinement-btn ">
                    <div class="ct-form-checkbox">
                    <input id="Cacaolat" type="checkbox" title="">
                    <label class="ct-form-check-label" for="Cacaolat">
                    Cacaolat <span class="hit-count">(1)</span>
                    </label>
                    <span class="checkmark"></span>
                    </div>
                    <span class="sr-only selected-assistive-text">
                    Refine by Marcas: Cacaolat
                    </span>
                    </button>
                    </li>
                    <li class="refinement-value hide-refinement  ">
                    <button data-href="/on/demandware.store/Sites-continente-Site/default/Search-ShowAjax?cgid=laticinios&amp;pmin=0%2e01&amp;prefn1=brand&amp;prefv1=Castel%c3%b5es" class="refinement-btn ">
                    <div class="ct-form-checkbox">
                    <input id="Castelões" type="checkbox" title="">
                    <label class="ct-form-check-label" for="Castelões">
                    Castelões <span class="hit-count">(1)</span>
                    </label>
                    <span class="checkmark"></span>
                    </div>
                    <span class="sr-only selected-assistive-text">
                    Refine by Marcas: Castelões
                    </span>
                    </button>
                    </li>
                    <li class="refinement-value hide-refinement  ">
                    <button data-href="/on/demandware.store/Sites-continente-Site/default/Search-ShowAjax?cgid=laticinios&amp;pmin=0%2e01&amp;prefn1=brand&amp;prefv1=Condi" class="refinement-btn ">
                    <div class="ct-form-checkbox">
                    <input id="Condi" type="checkbox" title="">
                    <label class="ct-form-check-label" for="Condi">
                    Condi <span class="hit-count">(9)</span>
                    </label>
                    <span class="checkmark"></span>
                    </div>
                    <span class="sr-only selected-assistive-text">
                    Refine by Marcas: Condi
                    </span>
                    </button>
                    </li>
                    <li class="refinement-value hide-refinement  ">
                    <button data-href="/on/demandware.store/Sites-continente-Site/default/Search-ShowAjax?cgid=laticinios&amp;pmin=0%2e01&amp;prefn1=brand&amp;prefv1=Continente" class="refinement-btn ">
                    <div class="ct-form-checkbox">
                    <input id="Continente" type="checkbox" title="">
                    <label class="ct-form-check-label" for="Continente">
                    Continente <span class="hit-count">(171)</span>
                    </label>
                    <span class="checkmark"></span>
                    </div>
                    <span class="sr-only selected-assistive-text">
                    Refine by Marcas: Continente
                    </span>
                    </button>
                    </li>
                    <li class="refinement-value hide-refinement  ">
                    <button data-href="/on/demandware.store/Sites-continente-Site/default/Search-ShowAjax?cgid=laticinios&amp;pmin=0%2e01&amp;prefn1=brand&amp;prefv1=Continente%20Bio" class="refinement-btn ">
                    <div class="ct-form-checkbox">
                    <input id="Continente Bio" type="checkbox" title="">
                    <label class="ct-form-check-label" for="Continente Bio">
                    Continente Bio <span class="hit-count">(10)</span>
                    </label>
                    <span class="checkmark"></span>
                    </div>
                    <span class="sr-only selected-assistive-text">
                    Refine by Marcas: Continente Bio
                    </span>
                    </button>
                    </li>
                    <li class="refinement-value hide-refinement  ">
                    <button data-href="/on/demandware.store/Sites-continente-Site/default/Search-ShowAjax?cgid=laticinios&amp;pmin=0%2e01&amp;prefn1=brand&amp;prefv1=Continente%20do%20Beb%c3%a9" class="refinement-btn ">
                    <div class="ct-form-checkbox">
                    <input id="Continente do Bebé" type="checkbox" title="">
                    <label class="ct-form-check-label" for="Continente do Bebé">
                    Continente do Bebé <span class="hit-count">(1)</span>
                    </label>
                    <span class="checkmark"></span>
                    </div>
                    <span class="sr-only selected-assistive-text">
                    Refine by Marcas: Continente do Bebé
                    </span>
                    </button>
                    </li>
                    <li class="refinement-value hide-refinement  ">
                    <button data-href="/on/demandware.store/Sites-continente-Site/default/Search-ShowAjax?cgid=laticinios&amp;pmin=0%2e01&amp;prefn1=brand&amp;prefv1=Continente%20Equil%c3%adbrio" class="refinement-btn ">
                    <div class="ct-form-checkbox">
                    <input id="Continente Equilíbrio" type="checkbox" title="">
                    <label class="ct-form-check-label" for="Continente Equilíbrio">
                    Continente Equilíbrio <span class="hit-count">(43)</span>
                    </label>
                    <span class="checkmark"></span>
                    </div>
                    <span class="sr-only selected-assistive-text">
                    Refine by Marcas: Continente Equilíbrio
                    </span>
                    </button>
                    </li>
                    <li class="refinement-value hide-refinement  ">
                    <button data-href="/on/demandware.store/Sites-continente-Site/default/Search-ShowAjax?cgid=laticinios&amp;pmin=0%2e01&amp;prefn1=brand&amp;prefv1=Continente%20Sele%c3%a7%c3%a3o" class="refinement-btn ">
                    <div class="ct-form-checkbox">
                    <input id="Continente Seleção" type="checkbox" title="">
                    <label class="ct-form-check-label" for="Continente Seleção">
                    Continente Seleção <span class="hit-count">(2)</span>
                    </label>
                    <span class="checkmark"></span>
                    </div>
                    <span class="sr-only selected-assistive-text">
                    Refine by Marcas: Continente Seleção
                    </span>
                    </button>
                    </li>
                    <li class="refinement-value hide-refinement  ">
                    <button data-href="/on/demandware.store/Sites-continente-Site/default/Search-ShowAjax?cgid=laticinios&amp;pmin=0%2e01&amp;prefn1=brand&amp;prefv1=Corpos%20Danone" class="refinement-btn ">
                    <div class="ct-form-checkbox">
                    <input id="Corpos Danone" type="checkbox" title="">
                    <label class="ct-form-check-label" for="Corpos Danone">
                    Corpos Danone <span class="hit-count">(14)</span>
                    </label>
                    <span class="checkmark"></span>
                    </div>
                    <span class="sr-only selected-assistive-text">
                    Refine by Marcas: Corpos Danone
                    </span>
                    </button>
                    </li>
                    <li class="refinement-value hide-refinement  ">
                    <button data-href="/on/demandware.store/Sites-continente-Site/default/Search-ShowAjax?cgid=laticinios&amp;pmin=0%2e01&amp;prefn1=brand&amp;prefv1=Danacol" class="refinement-btn ">
                    <div class="ct-form-checkbox">
                    <input id="Danacol" type="checkbox" title="">
                    <label class="ct-form-check-label" for="Danacol">
                    Danacol <span class="hit-count">(7)</span>
                    </label>
                    <span class="checkmark"></span>
                    </div>
                    <span class="sr-only selected-assistive-text">
                    Refine by Marcas: Danacol
                    </span>
                    </button>
                    </li>
                    <li class="refinement-value hide-refinement  ">
                    <button data-href="/on/demandware.store/Sites-continente-Site/default/Search-ShowAjax?cgid=laticinios&amp;pmin=0%2e01&amp;prefn1=brand&amp;prefv1=Danet" class="refinement-btn ">
                    <div class="ct-form-checkbox">
                    <input id="Danet" type="checkbox" title="">
                    <label class="ct-form-check-label" for="Danet">
                    Danet <span class="hit-count">(7)</span>
                    </label>
                    <span class="checkmark"></span>
                    </div>
                    <span class="sr-only selected-assistive-text">
                    Refine by Marcas: Danet
                    </span>
                    </button>
                    </li>
                    <li class="refinement-value hide-refinement  ">
                    <button data-href="/on/demandware.store/Sites-continente-Site/default/Search-ShowAjax?cgid=laticinios&amp;pmin=0%2e01&amp;prefn1=brand&amp;prefv1=Danone" class="refinement-btn ">
                    <div class="ct-form-checkbox">
                    <input id="Danone" type="checkbox" title="">
                    <label class="ct-form-check-label" for="Danone">
                    Danone <span class="hit-count">(16)</span>
                    </label>
                    <span class="checkmark"></span>
                    </div>
                    <span class="sr-only selected-assistive-text">
                    Refine by Marcas: Danone
                    </span>
                    </button>
                    </li>
                    <li class="refinement-value hide-refinement  ">
                    <button data-href="/on/demandware.store/Sites-continente-Site/default/Search-ShowAjax?cgid=laticinios&amp;pmin=0%2e01&amp;prefn1=brand&amp;prefv1=Danonino" class="refinement-btn ">
                    <div class="ct-form-checkbox">
                    <input id="Danonino" type="checkbox" title="">
                    <label class="ct-form-check-label" for="Danonino">
                    Danonino <span class="hit-count">(6)</span>
                    </label>
                    <span class="checkmark"></span>
                    </div>
                    <span class="sr-only selected-assistive-text">
                    Refine by Marcas: Danonino
                    </span>
                    </button>
                    </li>
                    <li class="refinement-value hide-refinement  ">
                    <button data-href="/on/demandware.store/Sites-continente-Site/default/Search-ShowAjax?cgid=laticinios&amp;pmin=0%2e01&amp;prefn1=brand&amp;prefv1=Danup" class="refinement-btn ">
                    <div class="ct-form-checkbox">
                    <input id="Danup" type="checkbox" title="">
                    <label class="ct-form-check-label" for="Danup">
                    Danup <span class="hit-count">(6)</span>
                    </label>
                    <span class="checkmark"></span>
                    </div>
                    <span class="sr-only selected-assistive-text">
                    Refine by Marcas: Danup
                    </span>
                    </button>
                    </li>
                    <li class="refinement-value hide-refinement  ">
                    <button data-href="/on/demandware.store/Sites-continente-Site/default/Search-ShowAjax?cgid=laticinios&amp;pmin=0%2e01&amp;prefn1=brand&amp;prefv1=Delta" class="refinement-btn ">
                    <div class="ct-form-checkbox">
                    <input id="Delta" type="checkbox" title="">
                    <label class="ct-form-check-label" for="Delta">
                    Delta <span class="hit-count">(5)</span>
                    </label>
                    <span class="checkmark"></span>
                    </div>
                    <span class="sr-only selected-assistive-text">
                    Refine by Marcas: Delta
                    </span>
                    </button>
                    </li>
                    <li class="refinement-value hide-refinement  ">
                    <button data-href="/on/demandware.store/Sites-continente-Site/default/Search-ShowAjax?cgid=laticinios&amp;pmin=0%2e01&amp;prefn1=brand&amp;prefv1=Dovo" class="refinement-btn ">
                    <div class="ct-form-checkbox">
                    <input id="Dovo" type="checkbox" title="">
                    <label class="ct-form-check-label" for="Dovo">
                    Dovo <span class="hit-count">(1)</span>
                    </label>
                    <span class="checkmark"></span>
                    </div>
                    <span class="sr-only selected-assistive-text">
                    Refine by Marcas: Dovo
                    </span>
                    </button>
                    </li>
                    <li class="refinement-value hide-refinement  ">
                    <button data-href="/on/demandware.store/Sites-continente-Site/default/Search-ShowAjax?cgid=laticinios&amp;pmin=0%2e01&amp;prefn1=brand&amp;prefv1=%c3%89%20Continente" class="refinement-btn ">
                    <div class="ct-form-checkbox">
                    <input id="É Continente" type="checkbox" title="">
                    <label class="ct-form-check-label" for="É Continente">
                    É Continente <span class="hit-count">(1)</span>
                    </label>
                    <span class="checkmark"></span>
                    </div>
                    <span class="sr-only selected-assistive-text">
                    Refine by Marcas: É Continente
                    </span>
                    </button>
                    </li>
                    <li class="refinement-value hide-refinement  ">
                    <button data-href="/on/demandware.store/Sites-continente-Site/default/Search-ShowAjax?cgid=laticinios&amp;pmin=0%2e01&amp;prefn1=brand&amp;prefv1=Ehrmann" class="refinement-btn ">
                    <div class="ct-form-checkbox">
                    <input id="Ehrmann" type="checkbox" title="">
                    <label class="ct-form-check-label" for="Ehrmann">
                    Ehrmann <span class="hit-count">(6)</span>
                    </label>
                    <span class="checkmark"></span>
                    </div>
                    <span class="sr-only selected-assistive-text">
                    Refine by Marcas: Ehrmann
                    </span>
                    </button>
                    </li>
                    <li class="refinement-value hide-refinement  ">
                    <button data-href="/on/demandware.store/Sites-continente-Site/default/Search-ShowAjax?cgid=laticinios&amp;pmin=0%2e01&amp;prefn1=brand&amp;prefv1=Flora" class="refinement-btn ">
                    <div class="ct-form-checkbox">
                    <input id="Flora" type="checkbox" title="">
                    <label class="ct-form-check-label" for="Flora">
                    Flora <span class="hit-count">(2)</span>
                    </label>
                    <span class="checkmark"></span>
                    </div>
                    <span class="sr-only selected-assistive-text">
                    Refine by Marcas: Flora
                    </span>
                    </button>
                    </li>
                    <li class="refinement-value hide-refinement  ">
                    <button data-href="/on/demandware.store/Sites-continente-Site/default/Search-ShowAjax?cgid=laticinios&amp;pmin=0%2e01&amp;prefn1=brand&amp;prefv1=Glint" class="refinement-btn ">
                     <div class="ct-form-checkbox">
                    <input id="Glint" type="checkbox" title="">
                    <label class="ct-form-check-label" for="Glint">
                    Glint <span class="hit-count">(5)</span>
                    </label>
                    <span class="checkmark"></span>
                    </div>
                    <span class="sr-only selected-assistive-text">
                    Refine by Marcas: Glint
                    </span>
                    </button>
                    </li>
                    <li class="refinement-value hide-refinement  ">
                    <button data-href="/on/demandware.store/Sites-continente-Site/default/Search-ShowAjax?cgid=laticinios&amp;pmin=0%2e01&amp;prefn1=brand&amp;prefv1=Gresso" class="refinement-btn ">
                    <div class="ct-form-checkbox">
                    <input id="Gresso" type="checkbox" title="">
                    <label class="ct-form-check-label" for="Gresso">
                    Gresso <span class="hit-count">(7)</span>
                    </label>
                    <span class="checkmark"></span>
                    </div>
                    <span class="sr-only selected-assistive-text">
                    Refine by Marcas: Gresso
                    </span>
                    </button>
                    </li>
                    <li class="refinement-value hide-refinement  ">
                    <button data-href="/on/demandware.store/Sites-continente-Site/default/Search-ShowAjax?cgid=laticinios&amp;pmin=0%2e01&amp;prefn1=brand&amp;prefv1=Isola%20Bio" class="refinement-btn ">
                    <div class="ct-form-checkbox">
                    <input id="Isola Bio" type="checkbox" title="">
                    <label class="ct-form-check-label" for="Isola Bio">
                    Isola Bio <span class="hit-count">(5)</span>
                    </label>
                    <span class="checkmark"></span>
                    </div>
                    <span class="sr-only selected-assistive-text">
                    Refine by Marcas: Isola Bio
                    </span>
                    </button>
                    </li>
                    <li class="refinement-value hide-refinement  ">
                    <button data-href="/on/demandware.store/Sites-continente-Site/default/Search-ShowAjax?cgid=laticinios&amp;pmin=0%2e01&amp;prefn1=brand&amp;prefv1=Joya" class="refinement-btn ">
                    <div class="ct-form-checkbox">
                    <input id="Joya" type="checkbox" title="">
                    <label class="ct-form-check-label" for="Joya">
                    Joya <span class="hit-count">(13)</span>
                    </label>
                    <span class="checkmark"></span>
                    </div>
                    <span class="sr-only selected-assistive-text">
                    Refine by Marcas: Joya
                    </span>
                    </button>
                    </li>
                    <li class="refinement-value hide-refinement  ">
                    <button data-href="/on/demandware.store/Sites-continente-Site/default/Search-ShowAjax?cgid=laticinios&amp;pmin=0%2e01&amp;prefn1=brand&amp;prefv1=Koala" class="refinement-btn ">
                    <div class="ct-form-checkbox">
                    <input id="Koala" type="checkbox" title="">
                    <label class="ct-form-check-label" for="Koala">
                    Koala <span class="hit-count">(12)</span>
                    </label>
                    <span class="checkmark"></span>
                    </div>
                    <span class="sr-only selected-assistive-text">
                    Refine by Marcas: Koala
                    </span>
                    </button>
                    </li>
                    <li class="refinement-value hide-refinement  ">
                    <button data-href="/on/demandware.store/Sites-continente-Site/default/Search-ShowAjax?cgid=laticinios&amp;pmin=0%2e01&amp;prefn1=brand&amp;prefv1=Limiano" class="refinement-btn ">
                    <div class="ct-form-checkbox">
                    <input id="Limiano" type="checkbox" title="">
                    <label class="ct-form-check-label" for="Limiano">
                    Limiano <span class="hit-count">(4)</span>
                    </label>
                    <span class="checkmark"></span>
                    </div>
                    <span class="sr-only selected-assistive-text">
                    Refine by Marcas: Limiano
                    </span>
                    </button>
                    </li>
                    <li class="refinement-value hide-refinement  ">
                    <button data-href="/on/demandware.store/Sites-continente-Site/default/Search-ShowAjax?cgid=laticinios&amp;pmin=0%2e01&amp;prefn1=brand&amp;prefv1=Lindahls" class="refinement-btn ">
                    <div class="ct-form-checkbox">
                    <input id="Lindahls" type="checkbox" title="">
                    <label class="ct-form-check-label" for="Lindahls">
                    Lindahls <span class="hit-count">(16)</span>
                    </label>
                    <span class="checkmark"></span>
                    </div>
                    <span class="sr-only selected-assistive-text">
                    Refine by Marcas: Lindahls
                    </span>
                    </button>
                    </li>
                    <li class="refinement-value hide-refinement  ">
                    <button data-href="/on/demandware.store/Sites-continente-Site/default/Search-ShowAjax?cgid=laticinios&amp;pmin=0%2e01&amp;prefn1=brand&amp;prefv1=Longa%20Vida" class="refinement-btn ">
                    <div class="ct-form-checkbox">
                    <input id="Longa Vida" type="checkbox" title="">
                    <label class="ct-form-check-label" for="Longa Vida">
                    Longa Vida <span class="hit-count">(7)</span>
                    </label>
                    <span class="checkmark"></span>
                    </div>
                    <span class="sr-only selected-assistive-text">
                    Refine by Marcas: Longa Vida
                    </span>
                    </button>
                    </li>
                    <li class="refinement-value hide-refinement  ">
                    <button data-href="/on/demandware.store/Sites-continente-Site/default/Search-ShowAjax?cgid=laticinios&amp;pmin=0%2e01&amp;prefn1=brand&amp;prefv1=Loreto" class="refinement-btn ">
                    <div class="ct-form-checkbox">
                    <input id="Loreto" type="checkbox" title="">
                    <label class="ct-form-check-label" for="Loreto">
                    Loreto <span class="hit-count">(1)</span>
                    </label>
                    <span class="checkmark"></span>
                    </div>
                    <span class="sr-only selected-assistive-text">
                    Refine by Marcas: Loreto
                    </span>
                    </button>
                    </li>
                    <li class="refinement-value hide-refinement  ">
                    <button data-href="/on/demandware.store/Sites-continente-Site/default/Search-ShowAjax?cgid=laticinios&amp;pmin=0%2e01&amp;prefn1=brand&amp;prefv1=Matinal" class="refinement-btn ">
                    <div class="ct-form-checkbox">
                    <input id="Matinal" type="checkbox" title="">
                    <label class="ct-form-check-label" for="Matinal">
                    Matinal <span class="hit-count">(6)</span>
                    </label>
                    <span class="checkmark"></span>
                    </div>
                    <span class="sr-only selected-assistive-text">
                    Refine by Marcas: Matinal
                    </span>
                    </button>
                    </li>
                    <li class="refinement-value hide-refinement  ">
                    <button data-href="/on/demandware.store/Sites-continente-Site/default/Search-ShowAjax?cgid=laticinios&amp;pmin=0%2e01&amp;prefn1=brand&amp;prefv1=Milhafre" class="refinement-btn ">
                    <div class="ct-form-checkbox">
                    <input id="Milhafre" type="checkbox" title="">
                    <label class="ct-form-check-label" for="Milhafre">
                    Milhafre <span class="hit-count">(6)</span>
                    </label>
                    <span class="checkmark"></span>
                    </div>
                    <span class="sr-only selected-assistive-text">
                    Refine by Marcas: Milhafre
                    </span>
                    </button>
                    </li>
                    <li class="refinement-value hide-refinement  ">
                    <button data-href="/on/demandware.store/Sites-continente-Site/default/Search-ShowAjax?cgid=laticinios&amp;pmin=0%2e01&amp;prefn1=brand&amp;prefv1=Milka" class="refinement-btn ">
                    <div class="ct-form-checkbox">
                    <input id="Milka" type="checkbox" title="">
                    <label class="ct-form-check-label" for="Milka">
                    Milka <span class="hit-count">(2)</span>
                    </label>
                    <span class="checkmark"></span>
                    </div>
                    <span class="sr-only selected-assistive-text">
                    Refine by Marcas: Milka
                    </span>
                    </button>
                    </li>
                    <li class="refinement-value hide-refinement  ">
                    <button data-href="/on/demandware.store/Sites-continente-Site/default/Search-ShowAjax?cgid=laticinios&amp;pmin=0%2e01&amp;prefn1=brand&amp;prefv1=Mimosa" class="refinement-btn ">
                    <div class="ct-form-checkbox">
                    <input id="Mimosa" type="checkbox" title="">
                    <label class="ct-form-check-label" for="Mimosa">
                    Mimosa <span class="hit-count">(106)</span>
                    </label>
                    <span class="checkmark"></span>
                    </div>
                    <span class="sr-only selected-assistive-text">
                    Refine by Marcas: Mimosa
                    </span>
                    </button>
                    </li>
                    <li class="refinement-value hide-refinement  ">
                    <button data-href="/on/demandware.store/Sites-continente-Site/default/Search-ShowAjax?cgid=laticinios&amp;pmin=0%2e01&amp;prefn1=brand&amp;prefv1=Montanari" class="refinement-btn ">
                    <div class="ct-form-checkbox">
                    <input id="Montanari" type="checkbox" title="">
                    <label class="ct-form-check-label" for="Montanari">
                    Montanari <span class="hit-count">(1)</span>
                    </label>
                    <span class="checkmark"></span>
                    </div>
                    <span class="sr-only selected-assistive-text">
                    Refine by Marcas: Montanari
                    </span>
                    </button>
                    </li>
                    <li class="refinement-value hide-refinement  ">
                    <button data-href="/on/demandware.store/Sites-continente-Site/default/Search-ShowAjax?cgid=laticinios&amp;pmin=0%2e01&amp;prefn1=brand&amp;prefv1=Montiqueijo" class="refinement-btn ">
                    <div class="ct-form-checkbox">
                    <input id="Montiqueijo" type="checkbox" title="">
                    <label class="ct-form-check-label" for="Montiqueijo">
                    Montiqueijo <span class="hit-count">(1)</span>
                    </label>
                    <span class="checkmark"></span>
                    </div>
                    <span class="sr-only selected-assistive-text">
                    Refine by Marcas: Montiqueijo
                    </span>
                    </button>
                    </li>
                    <li class="refinement-value hide-refinement  ">
                    <button data-href="/on/demandware.store/Sites-continente-Site/default/Search-ShowAjax?cgid=laticinios&amp;pmin=0%2e01&amp;prefn1=brand&amp;prefv1=Nesquik" class="refinement-btn ">
                    <div class="ct-form-checkbox">
                    <input id="Nesquik" type="checkbox" title="">
                    <label class="ct-form-check-label" for="Nesquik">
                    Nesquik <span class="hit-count">(1)</span>
                    </label>
                    <span class="checkmark"></span>
                    </div>
                    <span class="sr-only selected-assistive-text">
                    Refine by Marcas: Nesquik
                    </span>
                    </button>
                    </li>
                    <li class="refinement-value hide-refinement  ">
                    <button data-href="/on/demandware.store/Sites-continente-Site/default/Search-ShowAjax?cgid=laticinios&amp;pmin=0%2e01&amp;prefn1=brand&amp;prefv1=Nestl%c3%a9" class="refinement-btn ">
                    <div class="ct-form-checkbox">
                    <input id="Nestlé" type="checkbox" title="">
                    <label class="ct-form-check-label" for="Nestlé">
                    Nestlé <span class="hit-count">(16)</span>
                    </label>
                    <span class="checkmark"></span>
                    </div>
                    <span class="sr-only selected-assistive-text">
                    Refine by Marcas: Nestlé
                    </span>
                    </button>
                    </li>
                    <li class="refinement-value hide-refinement  ">
                    <button data-href="/on/demandware.store/Sites-continente-Site/default/Search-ShowAjax?cgid=laticinios&amp;pmin=0%2e01&amp;prefn1=brand&amp;prefv1=Nestl%c3%a9%20Junior" class="refinement-btn ">
                    <div class="ct-form-checkbox">
                    <input id="Nestlé Junior" type="checkbox" title="">
                    <label class="ct-form-check-label" for="Nestlé Junior">
                    Nestlé Junior <span class="hit-count">(3)</span>
                    </label>
                    <span class="checkmark"></span>
                    </div>
                    <span class="sr-only selected-assistive-text">
                    Refine by Marcas: Nestlé Junior
                    </span>
                    </button>
                    </li>
                    <li class="refinement-value hide-refinement  ">
                    <button data-href="/on/demandware.store/Sites-continente-Site/default/Search-ShowAjax?cgid=laticinios&amp;pmin=0%2e01&amp;prefn1=brand&amp;prefv1=Nova%20A%c3%a7ores" class="refinement-btn ">
                    <div class="ct-form-checkbox">
                    <input id="Nova Açores" type="checkbox" title="">
                    <label class="ct-form-check-label" for="Nova Açores">
                    Nova Açores <span class="hit-count">(7)</span>
                    </label>
                    <span class="checkmark"></span>
                    </div>
                    <span class="sr-only selected-assistive-text">
                    Refine by Marcas: Nova Açores
                    </span>
                    </button>
                    </li>
                    <li class="refinement-value hide-refinement  ">
                    <button data-href="/on/demandware.store/Sites-continente-Site/default/Search-ShowAjax?cgid=laticinios&amp;pmin=0%2e01&amp;prefn1=brand&amp;prefv1=Nova%20Maestro" class="refinement-btn ">
                    <div class="ct-form-checkbox">
                    <input id="Nova Maestro" type="checkbox" title="">
                    <label class="ct-form-check-label" for="Nova Maestro">
                    Nova Maestro <span class="hit-count">(1)</span>
                    </label>
                    <span class="checkmark"></span>
                    </div>
                    <span class="sr-only selected-assistive-text">
                    Refine by Marcas: Nova Maestro
                    </span>
                    </button>
                    </li>
                    <li class="refinement-value hide-refinement  ">
                    <button data-href="/on/demandware.store/Sites-continente-Site/default/Search-ShowAjax?cgid=laticinios&amp;pmin=0%2e01&amp;prefn1=brand&amp;prefv1=Nutr%c3%a9gi" class="refinement-btn ">
                    <div class="ct-form-checkbox">
                    <input id="Nutrégi" type="checkbox" title="">
                    <label class="ct-form-check-label" for="Nutrégi">
                    Nutrégi <span class="hit-count">(6)</span>
                    </label>
                    <span class="checkmark"></span>
                    </div>
                    <span class="sr-only selected-assistive-text">
                    Refine by Marcas: Nutrégi
                    </span>
                    </button>
                    </li>
                    <li class="refinement-value hide-refinement  ">
                    <button data-href="/on/demandware.store/Sites-continente-Site/default/Search-ShowAjax?cgid=laticinios&amp;pmin=0%2e01&amp;prefn1=brand&amp;prefv1=Nutrib%c3%a9n" class="refinement-btn ">
                    <div class="ct-form-checkbox">
                    <input id="Nutribén" type="checkbox" title="">
                    <label class="ct-form-check-label" for="Nutribén">
                    Nutribén <span class="hit-count">(1)</span>
                    </label>
                    <span class="checkmark"></span>
                    </div>
                    <span class="sr-only selected-assistive-text">
                    Refine by Marcas: Nutribén
                    </span>
                    </button>
                    </li>
                    <li class="refinement-value hide-refinement  ">
                    <button data-href="/on/demandware.store/Sites-continente-Site/default/Search-ShowAjax?cgid=laticinios&amp;pmin=0%2e01&amp;prefn1=brand&amp;prefv1=Oatly" class="refinement-btn ">
                    <div class="ct-form-checkbox">
                    <input id="Oatly" type="checkbox" title="">
                    <label class="ct-form-check-label" for="Oatly">
                    Oatly <span class="hit-count">(6)</span>
                    </label>
                     <span class="checkmark"></span>
                    </div>
                    <span class="sr-only selected-assistive-text">
                    Refine by Marcas: Oatly
                    </span>
                    </button>
                    </li>
                    <li class="refinement-value hide-refinement  ">
                    <button data-href="/on/demandware.store/Sites-continente-Site/default/Search-ShowAjax?cgid=laticinios&amp;pmin=0%2e01&amp;prefn1=brand&amp;prefv1=Oikos" class="refinement-btn ">
                    <div class="ct-form-checkbox">
                    <input id="Oikos" type="checkbox" title="">
                    <label class="ct-form-check-label" for="Oikos">
                    Oikos <span class="hit-count">(20)</span>
                    </label>
                    <span class="checkmark"></span>
                    </div>
                    <span class="sr-only selected-assistive-text">
                    Refine by Marcas: Oikos
                    </span>
                    </button>
                    </li>
                    <li class="refinement-value hide-refinement  ">
                    <button data-href="/on/demandware.store/Sites-continente-Site/default/Search-ShowAjax?cgid=laticinios&amp;pmin=0%2e01&amp;prefn1=brand&amp;prefv1=Omiros" class="refinement-btn ">
                    <div class="ct-form-checkbox">
                    <input id="Omiros" type="checkbox" title="">
                    <label class="ct-form-check-label" for="Omiros">
                    Omiros <span class="hit-count">(1)</span>
                    </label>
                    <span class="checkmark"></span>
                    </div>
                    <span class="sr-only selected-assistive-text">
                    Refine by Marcas: Omiros
                    </span>
                    </button>
                    </li>
                    <li class="refinement-value hide-refinement  ">
                    <button data-href="/on/demandware.store/Sites-continente-Site/default/Search-ShowAjax?cgid=laticinios&amp;pmin=0%2e01&amp;prefn1=brand&amp;prefv1=Oreo" class="refinement-btn ">
                    <div class="ct-form-checkbox">
                    <input id="Oreo" type="checkbox" title="">
                    <label class="ct-form-check-label" for="Oreo">
                    Oreo <span class="hit-count">(1)</span>
                    </label>
                    <span class="checkmark"></span>
                    </div>
                    <span class="sr-only selected-assistive-text">
                    Refine by Marcas: Oreo
                    </span>
                    </button>
                    </li>
                    <li class="refinement-value hide-refinement  ">
                    <button data-href="/on/demandware.store/Sites-continente-Site/default/Search-ShowAjax?cgid=laticinios&amp;pmin=0%2e01&amp;prefn1=brand&amp;prefv1=Parmalat" class="refinement-btn ">
                    <div class="ct-form-checkbox">
                    <input id="Parmalat" type="checkbox" title="">
                    <label class="ct-form-check-label" for="Parmalat">
                    Parmalat <span class="hit-count">(18)</span>
                    </label>
                    <span class="checkmark"></span>
                    </div>
                    <span class="sr-only selected-assistive-text">
                    Refine by Marcas: Parmalat
                    </span>
                    </button>
                    </li>
                    <li class="refinement-value hide-refinement  ">
                    <button data-href="/on/demandware.store/Sites-continente-Site/default/Search-ShowAjax?cgid=laticinios&amp;pmin=0%2e01&amp;prefn1=brand&amp;prefv1=Parmareggio" class="refinement-btn ">
                    <div class="ct-form-checkbox">
                    <input id="Parmareggio" type="checkbox" title="">
                    <label class="ct-form-check-label" for="Parmareggio">
                    Parmareggio <span class="hit-count">(1)</span>
                    </label>
                    <span class="checkmark"></span>
                    </div>
                    <span class="sr-only selected-assistive-text">
                    Refine by Marcas: Parmareggio
                    </span>
                    </button>
                    </li>
                    <li class="refinement-value hide-refinement  ">
                    <button data-href="/on/demandware.store/Sites-continente-Site/default/Search-ShowAjax?cgid=laticinios&amp;pmin=0%2e01&amp;prefn1=brand&amp;prefv1=Philadelphia" class="refinement-btn ">
                    <div class="ct-form-checkbox">
                    <input id="Philadelphia" type="checkbox" title="">
                    <label class="ct-form-check-label" for="Philadelphia">
                    Philadelphia <span class="hit-count">(1)</span>
                    </label>
                    <span class="checkmark"></span>
                    </div>
                    <span class="sr-only selected-assistive-text">
                    Refine by Marcas: Philadelphia
                    </span>
                    </button>
                    </li>
                    <li class="refinement-value hide-refinement  ">
                    <button data-href="/on/demandware.store/Sites-continente-Site/default/Search-ShowAjax?cgid=laticinios&amp;pmin=0%2e01&amp;prefn1=brand&amp;prefv1=Planta" class="refinement-btn ">
                    <div class="ct-form-checkbox">
                    <input id="Planta" type="checkbox" title="">
                    <label class="ct-form-check-label" for="Planta">
                    Planta <span class="hit-count">(10)</span>
                    </label>
                    <span class="checkmark"></span>
                    </div>
                    <span class="sr-only selected-assistive-text">
                    Refine by Marcas: Planta
                    </span>
                    </button>
                    </li>
                    <li class="refinement-value hide-refinement  ">
                    <button data-href="/on/demandware.store/Sites-continente-Site/default/Search-ShowAjax?cgid=laticinios&amp;pmin=0%2e01&amp;prefn1=brand&amp;prefv1=Prado%20Verde" class="refinement-btn ">
                    <div class="ct-form-checkbox">
                    <input id="Prado Verde" type="checkbox" title="">
                    <label class="ct-form-check-label" for="Prado Verde">
                    Prado Verde <span class="hit-count">(2)</span>
                    </label>
                    <span class="checkmark"></span>
                    </div>
                    <span class="sr-only selected-assistive-text">
                    Refine by Marcas: Prado Verde
                    </span>
                    </button>
                    </li>
                    <li class="refinement-value hide-refinement  ">
                    <button data-href="/on/demandware.store/Sites-continente-Site/default/Search-ShowAjax?cgid=laticinios&amp;pmin=0%2e01&amp;prefn1=brand&amp;prefv1=Premyer" class="refinement-btn ">
                    <div class="ct-form-checkbox">
                    <input id="Premyer" type="checkbox" title="">
                    <label class="ct-form-check-label" for="Premyer">
                    Premyer <span class="hit-count">(4)</span>
                    </label>
                    <span class="checkmark"></span>
                    </div>
                    <span class="sr-only selected-assistive-text">
                    Refine by Marcas: Premyer
                    </span>
                    </button>
                    </li>
                    <li class="refinement-value hide-refinement  ">
                    <button data-href="/on/demandware.store/Sites-continente-Site/default/Search-ShowAjax?cgid=laticinios&amp;pmin=0%2e01&amp;prefn1=brand&amp;prefv1=Pr%c3%a9sident" class="refinement-btn ">
                    <div class="ct-form-checkbox">
                    <input id="Président" type="checkbox" title="">
                    <label class="ct-form-check-label" for="Président">
                    Président <span class="hit-count">(2)</span>
                    </label>
                    <span class="checkmark"></span>
                    </div>
                    <span class="sr-only selected-assistive-text">
                    Refine by Marcas: Président
                    </span>
                    </button>
                    </li>
                    <li class="refinement-value hide-refinement  ">
                    <button data-href="/on/demandware.store/Sites-continente-Site/default/Search-ShowAjax?cgid=laticinios&amp;pmin=0%2e01&amp;prefn1=brand&amp;prefv1=Primor" class="refinement-btn ">
                    <div class="ct-form-checkbox">
                    <input id="Primor" type="checkbox" title="">
                    <label class="ct-form-check-label" for="Primor">
                    Primor <span class="hit-count">(7)</span>
                    </label>
                    <span class="checkmark"></span>
                    </div>
                    <span class="sr-only selected-assistive-text">
                    Refine by Marcas: Primor
                    </span>
                     </button>
                    </li>
                    <li class="refinement-value hide-refinement  ">
                    <button data-href="/on/demandware.store/Sites-continente-Site/default/Search-ShowAjax?cgid=laticinios&amp;pmin=0%2e01&amp;prefn1=brand&amp;prefv1=Provida" class="refinement-btn ">
                    <div class="ct-form-checkbox">
                    <input id="Provida" type="checkbox" title="">
                    <label class="ct-form-check-label" for="Provida">
                    Provida <span class="hit-count">(3)</span>
                    </label>
                    <span class="checkmark"></span>
                    </div>
                    <span class="sr-only selected-assistive-text">
                    Refine by Marcas: Provida
                    </span>
                    </button>
                    </li>
                    <li class="refinement-value hide-refinement  ">
                    <button data-href="/on/demandware.store/Sites-continente-Site/default/Search-ShowAjax?cgid=laticinios&amp;pmin=0%2e01&amp;prefn1=brand&amp;prefv1=Prozis" class="refinement-btn ">
                    <div class="ct-form-checkbox">
                    <input id="Prozis" type="checkbox" title="">
                    <label class="ct-form-check-label" for="Prozis">
                    Prozis <span class="hit-count">(1)</span>
                    </label>
                    <span class="checkmark"></span>
                    </div>
                    <span class="sr-only selected-assistive-text">
                    Refine by Marcas: Prozis
                    </span>
                    </button>
                    </li>
                    <li class="refinement-value hide-refinement  ">
                    <button data-href="/on/demandware.store/Sites-continente-Site/default/Search-ShowAjax?cgid=laticinios&amp;pmin=0%2e01&amp;prefn1=brand&amp;prefv1=Pur%20Natur" class="refinement-btn ">
                    <div class="ct-form-checkbox">
                    <input id="Pur Natur" type="checkbox" title="">
                    <label class="ct-form-check-label" for="Pur Natur">
                    Pur Natur <span class="hit-count">(8)</span>
                    </label>
                    <span class="checkmark"></span>
                    </div>
                    <span class="sr-only selected-assistive-text">
                    Refine by Marcas: Pur Natur
                    </span>
                    </button>
                    </li>
                    <li class="refinement-value hide-refinement  ">
                    <button data-href="/on/demandware.store/Sites-continente-Site/default/Search-ShowAjax?cgid=laticinios&amp;pmin=0%2e01&amp;prefn1=brand&amp;prefv1=Reina" class="refinement-btn ">
                    <div class="ct-form-checkbox">
                    <input id="Reina" type="checkbox" title="">
                    <label class="ct-form-check-label" for="Reina">
                    Reina <span class="hit-count">(13)</span>
                    </label>
                    <span class="checkmark"></span>
                    </div>
                    <span class="sr-only selected-assistive-text">
                    Refine by Marcas: Reina
                    </span>
                    </button>
                    </li>
                    <li class="refinement-value hide-refinement  ">
                    <button data-href="/on/demandware.store/Sites-continente-Site/default/Search-ShowAjax?cgid=laticinios&amp;pmin=0%2e01&amp;prefn1=brand&amp;prefv1=Royal" class="refinement-btn ">
                    <div class="ct-form-checkbox">
                    <input id="Royal" type="checkbox" title="">
                    <label class="ct-form-check-label" for="Royal">
                    Royal <span class="hit-count">(12)</span>
                    </label>
                    <span class="checkmark"></span>
                    </div>
                    <span class="sr-only selected-assistive-text">
                    Refine by Marcas: Royal
                    </span>
                    </button>
                    </li>
                    <li class="refinement-value hide-refinement  ">
                    <button data-href="/on/demandware.store/Sites-continente-Site/default/Search-ShowAjax?cgid=laticinios&amp;pmin=0%2e01&amp;prefn1=brand&amp;prefv1=Rude%20Health" class="refinement-btn ">
                    <div class="ct-form-checkbox">
                    <input id="Rude Health" type="checkbox" title="">
                    <label class="ct-form-check-label" for="Rude Health">
                    Rude Health <span class="hit-count">(9)</span>
                    </label>
                    <span class="checkmark"></span>
                    </div>
                    <span class="sr-only selected-assistive-text">
                    Refine by Marcas: Rude Health
                    </span>
                    </button>
                    </li>
                    <li class="refinement-value hide-refinement  ">
                    <button data-href="/on/demandware.store/Sites-continente-Site/default/Search-ShowAjax?cgid=laticinios&amp;pmin=0%2e01&amp;prefn1=brand&amp;prefv1=Seara" class="refinement-btn ">
                    <div class="ct-form-checkbox">
                    <input id="Seara" type="checkbox" title="">
                    <label class="ct-form-check-label" for="Seara">
                    Seara <span class="hit-count">(1)</span>
                    </label>
                    <span class="checkmark"></span>
                    </div>
                    <span class="sr-only selected-assistive-text">
                    Refine by Marcas: Seara
                    </span>
                    </button>
                    </li>
                    <li class="refinement-value hide-refinement  ">
                    <button data-href="/on/demandware.store/Sites-continente-Site/default/Search-ShowAjax?cgid=laticinios&amp;pmin=0%2e01&amp;prefn1=brand&amp;prefv1=Seia%20do%20Tavares" class="refinement-btn ">
                    <div class="ct-form-checkbox">
                    <input id="Seia do Tavares" type="checkbox" title="">
                    <label class="ct-form-check-label" for="Seia do Tavares">
                    Seia do Tavares <span class="hit-count">(1)</span>
                    </label>
                    <span class="checkmark"></span>
                    </div>
                    <span class="sr-only selected-assistive-text">
                    Refine by Marcas: Seia do Tavares
                    </span>
                    </button>
                    </li>
                    <li class="refinement-value hide-refinement  ">
                    <button data-href="/on/demandware.store/Sites-continente-Site/default/Search-ShowAjax?cgid=laticinios&amp;pmin=0%2e01&amp;prefn1=brand&amp;prefv1=Shoyce" class="refinement-btn ">
                    <div class="ct-form-checkbox">
                    <input id="Shoyce" type="checkbox" title="">
                    <label class="ct-form-check-label" for="Shoyce">
                    Shoyce <span class="hit-count">(18)</span>
                    </label>
                    <span class="checkmark"></span>
                    </div>
                    <span class="sr-only selected-assistive-text">
                    Refine by Marcas: Shoyce
                    </span>
                    </button>
                    </li>
                    <li class="refinement-value hide-refinement  ">
                    <button data-href="/on/demandware.store/Sites-continente-Site/default/Search-ShowAjax?cgid=laticinios&amp;pmin=0%2e01&amp;prefn1=brand&amp;prefv1=Snickers" class="refinement-btn ">
                    <div class="ct-form-checkbox">
                    <input id="Snickers" type="checkbox" title="">
                    <label class="ct-form-check-label" for="Snickers">
                    Snickers <span class="hit-count">(1)</span>
                    </label>
                    <span class="checkmark"></span>
                    </div>
                    <span class="sr-only selected-assistive-text">
                    Refine by Marcas: Snickers
                    </span>
                    </button>
                    </li>
                    <li class="refinement-value hide-refinement  ">
                    <button data-href="/on/demandware.store/Sites-continente-Site/default/Search-ShowAjax?cgid=laticinios&amp;pmin=0%2e01&amp;prefn1=brand&amp;prefv1=Sojasun" class="refinement-btn ">
                    <div class="ct-form-checkbox">
                    <input id="Sojasun" type="checkbox" title="">
                    <label class="ct-form-check-label" for="Sojasun">
                    Sojasun <span class="hit-count">(7)</span>
                    </label>
                    <span class="checkmark"></span>
                    </div>
                    <span class="sr-only selected-assistive-text">
                    Refine by Marcas: Sojasun
                    </span>
                    </button>
                    </li>
                    <li class="refinement-value hide-refinement  ">
                    <button data-href="/on/demandware.store/Sites-continente-Site/default/Search-ShowAjax?cgid=laticinios&amp;pmin=0%2e01&amp;prefn1=brand&amp;prefv1=Sonatural" class="refinement-btn ">
                    <div class="ct-form-checkbox">
                    <input id="Sonatural" type="checkbox" title="">
                    <label class="ct-form-check-label" for="Sonatural">
                    Sonatural <span class="hit-count">(3)</span>
                    </label>
                    <span class="checkmark"></span>
                    </div>
                    <span class="sr-only selected-assistive-text">
                    Refine by Marcas: Sonatural
                    </span>
                    </button>
                    </li>
                    <li class="refinement-value hide-refinement  ">
                    <button data-href="/on/demandware.store/Sites-continente-Site/default/Search-ShowAjax?cgid=laticinios&amp;pmin=0%2e01&amp;prefn1=brand&amp;prefv1=Starbucks" class="refinement-btn ">
                    <div class="ct-form-checkbox">
                    <input id="Starbucks" type="checkbox" title="">
                    <label class="ct-form-check-label" for="Starbucks">
                    Starbucks <span class="hit-count">(7)</span>
                    </label>
                    <span class="checkmark"></span>
                    </div>
                    <span class="sr-only selected-assistive-text">
                    Refine by Marcas: Starbucks
                    </span>
                    </button>
                    </li>
                    <li class="refinement-value hide-refinement  ">
                    <button data-href="/on/demandware.store/Sites-continente-Site/default/Search-ShowAjax?cgid=laticinios&amp;pmin=0%2e01&amp;prefn1=brand&amp;prefv1=Terra%20Nostra" class="refinement-btn ">
                    <div class="ct-form-checkbox">
                    <input id="Terra Nostra" type="checkbox" title="">
                    <label class="ct-form-check-label" for="Terra Nostra">
                    Terra Nostra <span class="hit-count">(6)</span>
                    </label>
                    <span class="checkmark"></span>
                    </div>
                    <span class="sr-only selected-assistive-text">
                    Refine by Marcas: Terra Nostra
                    </span>
                    </button>
                    </li>
                    <li class="refinement-value hide-refinement  ">
                    <button data-href="/on/demandware.store/Sites-continente-Site/default/Search-ShowAjax?cgid=laticinios&amp;pmin=0%2e01&amp;prefn1=brand&amp;prefv1=Turm" class="refinement-btn ">
                    <div class="ct-form-checkbox">
                    <input id="Turm" type="checkbox" title="">
                    <label class="ct-form-check-label" for="Turm">
                    Turm <span class="hit-count">(1)</span>
                    </label>
                    <span class="checkmark"></span>
                    </div>
                    <span class="sr-only selected-assistive-text">
                    Refine by Marcas: Turm
                    </span>
                    </button>
                    </li>
                    <li class="refinement-value hide-refinement  ">
                    <button data-href="/on/demandware.store/Sites-continente-Site/default/Search-ShowAjax?cgid=laticinios&amp;pmin=0%2e01&amp;prefn1=brand&amp;prefv1=Ucal" class="refinement-btn ">
                    <div class="ct-form-checkbox">
                    <input id="Ucal" type="checkbox" title="">
                    <label class="ct-form-check-label" for="Ucal">
                    Ucal <span class="hit-count">(10)</span>
                    </label>
                    <span class="checkmark"></span>
                    </div>
                    <span class="sr-only selected-assistive-text">
                    Refine by Marcas: Ucal
                    </span>
                    </button>
                    </li>
                    <li class="refinement-value hide-refinement  ">
                    <button data-href="/on/demandware.store/Sites-continente-Site/default/Search-ShowAjax?cgid=laticinios&amp;pmin=0%2e01&amp;prefn1=brand&amp;prefv1=Vaqueiro" class="refinement-btn ">
                    <div class="ct-form-checkbox">
                    <input id="Vaqueiro" type="checkbox" title="">
                    <label class="ct-form-check-label" for="Vaqueiro">
                    Vaqueiro <span class="hit-count">(3)</span>
                    </label>
                    <span class="checkmark"></span>
                    </div>
                    <span class="sr-only selected-assistive-text">
                     Refine by Marcas: Vaqueiro
                    </span>
                    </button>
                    </li>
                    <li class="refinement-value hide-refinement  ">
                    <button data-href="/on/demandware.store/Sites-continente-Site/default/Search-ShowAjax?cgid=laticinios&amp;pmin=0%2e01&amp;prefn1=brand&amp;prefv1=Vigor" class="refinement-btn ">
                    <div class="ct-form-checkbox">
                    <input id="Vigor" type="checkbox" title="">
                    <label class="ct-form-check-label" for="Vigor">
                    Vigor <span class="hit-count">(7)</span>
                    </label>
                    <span class="checkmark"></span>
                    </div>
                    <span class="sr-only selected-assistive-text">
                    Refine by Marcas: Vigor
                    </span>
                    </button>
                    </li>
                    <li class="refinement-value hide-refinement  ">
                    <button data-href="/on/demandware.store/Sites-continente-Site/default/Search-ShowAjax?cgid=laticinios&amp;pmin=0%2e01&amp;prefn1=brand&amp;prefv1=Violife" class="refinement-btn ">
                    <div class="ct-form-checkbox">
                    <input id="Violife" type="checkbox" title="">
                    <label class="ct-form-check-label" for="Violife">
                    Violife <span class="hit-count">(2)</span>
                    </label>
                    <span class="checkmark"></span>
                    </div>
                    <span class="sr-only selected-assistive-text">
                    Refine by Marcas: Violife
                    </span>
                    </button>
                    </li>
                    <li class="refinement-value hide-refinement  ">
                    <button data-href="/on/demandware.store/Sites-continente-Site/default/Search-ShowAjax?cgid=laticinios&amp;pmin=0%2e01&amp;prefn1=brand&amp;prefv1=Vive%20Soy" class="refinement-btn ">
                    <div class="ct-form-checkbox">
                    <input id="Vive Soy" type="checkbox" title="">
                    <label class="ct-form-check-label" for="Vive Soy">
                    Vive Soy <span class="hit-count">(8)</span>
                    </label>
                    <span class="checkmark"></span>
                    </div>
                    <span class="sr-only selected-assistive-text">
                    Refine by Marcas: Vive Soy
                    </span>
                    </button>
                    </li>
                    <li class="refinement-value hide-refinement  ">
                    <button data-href="/on/demandware.store/Sites-continente-Site/default/Search-ShowAjax?cgid=laticinios&amp;pmin=0%2e01&amp;prefn1=brand&amp;prefv1=Wunda" class="refinement-btn ">
                    <div class="ct-form-checkbox">
                    <input id="Wunda" type="checkbox" title="">
                    <label class="ct-form-check-label" for="Wunda">
                    Wunda <span class="hit-count">(2)</span>
                    </label>
                    <span class="checkmark"></span>
                    </div>
                    <span class="sr-only selected-assistive-text">
                    Refine by Marcas: Wunda
                    </span>
                    </button>
                    </li>
                    <li class="refinement-value hide-refinement  ">
                    <button data-href="/on/demandware.store/Sites-continente-Site/default/Search-ShowAjax?cgid=laticinios&amp;pmin=0%2e01&amp;prefn1=brand&amp;prefv1=Yaos" class="refinement-btn ">
                    <div class="ct-form-checkbox">
                    <input id="Yaos" type="checkbox" title="">
                    <label class="ct-form-check-label" for="Yaos">
                    Yaos <span class="hit-count">(11)</span>
                    </label>
                    <span class="checkmark"></span>
                    </div>
                    <span class="sr-only selected-assistive-text">
                    Refine by Marcas: Yaos
                    </span>
                    </button>
                    </li>
                    <li class="refinement-value hide-refinement  ">
                    <button data-href="/on/demandware.store/Sites-continente-Site/default/Search-ShowAjax?cgid=laticinios&amp;pmin=0%2e01&amp;prefn1=brand&amp;prefv1=Yoco" class="refinement-btn ">
                    <div class="ct-form-checkbox">
                    <input id="Yoco" type="checkbox" title="">
                    <label class="ct-form-check-label" for="Yoco">
                     Yoco <span class="hit-count">(11)</span>
                    </label>
                    <span class="checkmark"></span>
                    </div>
                    <span class="sr-only selected-assistive-text">
                    Refine by Marcas: Yoco
                    </span>
                    </button>
                    </li>
                    <li class="refinement-value hide-refinement  ">
                    <button data-href="/on/demandware.store/Sites-continente-Site/default/Search-ShowAjax?cgid=laticinios&amp;pmin=0%2e01&amp;prefn1=brand&amp;prefv1=Yogan" class="refinement-btn ">
                    <div class="ct-form-checkbox">
                    <input id="Yogan" type="checkbox" title="">
                    <label class="ct-form-check-label" for="Yogan">
                    Yogan <span class="hit-count">(1)</span>
                    </label>
                    <span class="checkmark"></span>
                    </div>
                    <span class="sr-only selected-assistive-text">
                    Refine by Marcas: Yogan
                    </span>
                    </button>
                    </li>
                    <li class="refinement-value hide-refinement  ">
                    <button data-href="/on/demandware.store/Sites-continente-Site/default/Search-ShowAjax?cgid=laticinios&amp;pmin=0%2e01&amp;prefn1=brand&amp;prefv1=Yoggi" class="refinement-btn ">
                    <div class="ct-form-checkbox">
                    <input id="Yoggi" type="checkbox" title="">
                    <label class="ct-form-check-label" for="Yoggi">
                    Yoggi <span class="hit-count">(22)</span>
                    </label>
                    <span class="checkmark"></span>
                    </div>
                    <span class="sr-only selected-assistive-text">
                    Refine by Marcas: Yoggi
                    </span>
                    </button>
                    </li>
                    <li class="refinement-value hide-refinement  ">
                    <button data-href="/on/demandware.store/Sites-continente-Site/default/Search-ShowAjax?cgid=laticinios&amp;pmin=0%2e01&amp;prefn1=brand&amp;prefv1=Yopro" class="refinement-btn ">
                    <div class="ct-form-checkbox">
                    <input id="Yopro" type="checkbox" title="">
                    <label class="ct-form-check-label" for="Yopro">
                    Yopro <span class="hit-count">(21)</span>
                    </label>
                    <span class="checkmark"></span>
                    </div>
                    <span class="sr-only selected-assistive-text">
                    Refine by Marcas: Yopro
                    </span>
                    </button>
                    </li>
                    <li class="col-12 refinement-value refinement-link">
                    <a class="ct-anchor refinement-show-more" href="#">
                    Ver mais
                    </a>
                    </li>
                    <li class="col-12 refinement-value refinement-link">
                    <a class="ct-anchor refinement-show-less hide-refinement" href="#">
                    Ver menos
                    </a>
                    </li>
                    </ul>
                    </div>
                    </div>
                    <div class="collapsible-lg ct-border--radius active refinement refinement-ispromo" data-refinement-type="isPromo">
                    <div class="col-sm-12">
                    <button class="title refinement-title text-left btn-block ct-font--opensans-bold d-flex justify-content-between" aria-controls="refinement-poupança" aria-expanded="false">
                    <span class="refinement-title-text">
                    Poupança
                    </span>
                    <span class="refinement-closed">
                    <span class="svg-wrapper svg-icon-arrow-down" style="width:15px; height:15px">
                    <svg class="svg-inline icon-arrow-down" xmlns="http://www.w3.org/2000/svg" viewBox="0 0 12 13" width="100%" height="100%"><path fill="#EB0203" fill-rule="evenodd" d="M5.406 9.174l-5.16-5.16a.84.84 0 111.189-1.188L6 7.39l4.565-4.565a.84.84 0 011.189 1.188l-5.16 5.16a.837.837 0 01-1.188 0z"></path></svg>
                    </span>
                    </span>
                     <span class="refinement-opened">
                    <span class="svg-wrapper svg-icon-arrow-up" style="width:auto; height:auto">
                    <svg class="svg-inline icon-arrow-up" xmlns="http://www.w3.org/2000/svg" viewBox="0 0 15 9" width="15" height="9"><path fill="#EB0203" fill-rule="evenodd" d="M6.757.532l-6.45 6.45a1.05 1.05 0 1 0 1.486 1.486L7.5 2.76l5.707 5.707a1.05 1.05 0 0 0 1.485-1.486L8.242.532a1.047 1.047 0 0 0-1.485 0z"></path></svg>
                    </span>
                    </span>
                    </button>
                    </div>
                    <div class="content value refinement-content " id="refinement-poupança">
                    <ul class="values content row">
                    <li class="refinement-value-block col-sm-6 col-md-12">
                    <ul>
                    <li class="refinement-value   ">
                    <button data-href="/on/demandware.store/Sites-continente-Site/default/Search-ShowAjax?cgid=laticinios&amp;pmin=0%2e01&amp;prefn1=isPromo&amp;prefv1=true" class="refinement-btn ">
                    <div class="ct-form-checkbox">
                    <input id="Com Desconto/Poupança" type="checkbox" title="">
                    <label class="ct-form-check-label" for="Com Desconto/Poupança">
                    Com Desconto/Poupança
                    </label>
                    <span class="checkmark"></span>
                    </div>
                    <span class="sr-only selected-assistive-text">
                    Refine by Poupança: Com Desconto/Poupança
                    </span>
                    </button>
                    </li>
                    </ul>
                    </li>
                    </ul>
                    </div>
                    </div>
                    <div class="collapsible-lg ct-border--radius active refinement refinement-price" data-refinement-type="price">
                    <div class="col-sm-12">
                    <button class="title refinement-title text-left btn-block ct-font--opensans-bold d-flex justify-content-between" aria-controls="refinement-preço" aria-expanded="false">
                    <span class="refinement-title-text">
                    Preço
                    </span>
                    <span class="refinement-closed">
                    <span class="svg-wrapper svg-icon-arrow-down" style="width:15px; height:15px">
                    <svg class="svg-inline icon-arrow-down" xmlns="http://www.w3.org/2000/svg" viewBox="0 0 12 13" width="100%" height="100%"><path fill="#EB0203" fill-rule="evenodd" d="M5.406 9.174l-5.16-5.16a.84.84 0 111.189-1.188L6 7.39l4.565-4.565a.84.84 0 011.189 1.188l-5.16 5.16a.837.837 0 01-1.188 0z"></path></svg>
                    </span>
                    </span>
                    <span class="refinement-opened">
                    <span class="svg-wrapper svg-icon-arrow-up" style="width:auto; height:auto">
                    <svg class="svg-inline icon-arrow-up" xmlns="http://www.w3.org/2000/svg" viewBox="0 0 15 9" width="15" height="9"><path fill="#EB0203" fill-rule="evenodd" d="M6.757.532l-6.45 6.45a1.05 1.05 0 1 0 1.486 1.486L7.5 2.76l5.707 5.707a1.05 1.05 0 0 0 1.485-1.486L8.242.532a1.047 1.047 0 0 0-1.485 0z"></path></svg>
                    </span>
                    </span>
                    </button>
                    </div>
                    <div class="content value refinement-content " id="refinement-preço">
                    <ul class="values content row">
                    <li class="refinement-value-block col-sm-6 col-md-12">
                    <ul>
                    <li class="refinement-value ">
                    <button class="refinement-btn" data-href="/on/demandware.store/Sites-continente-Site/default/Search-ShowAjax?cgid=laticinios&amp;pmin=0%2e00&amp;pmax=1%2e00">
                    <div class="ct-form-radio ct-form-radio--secondary">
                    <input id="€0 - €0,99" type="radio" title="">
                    <label class="ct-form-check-label" for="€0 - €0,99">
                    €0 - €0,99
                    </label>
                    <span class="checkmark"></span>
                    </div>
                    <span class="sr-only selected-assistive-text">
                    Refine by Preço: €0 - €0,99
                    </span>
                    </button>
                    </li>
                    <li class="refinement-value ">
                    <button class="refinement-btn" data-href="/on/demandware.store/Sites-continente-Site/default/Search-ShowAjax?cgid=laticinios&amp;pmin=1%2e00&amp;pmax=2%2e00">
                    <div class="ct-form-radio ct-form-radio--secondary">
                    <input id="€1 - €1,99" type="radio" title="">
                    <label class="ct-form-check-label" for="€1 - €1,99">
                    €1 - €1,99
                    </label>
                    <span class="checkmark"></span>
                    </div>
                    <span class="sr-only selected-assistive-text">
                    Refine by Preço: €1 - €1,99
                    </span>
                    </button>
                    </li>
                    <li class="refinement-value ">
                    <button class="refinement-btn" data-href="/on/demandware.store/Sites-continente-Site/default/Search-ShowAjax?cgid=laticinios&amp;pmin=2%2e00&amp;pmax=3%2e00">
                    <div class="ct-form-radio ct-form-radio--secondary">
                    <input id="€2 - €2,99" type="radio" title="">
                    <label class="ct-form-check-label" for="€2 - €2,99">
                    €2 - €2,99
                    </label>
                    <span class="checkmark"></span>
                    </div>
                    <span class="sr-only selected-assistive-text">
                    Refine by Preço: €2 - €2,99
                    </span>
                    </button>
                    </li>
                    <li class="refinement-value ">
                    <button class="refinement-btn" data-href="/on/demandware.store/Sites-continente-Site/default/Search-ShowAjax?cgid=laticinios&amp;pmin=3%2e00&amp;pmax=50%2e00">
                    <div class="ct-form-radio ct-form-radio--secondary">
                    <input id="+ €3,00" type="radio" title="">
                    <label class="ct-form-check-label" for="+ €3,00">
                    + €3,00
                    </label>
                    <span class="checkmark"></span>
                    </div>
                    <span class="sr-only selected-assistive-text">
                    Refine by Preço: + €3,00
                    </span>
                    </button>
                    </li>
                    </ul>
                    </li>
                    </ul>
                    </div>
                    </div>
                    <div class="collapsible-lg ct-border--radius active refinement refinement-food.sugarfree" data-refinement-type="food.SugarFree">
                    <div class="col-sm-12">
                    <button class="title refinement-title text-left btn-block ct-font--opensans-bold d-flex justify-content-between" aria-controls="refinement-sem-adição-de-açúcar" aria-expanded="false">
                    <span class="refinement-title-text">
                    Sem Adição de Açúcar
                    </span>
                     <span class="refinement-closed">
                    <span class="svg-wrapper svg-icon-arrow-down" style="width:15px; height:15px">
                    <svg class="svg-inline icon-arrow-down" xmlns="http://www.w3.org/2000/svg" viewBox="0 0 12 13" width="100%" height="100%"><path fill="#EB0203" fill-rule="evenodd" d="M5.406 9.174l-5.16-5.16a.84.84 0 111.189-1.188L6 7.39l4.565-4.565a.84.84 0 011.189 1.188l-5.16 5.16a.837.837 0 01-1.188 0z"></path></svg>
                    </span>
                    </span>
                    <span class="refinement-opened">
                    <span class="svg-wrapper svg-icon-arrow-up" style="width:auto; height:auto">
                    <svg class="svg-inline icon-arrow-up" xmlns="http://www.w3.org/2000/svg" viewBox="0 0 15 9" width="15" height="9"><path fill="#EB0203" fill-rule="evenodd" d="M6.757.532l-6.45 6.45a1.05 1.05 0 1 0 1.486 1.486L7.5 2.76l5.707 5.707a1.05 1.05 0 0 0 1.485-1.486L8.242.532a1.047 1.047 0 0 0-1.485 0z"></path></svg>
                    </span>
                    </span>
                    </button>
                    </div>
                    <div class="content value refinement-content " id="refinement-sem-adição-de-açúcar">
                    <ul class="values content row">
                    <li class="refinement-value-block col-sm-6 col-md-12">
                    <ul>
                    <li class="refinement-value   ">
                    <button data-href="/on/demandware.store/Sites-continente-Site/default/Search-ShowAjax?cgid=laticinios&amp;pmin=0%2e01&amp;prefn1=food%2eSugarFree&amp;prefv1=Produto%20Sem%20Adi%c3%a7%c3%a3o%20de%20A%c3%a7%c3%bacar" class="refinement-btn ">
                    <div class="ct-form-checkbox">
                    <input id="Produto Sem Adição de Açúcar" type="checkbox" title="">
                    <label class="ct-form-check-label" for="Produto Sem Adição de Açúcar">
                    Produto Sem Adição de Açúcar <span class="hit-count">(327)</span>
                    </label>
                    <span class="checkmark"></span>
                    </div>
                    <span class="sr-only selected-assistive-text">
                    Refine by Sem Adição de Açúcar: Produto Sem Adição de Açúcar
                    </span>
                    </button>
                    </li>
                    </ul>
                    </li>
                    </ul>
                    </div>
                    </div>
                    <div class="collapsible-lg ct-border--radius active refinement refinement-food.glutenfree" data-refinement-type="food.GlutenFree">
                    <div class="col-sm-12">
                    <button class="title refinement-title text-left btn-block ct-font--opensans-bold d-flex justify-content-between" aria-controls="refinement-sem-glúten" aria-expanded="false">
                    <span class="refinement-title-text">
                    Sem Glúten
                    </span>
                    <span class="refinement-closed">
                    <span class="svg-wrapper svg-icon-arrow-down" style="width:15px; height:15px">
                    <svg class="svg-inline icon-arrow-down" xmlns="http://www.w3.org/2000/svg" viewBox="0 0 12 13" width="100%" height="100%"><path fill="#EB0203" fill-rule="evenodd" d="M5.406 9.174l-5.16-5.16a.84.84 0 111.189-1.188L6 7.39l4.565-4.565a.84.84 0 011.189 1.188l-5.16 5.16a.837.837 0 01-1.188 0z"></path></svg>
                    </span>
                    </span>
                    <span class="refinement-opened">
                    <span class="svg-wrapper svg-icon-arrow-up" style="width:auto; height:auto">
                    <svg class="svg-inline icon-arrow-up" xmlns="http://www.w3.org/2000/svg" viewBox="0 0 15 9" width="15" height="9"><path fill="#EB0203" fill-rule="evenodd" d="M6.757.532l-6.45 6.45a1.05 1.05 0 1 0 1.486 1.486L7.5 2.76l5.707 5.707a1.05 1.05 0 0 0 1.485-1.486L8.242.532a1.047 1.047 0 0 0-1.485 0z"></path></svg>
                    </span>
                    </span>
                    </button>
                    </div>
                    <div class="content value refinement-content " id="refinement-sem-glúten">
                    <ul class="values content row">
                    <li class="refinement-value-block col-sm-6 col-md-12">
                    <ul>
                    <li class="refinement-value   ">
                    <button data-href="/on/demandware.store/Sites-continente-Site/default/Search-ShowAjax?cgid=laticinios&amp;pmin=0%2e01&amp;prefn1=food%2eGlutenFree&amp;prefv1=Produto%20Sem%20Gl%c3%baten" class="refinement-btn ">
                    <div class="ct-form-checkbox">
                    <input id="Produto Sem Glúten" type="checkbox" title="">
                    <label class="ct-form-check-label" for="Produto Sem Glúten">
                    Produto Sem Glúten <span class="hit-count">(580)</span>
                    </label>
                    <span class="checkmark"></span>
                    </div>
                    <span class="sr-only selected-assistive-text">
                    Refine by Sem Glúten: Produto Sem Glúten
                    </span>
                    </button>
                    </li>
                    </ul>
                    </li>
                    </ul>
                    </div>
                    </div>
                    <div class="collapsible-lg ct-border--radius active refinement refinement-food.lactosefree" data-refinement-type="food.LactoseFree">
                    <div class="col-sm-12">
                    <button class="title refinement-title text-left btn-block ct-font--opensans-bold d-flex justify-content-between" aria-controls="refinement-sem-lactose" aria-expanded="false">
                    <span class="refinement-title-text">
                    Sem Lactose
                    </span>
                    <span class="refinement-closed">
                    <span class="svg-wrapper svg-icon-arrow-down" style="width:15px; height:15px">
                    <svg class="svg-inline icon-arrow-down" xmlns="http://www.w3.org/2000/svg" viewBox="0 0 12 13" width="100%" height="100%"><path fill="#EB0203" fill-rule="evenodd" d="M5.406 9.174l-5.16-5.16a.84.84 0 111.189-1.188L6 7.39l4.565-4.565a.84.84 0 011.189 1.188l-5.16 5.16a.837.837 0 01-1.188 0z"></path></svg>
                    </span>
                    </span>
                    <span class="refinement-opened">
                    <span class="svg-wrapper svg-icon-arrow-up" style="width:auto; height:auto">
                    <svg class="svg-inline icon-arrow-up" xmlns="http://www.w3.org/2000/svg" viewBox="0 0 15 9" width="15" height="9"><path fill="#EB0203" fill-rule="evenodd" d="M6.757.532l-6.45 6.45a1.05 1.05 0 1 0 1.486 1.486L7.5 2.76l5.707 5.707a1.05 1.05 0 0 0 1.485-1.486L8.242.532a1.047 1.047 0 0 0-1.485 0z"></path></svg>
                    </span>
                    </span>
                    </button>
                    </div>
                    <div class="content value refinement-content " id="refinement-sem-lactose">
                    <ul class="values content row">
                    <li class="refinement-value-block col-sm-6 col-md-12">
                    <ul>
                    <li class="refinement-value   ">
                    <button data-href="/on/demandware.store/Sites-continente-Site/default/Search-ShowAjax?cgid=laticinios&amp;pmin=0%2e01&amp;prefn1=food%2eLactoseFree&amp;prefv1=Produto%20Sem%20Lactose" class="refinement-btn ">
                    <div class="ct-form-checkbox">
                    <input id="Produto Sem Lactose" type="checkbox" title="">
                    <label class="ct-form-check-label" for="Produto Sem Lactose">
                    Produto Sem Lactose <span class="hit-count">(291)</span>
                    </label>
                    <span class="checkmark"></span>
                    </div>
                    <span class="sr-only selected-assistive-text">
                    Refine by Sem Lactose: Produto Sem Lactose
                    </span>
                    </button>
                    </li>
                    </ul>
                    </li>
                    </ul>
                    </div>
                    </div>
                    <div class="collapsible-lg ct-border--radius active refinement refinement-food.vegetarian" data-refinement-type="food.Vegetarian">
                    <div class="col-sm-12">
                    <button class="title refinement-title text-left btn-block ct-font--opensans-bold d-flex justify-content-between" aria-controls="refinement-vegetariano" aria-expanded="false">
                    <span class="refinement-title-text">
                    Vegetariano
                    </span>
                    <span class="refinement-closed">
                    <span class="svg-wrapper svg-icon-arrow-down" style="width:15px; height:15px">
                    <svg class="svg-inline icon-arrow-down" xmlns="http://www.w3.org/2000/svg" viewBox="0 0 12 13" width="100%" height="100%"><path fill="#EB0203" fill-rule="evenodd" d="M5.406 9.174l-5.16-5.16a.84.84 0 111.189-1.188L6 7.39l4.565-4.565a.84.84 0 011.189 1.188l-5.16 5.16a.837.837 0 01-1.188 0z"></path></svg>
                    </span>
                    </span>
                    <span class="refinement-opened">
                    <span class="svg-wrapper svg-icon-arrow-up" style="width:auto; height:auto">
                    <svg class="svg-inline icon-arrow-up" xmlns="http://www.w3.org/2000/svg" viewBox="0 0 15 9" width="15" height="9"><path fill="#EB0203" fill-rule="evenodd" d="M6.757.532l-6.45 6.45a1.05 1.05 0 1 0 1.486 1.486L7.5 2.76l5.707 5.707a1.05 1.05 0 0 0 1.485-1.486L8.242.532a1.047 1.047 0 0 0-1.485 0z"></path></svg>
                    </span>
                    </span>
                    </button>
                    </div>
                    <div class="content value refinement-content " id="refinement-vegetariano">
                    <ul class="values content row">
                    <li class="refinement-value-block col-sm-6 col-md-12">
                    <ul>
                    <li class="refinement-value   ">
                    <button data-href="/on/demandware.store/Sites-continente-Site/default/Search-ShowAjax?cgid=laticinios&amp;pmin=0%2e01&amp;prefn1=food%2eVegetarian&amp;prefv1=Produto%20Vegetariano" class="refinement-btn ">
                    <div class="ct-form-checkbox">
                    <input id="Produto Vegetariano" type="checkbox" title="">
                    <label class="ct-form-check-label" for="Produto Vegetariano">
                    Produto Vegetariano <span class="hit-count">(484)</span>
                    </label>
                    <span class="checkmark"></span>
                    </div>
                    <span class="sr-only selected-assistive-text">
                    Refine by Vegetariano: Produto Vegetariano
                    </span>
                    </button>
                    </li>
                    </ul>
                    </li>
                    </ul>
                    </div>
                    </div>
                    <div class="collapsible-lg ct-border--radius active refinement refinement-food.vegan" data-refinement-type="food.Vegan">
                    <div class="col-sm-12">
                    <button class="title refinement-title text-left btn-block ct-font--opensans-bold d-flex justify-content-between" aria-controls="refinement-vegan" aria-expanded="false">
                     <span class="refinement-title-text">
                    Vegan
                    </span>
                    <span class="refinement-closed">
                    <span class="svg-wrapper svg-icon-arrow-down" style="width:15px; height:15px">
                    <svg class="svg-inline icon-arrow-down" xmlns="http://www.w3.org/2000/svg" viewBox="0 0 12 13" width="100%" height="100%"><path fill="#EB0203" fill-rule="evenodd" d="M5.406 9.174l-5.16-5.16a.84.84 0 111.189-1.188L6 7.39l4.565-4.565a.84.84 0 011.189 1.188l-5.16 5.16a.837.837 0 01-1.188 0z"></path></svg>
                    </span>
                    </span>
                    <span class="refinement-opened">
                    <span class="svg-wrapper svg-icon-arrow-up" style="width:auto; height:auto">
                    <svg class="svg-inline icon-arrow-up" xmlns="http://www.w3.org/2000/svg" viewBox="0 0 15 9" width="15" height="9"><path fill="#EB0203" fill-rule="evenodd" d="M6.757.532l-6.45 6.45a1.05 1.05 0 1 0 1.486 1.486L7.5 2.76l5.707 5.707a1.05 1.05 0 0 0 1.485-1.486L8.242.532a1.047 1.047 0 0 0-1.485 0z"></path></svg>
                    </span>
                    </span>
                    </button>
                    </div>
                    <div class="content value refinement-content " id="refinement-vegan">
                    <ul class="values content row">
                    <li class="refinement-value-block col-sm-6 col-md-12">
                    <ul>
                    <li class="refinement-value   ">
                    <button data-href="/on/demandware.store/Sites-continente-Site/default/Search-ShowAjax?cgid=laticinios&amp;pmin=0%2e01&amp;prefn1=food%2eVegan&amp;prefv1=Produto%20Vegan" class="refinement-btn ">
                    <div class="ct-form-checkbox">
                    <input id="Produto Vegan" type="checkbox" title="">
                    <label class="ct-form-check-label" for="Produto Vegan">
                    Produto Vegan <span class="hit-count">(157)</span>
                    </label>
                    <span class="checkmark"></span>
                    </div>
                    <span class="sr-only selected-assistive-text">
                    Refine by Vegan: Produto Vegan
                    </span>
                    </button>
                    </li>
                    </ul>
                    </li>
                    </ul>
                    </div>
                    </div>
                    <div class="collapsible-lg ct-border--radius active refinement refinement-food.biologic" data-refinement-type="food.Biologic">
                    <div class="col-sm-12">
                    <button class="title refinement-title text-left btn-block ct-font--opensans-bold d-flex justify-content-between" aria-controls="refinement-biológico" aria-expanded="false">
                    <span class="refinement-title-text">
                    Biológico
                    </span>
                    <span class="refinement-closed">
                    <span class="svg-wrapper svg-icon-arrow-down" style="width:15px; height:15px">
                    <svg class="svg-inline icon-arrow-down" xmlns="http://www.w3.org/2000/svg" viewBox="0 0 12 13" width="100%" height="100%"><path fill="#EB0203" fill-rule="evenodd" d="M5.406 9.174l-5.16-5.16a.84.84 0 111.189-1.188L6 7.39l4.565-4.565a.84.84 0 011.189 1.188l-5.16 5.16a.837.837 0 01-1.188 0z"></path></svg>
                    </span>
                    </span>
                    <span class="refinement-opened">
                    <span class="svg-wrapper svg-icon-arrow-up" style="width:auto; height:auto">
                    <svg class="svg-inline icon-arrow-up" xmlns="http://www.w3.org/2000/svg" viewBox="0 0 15 9" width="15" height="9"><path fill="#EB0203" fill-rule="evenodd" d="M6.757.532l-6.45 6.45a1.05 1.05 0 1 0 1.486 1.486L7.5 2.76l5.707 5.707a1.05 1.05 0 0 0 1.485-1.486L8.242.532a1.047 1.047 0 0 0-1.485 0z"></path></svg>
                    </span>
                    </span>
                    </button>
                    </div>
                    <div class="content value refinement-content " id="refinement-biológico">
                    <ul class="values content row">
                    <li class="refinement-value-block col-sm-6 col-md-12">
                    <ul>
                    <li class="refinement-value   ">
                    <button data-href="/on/demandware.store/Sites-continente-Site/default/Search-ShowAjax?cgid=laticinios&amp;pmin=0%2e01&amp;prefn1=food%2eBiologic&amp;prefv1=Produto%20Biol%c3%b3gico" class="refinement-btn ">
                    <div class="ct-form-checkbox">
                    <input id="Produto Biológico" type="checkbox" title="">
                    <label class="ct-form-check-label" for="Produto Biológico">
                    Produto Biológico <span class="hit-count">(56)</span>
                    </label>
                    <span class="checkmark"></span>
                    </div>
                    <span class="sr-only selected-assistive-text">
                    Refine by Biológico: Produto Biológico
                    </span>
                    </button>
                    </li>
                    </ul>
                    </li>
                    </ul>
                    </div>
                    </div>
                    </div>
                    </div>
                    <div class="search-results-left-advertising-banner d-none d-md-block custom-advertising-pushed">
                    <div id="col-search-left-advertising-banners">
                    <div class="ad-content ct-mb--30 d-none" data-gtm-banner-prefix="category" style="">
                    <div id="ad-clp-filter-first" class="gpt-contents text-center" data-unitpath="/21868577187/OSF_CPL_SideFirst_Laticinios" data-size="[[200, 200],[[[1024,540],[200,200]],[[768,500],[200,200]],[[320,240],[200,200]]]]" data-google-query-id="CLzN5eWH_voCFcb2GwodnPgHHQ">
                    <div id="google_ads_iframe_/21868577187/OSF_CPL_SideFirst_Laticinios_0__container__" style="border: 0pt none; width: 200px; height: 0px;"></div></div>
                    </div>
                    <div class="ad-content d-none" data-gtm-banner-prefix="category" style="">
                    <div id="ad-clp-filter-second" class="gpt-contents text-center" data-unitpath="/21868577187/OSF_CPL_SideSecond_Laticinios" data-size="[[200, 200],[[[1024, 540],[200,200]],[[768,500],[200,200]],[[320,240],[200,200]]]]" data-google-query-id="CNLZ5eWH_voCFQhHHQkdUOkI1g">
                    <div id="google_ads_iframe_/21868577187/OSF_CPL_SideSecond_Laticinios_0__container__" style="border: 0pt none; width: 200px; height: 0px;"></div></div>
                    </div>
                    </div>
                    </div>
                    </div>
                    <div class="results-section">
                    
                    <div class="row product-grid-header ct-border--radius mx-0">
                    <div class="col-6 col-sm-auto product-grid-filter-btn text-right d-md-none">
                    <button type="button" class="btn pull-left text-left filter-results col-12 pl-0">
                    <span class="ct-font--opensans-bold">
                    Filtrar
                    </span>
                    <span class="symbol-colon">
                    :
                    </span>
                    <span class="svg-wrapper svg-icon-filter" style="width:17px; height:16px">
                    <svg class="svg-inline icon-filter" xmlns="http://www.w3.org/2000/svg" width="100%" height="100%" viewBox="0 0 17 16"><g fill="none" fill-rule="evenodd"><rect width="17" height="1" y="2" fill="#EB0203" rx=".5"></rect><rect width="17" height="1" y="8" fill="#EB0203" rx=".5"></rect><rect width="17" height="1" y="14" fill="#EB0203" rx=".5"></rect><path fill="#FFF" fill-rule="nonzero" stroke="#EB0203" d="M3.5 14.5a.997.997 0 0 1 1.707-.707.997.997 0 0 1 0 1.414.997.997 0 0 1-1.414 0A.997.997 0 0 1 3.5 14.5zM3.5 2.5a.997.997 0 0 1 1.707-.707.997.997 0 0 1 0 1.414.997.997 0 0 1-1.414 0A.997.997 0 0 1 3.5 2.5zM10.5 8.5a.997.997 0 0 1 1.707-.707.997.997 0 0 1 0 1.414.997.997 0 0 1-1.414 0A.997.997 0 0 1 10.5 8.5z"></path></g></svg>
                    </span>
                    <div class="filters-count-wrapper d-none justify-content-center align-items-center">
                    <span class="filters-count"></span>
                    </div>
                    </button>
                    </div>
                    <div class="col-12 col-sm-auto col-md-8 product-grid-applied-filters d-none d-sm-flex align-items-center">
                    <div class="filter-bar">
                    </div>
                    </div>
                    <div class="overflow-filters-reset d-none d-sm-flex align-items-center ml-auto">
                    </div>
                    <div class="col-6 col-sm-3 col-md-4 product-grid-sort">
                    <div class="ct-select-wrapper">
                    <label class="visually-hidden--sm-down" for="sort-order">Ordenar por</label>
                    <select name="sort-order" id="sort-order" class="ct-custom-select" aria-label="Sort By">
                    <option class="search-relevance" value="https://www.continente.pt/on/demandware.store/Sites-continente-Site/default/Search-UpdateGrid?cgid=laticinios&amp;pmin=0.01&amp;srule=Continente&amp;start=0&amp;sz=36" data-id="search-relevance">
                    Relevância
                    </option>
                    <option class="price-low-to-high" value="https://www.continente.pt/on/demandware.store/Sites-continente-Site/default/Search-UpdateGrid?cgid=laticinios&amp;pmin=0.01&amp;srule=price-low-to-high&amp;start=0&amp;sz=36" data-id="price-low-to-high">
                    Preço (menor)
                    </option>
                    <option class="price-high-to-low" value="https://www.continente.pt/on/demandware.store/Sites-continente-Site/default/Search-UpdateGrid?cgid=laticinios&amp;pmin=0.01&amp;srule=price-high-to-low&amp;start=0&amp;sz=36" data-id="price-high-to-low">
                    Preço (maior)
                    </option>
                    <option class="price-per-capacity" value="https://www.continente.pt/on/demandware.store/Sites-continente-Site/default/Search-UpdateGrid?cgid=laticinios&amp;pmin=0.01&amp;srule=price-per-capacity&amp;start=0&amp;sz=36" data-id="price-per-capacity">
                    Preço/capacidade
                    </option>
                    <option class="product-name-ascending" value="https://www.continente.pt/on/demandware.store/Sites-continente-Site/default/Search-UpdateGrid?cgid=laticinios&amp;pmin=0.01&amp;srule=product-name-ascending&amp;start=0&amp;sz=36" data-id="product-name-ascending">
                    Nome (A a Z)
                    </option>
                    <option class="product-name-descending" value="https://www.continente.pt/on/demandware.store/Sites-continente-Site/default/Search-UpdateGrid?cgid=laticinios&amp;pmin=0.01&amp;srule=product-name-descending&amp;start=0&amp;sz=36" data-id="product-name-descending">
                    Nome (Z a A)
                    </option>
                    </select>
                    <i aria-hidden="true" class="search-arrow">
                    <span class="svg-wrapper svg-icon-arrow-down" style="width:12px; height:13px">
                    <svg class="svg-inline icon-arrow-down" xmlns="http://www.w3.org/2000/svg" viewBox="0 0 12 13" width="100%" height="100%"><path fill="#EB0203" fill-rule="evenodd" d="M5.406 9.174l-5.16-5.16a.84.84 0 111.189-1.188L6 7.39l4.565-4.565a.84.84 0 011.189 1.188l-5.16 5.16a.837.837 0 01-1.188 0z"></path></svg>
                    </span>
                    </i>
                    </div>
                    </div>
                    <div class="col-12 js-product-filter-no-results product-filter-no-results--wrapper text-center d-none">
                    <div class="search-no-results--icon d-flex justify-content-center ct-mb--15">
                    <span class="svg-wrapper svg-icon-computer" style="width:auto; height:auto">
                    <svg class="svg-inline icon-computer" xmlns="http://www.w3.org/2000/svg" viewBox="0 0 60 40" width="60" height="40"><path d="M28.905 1.7v.011c1.946 0 4.215-.056 5.906.318l1.073.045c1.095.242 2.317.208 3.375.45 1.125.256 2.25.207 3.311.45l2.91.226c.791.177 1.706.075 2.55.272 1.305.302 2.782.404 4.024.718 1.391.355 2.756.468 4.125.812.648.166 1.406.049 1.968.317.563.268 1.17 1.201 1.61 1.666.04.827-.44 1.458-.75 2.074-.244.469-.376.94-.582 1.443-.206.503-.57 1.134-.806 1.666-.428.986-.78 1.89-1.208 2.841-.217.484-.592.948-.806 1.443-.72 1.655-1.335 3.332-2.059 5.002-.724 1.67-1.642 3.32-2.059 5.228-.547.378-.705.378-1.432.269a.616.616 0 00-.041.181c.08.643.093 1.292.041 1.938a.479.479 0 01-.266.317c-.375.246-.934.25-1.388.405-1.001.34-2.145.664-3.131 1.035-.375.14-.724.166-1.073.317-4.66 1.98-9.367 3.921-14.306 5.587-1.125.378-2.336.82-3.401 1.262-.409.17-.799.189-1.207.378-.334.14-1.47.755-1.924.63-1.26-.347-2.584-1.28-3.75-1.801-2.329-1.04-4.5-2.21-6.848-3.245-.693-.31-1.406-.756-2.1-1.085a134.322 134.322 0 01-7.563-3.649c-.6-.325-1.212-.6-1.797-.888-.281-.132-.607-.189-.716-.495-.255-.37-.255-1.934-.131-2.417 1.961-1.058 4.44-1.53 6.618-2.346.477-.178.92-.185 1.388-.36 1.999-.755 4.166-1.235 6.262-1.937.672-.223 1.422-.491 2.104-.722l1.298-.313c.862-.291 1.826-.635 2.73-.858a3.6 3.6 0 01.446-.948c.375-.861.716-1.753 1.076-2.569.24-.552.375-1.058.627-1.62.206-.48.547-.964.75-1.444.877-1.994 1.95-3.876 2.82-5.86.375-.842.75-1.669 1.125-2.477.375-.896.55-1.625 1.207-2.267zm-7.62 18.058l.015.026-.163.101c-.46.24-1.11.269-1.626.443-.971.321-2.021.556-3.041.9-3.375 1.133-6.896 2.126-10.245 3.244-1.234.412-2.449.703-3.581 1.172-.559.234-1.268.113-1.253.948.078.247.138.5.18.755 1.125.491 2.25 1.168 3.375 1.666 4.185 1.89 8.157 4.046 12.345 5.905 1.466.65 2.888 1.454 4.388 2.12.581.256 1.2.789 1.875.898.401-.29 1.05-.34 1.5-.54 1.125-.476 2.31-.88 3.446-1.307.488-.181.956-.204 1.433-.404 2.11-.9 4.342-1.492 6.487-2.388 2.453-1.027 5.021-2.138 7.47-3.158 1.178-.487 2.479-.725 3.667-1.171.413-.155 1.005-.155 1.343-.404.179-.205.083-1.018.052-1.467l-.007-.112-.311-.269-.308-.123c-.84-.29-1.824-.287-2.737-.553-1.38-.378-2.805-.755-4.125-1.17-.536-.178-1.028-.186-1.568-.379-2.97-.974-6.24-1.556-9.259-2.478-.99-.302-1.934-.378-2.91-.676-.635-.196-1.34-.366-2.019-.542l-.665-.18-1.79-.313-.218-.067c-.538-.175-1.255-.46-1.75-.477zM2.242 26.142c.75 0 1.268.491 1.79.756.52.264.97.378 1.477.585.506.208 1.125.609 1.698.854.375.17.882.265 1.163.54 1.073-.442 2.31-.627 3.446-.99.334-.105.923-.43 1.388-.317.665.228 1.309.515 1.923.858.548.242 1.092.378 1.654.63.439.193.904.488 1.343.677.439.189.772.234 1.162.404.326.144.66.4.986.544.578.253 1.04.268 1.028 1.133a.994.994 0 00-.135.378c-.641.302-1.38.62-2.055.903-.28.117-.647.144-.91.293l-.121.085h.045l.217.119c.147.075.299.141.454.198.592.31 1.256.642 1.875.9.232.098.439.082.671.18.233.099.525.307.75.409.225.102.349.053.537.132.187.08.337.283.67.317.327-.276 1.092-.4 1.523-.585.889-.378 1.875-.756 2.771-1.134.376-.155.75-.162 1.126-.317 2.5-1.017 5.143-1.913 7.695-2.907l1.518-.61 1.478-.45.51-.193c.691-.26 1.41-.53 2.04-.796a98.345 98.345 0 014.125-1.625c.375-.14 1.305-.533 1.5 0 .138.174.052.34 0 .54-1.05.578-2.374.797-3.533 1.307-4.305 1.89-9.15 3.325-13.5 5.138-.311.132-.588.144-.896.272-1.339.56-2.801 1.016-4.125 1.58-.413.173-1.549.434-1.793.717-.303.453.02.971-.892.756a1.174 1.174 0 01-.225-.809c-.206-.056-.244-.196-.401-.272-.222-.102-.405-.083-.627-.181-.142-.06-.307-.208-.45-.268-.536-.242-1.08-.352-1.608-.586-.529-.234-1.05-.585-1.568-.812-1.5-.654-2.876-1.198-4.339-1.847a13.701 13.701 0 01-1.477-.813 13.208 13.208 0 00-1.609-.721c-1.125-.506-2.25-1.205-3.401-1.712-1.309-.608-2.685-1.148-3.96-1.824-.259-.136-1.125-.435-1.208-.673-.244-.263-.046-.49.132-.646l.048-.041.09-.076zm10.602 2.524l-3.086.854.018.014c.014.012 0-.005.072.03.374.352 1.477.711 2.013.95.285.124.585.35.851.494.8.438 1.598.756 2.46 1.133.293.129 1.186.722 1.564.631.101-.022.27-.147.375-.177.653-.242 1.283-.378 1.875-.631.296-.125.705-.083.75-.454a8.618 8.618 0 01-1.252-.585c-1.159-.484-2.205-.843-3.357-1.353-.697-.306-1.353-.865-2.283-.906zm9.172-7.934c.512.063 1.01.206 1.478.424 1.211.377 2.392.66 3.532 1.038 1.14.378 2.157.469 3.267.809 1.11.34 2.163.733 3.22 1.084 1.362.45 2.765.684 4.126 1.133 1.155.378 2.227.62 3.375.994.453.151 1.185.14 1.338.586.113.143.068.238.046.45-.54.377-1.186.524-1.876.811-1.147.476-2.32.797-3.577 1.217-1.47.487-2.865 1.092-4.249 1.666-.401.166-.798.208-1.211.378-.855.317-1.624.612-2.505.899-.296.098-.716.377-1.163.272a5.319 5.319 0 01-1.162-.495c-.709-.378-1.418-.62-2.149-.948-.24-.11-.48-.325-.716-.45-1.316-.699-2.711-1.133-4.125-1.76-.48-.208-.953-.51-1.432-.718-1.74-.756-3.578-1.334-5.28-2.074-.698-.306-1.587-.488-2.146-.948a1.075 1.075 0 01-.09-.45c.105-.11.14-.317.267-.404.258-.182.667-.163.986-.272.319-.11.731-.336 1.072-.45.342-.113.642-.113.987-.226a87.26 87.26 0 012.426-.9c1.204-.404 2.445-.63 3.533-1.08.453-.178.916-.328 1.387-.45.194-.056.385-.018.539-.083l.087-.053h.015zm6.45 8.194l-.011.008-.153.095-.206.087c-.287.102-.616.155-.893.271-.319.15-.643.289-.97.415l-.497.18-.502.16v.092l.171.057.11.05c.073.034.143.074.21.12.709.309 1.462.777 2.25.947a2.36 2.36 0 00.892-.226c.578-.216 1.155-.525 1.748-.722.342-.053.674-.16.983-.317-.957-.378-2.055-1.031-3.132-1.217zm3.975-1.431c-.277.207-.682.215-1.027.377-.218.093-.44.179-.663.255l-.338.11-.342.096.045.046.213.117.22.102c.15.063.303.116.46.158.562.246 1.451.779 2.059.9a12.22 12.22 0 011.788-.756c.174-.073.366-.104.536-.162l.16-.07.11-.082-2.013-.676-.189-.102-.194-.088a3.108 3.108 0 00-.405-.135l-.208-.047-.212-.032v-.011zm-8.992-.514v.015l-.206.098-.21.086a3.79 3.79 0 01-.436.133c-.603.25-1.245.499-1.875.756.045.034 0 0 .09.045.31.176.64.311.983.404.525.227 1.054.48 1.612.722.157.102.321.192.492.268.251.064.633-.196.806-.268.566-.234 1.125-.412 1.654-.63.249-.06.488-.152.712-.277-.799-.302-1.567-.566-2.37-.899a3.826 3.826 0 00-1.252-.453zm13.256-.975c-.27.23-1.44.574-1.834.722-.167.06-.387.07-.538.148l-.081.055-.052.065h.09l.152.095.201.089c.353.13.783.185 1.124.315.396.117.78.271 1.148.46.109.076.075.163.225.227.322-.219.75-.215 1.163-.378.412-.162.885-.377 1.297-.54.229-.087.495-.083.671-.226-.502-.19-.997-.272-1.522-.45a8.908 8.908 0 00-2.044-.582zm-9.724-.415v.011l-.171.113-.234.12c-.312.14-.691.26-1.038.373l-.332.113-.235.09v.033l.261.071.256.085c.254.092.5.206.736.34.472.207.915.298 1.384.498.228.094.528.287.75.378.307.094.584-.151.75-.227.304-.127.613-.243.926-.348l.472-.15.477-.133v-.045l-.283-.063-.277-.078a5.123 5.123 0 01-.802-.328c-.6-.245-1.177-.355-1.788-.585a3.223 3.223 0 00-.852-.268zm-8.066-.416l.015.019-.228.1-.234.086a4.31 4.31 0 01-.48.131c-.29.127-.584.243-.882.349l-.45.15-.456.132v.087l.414.133.409.148c.406.155.803.333 1.19.531.376.151.818.2 1.073.454.945-.416 1.965-.654 2.865-1.085-.045-.034 0 0-.09-.045a3.23 3.23 0 00-.896-.378c-.607-.257-1.5-.778-2.25-.812zm11.332-1.061c-.375.343-1.233.638-1.743.853.045.038 0 0 .09.046.3.234.795.257 1.162.408.893.362 1.805.677 2.73.944.327.095.788-.234 1.028-.313.375-.121 1.323-.28 1.477-.54-.353-.07-.699-.177-1.031-.318-.81-.268-1.564-.378-2.325-.676a3.886 3.886 0 00-1.388-.404zM29.81 2.783l-.545.001v.012l-.085.232c-.09.23-.197.452-.32.667-.405.925-.814 1.813-1.207 2.705-1.332 3.022-2.794 5.787-4.125 8.836-.165.378-.417.79-.582 1.17-.221.507-.322.976-.54 1.486a3.87 3.87 0 00-.39.997c.301.07.646.197.976.305l.322.1 1.788.316 1.119.298c1.126.289 2.268.558 3.359.87 1.832.524 3.68.846 5.466 1.351l.886.27 1.257.271.916.279c1.541.435 3.14.745 4.675 1.255 1.02.34 2.179.593 3.266.9.803.226 1.579.226 2.37.453.315.087 1.782.457 2.014.359.375-.216.506-1.047.671-1.489.424-1.133.908-2.176 1.388-3.29.75-1.76 1.5-3.593 2.28-5.361.214-.487.589-.948.806-1.443.454-1.035.836-2.014 1.297-3.064.132-.302.376-.646.492-.948.221-.506.337-.997.581-1.489.244-.49.623-.944.716-1.53-.169-.113-.258-.31-.401-.453a5.582 5.582 0 00-.66-.49l-.236-.14-3.18-.552-.7-.166c-1.184-.26-2.445-.444-3.639-.733-.731-.178-1.459-.16-2.149-.318-.884-.204-1.823-.127-2.699-.24l-.432-.073-1.072-.046-.594-.11c-1.194-.183-2.434-.158-3.614-.434-.85-.195-1.812-.212-2.725-.35l-.541-.1-1.073-.045-.424-.084c-1.425-.248-3.076-.196-4.712-.185zm-7.392 21.24c-.398.298-1.294.423-1.79.63.046.039 0 0 .09.046.338.26.89.321 1.298.495.409.174.814.321 1.208.495.082.038.217.166.315.181.097.015.427-.177.536-.226.328-.146.776-.22 1.131-.374l.2-.103.146-.109-1.702-.586-.225-.113-.232-.1a3.832 3.832 0 00-.976-.236zm-6.942-.189l.008.008-.106.059-.115.036c-.12.03-.255.04-.405.086-.446.147-1.471.368-2.016.607l-.163.08-.101.068h.09l.102.079.15.07c.158.06.338.094.498.165.344.194.704.36 1.076.495.262.064.697-.197.892-.268.45-.164.883-.286 1.307-.42l.423-.141.419-.16v-.042l-.266-.055-.26-.085c-.513-.195-.998-.514-1.533-.582zM57.45 7.178c.153.001.305.032.446.09.05.097.11.187.18.269 0 .6-.262.695-.446 1.039-.184.343-.21.566-.375.853-.304.59-.664 1.224-.938 1.851-1.432 3.26-2.932 6.536-4.342 9.777-.45 1.04-.84 2.131-1.339 3.113-.169.329-.18.858-.54.99-.33.227-.656-.136-.716-.359l.135-.585c.596-1.444 1.241-2.917 1.875-4.375.529-1.205 1.174-2.44 1.703-3.65.708-1.624 1.32-3.248 2.1-4.778.7-1.36 1.203-3.242 2.25-4.235h.007zM25.828 22.853l-.138.109-.195.094c-.277.106-.619.144-.91.241l-.208.086-.156.1h.045l.155.107.21.107c.53.235 1.299.372 1.78.541.173.06.465.291.716.223.294-.102.582-.216.866-.342l.42-.198.413-.215v-.046l-.384-.055-.367-.079a13.23 13.23 0 01-.968-.283l-.476-.156-.441-.136-.362-.098zm-6.99-.046l-1.742.494v.046l.286.066.274.099c.45.184.865.451 1.315.556.218.05 1.823-.517 1.969-.63a7.243 7.243 0 01-1.027-.303l-.334-.117-.332-.107-.41-.104zM29.845 4.37a9.974 9.974 0 011.65.11l.409.071.938.046.327.061c.45.073.934.113 1.33.207.716.17 1.476.148 2.18.243l.415.074 3.398.272.21.034c.29.033.614.026.914.098 1.72.433 3.589.551 5.37.883l.758.156 2.085.174.596.122c.795.145 1.593.232 2.355.422.574.144 1.5 0 1.924.314.296.207.206.676.045.993-.161.317-.401.59-.536.9-.278.638-.45 1.242-.75 1.847-1.058 2.062-1.92 4.238-2.861 6.4-.376.894-.953 1.809-1.343 2.704-.341.782-.667 1.545-.986 2.3-.165.401-.221.88-.537 1.134-.315.253-1.125.076-1.522-.045-.818-.255-1.65-.476-2.46-.708l-.803-.237-.75-.136-.546-.174a66.692 66.692 0 00-1.703-.502c-.616-.178-1.193-.166-1.79-.378-3.224-1.061-6.787-1.677-9.974-2.746-.878-.295-1.845-.397-2.775-.631-.822-.208-1.152 0-1.703-.544 0-.635.341-1.133.54-1.575.323-.733.585-1.485.938-2.165.427-.82.694-1.693 1.072-2.569a76.341 76.341 0 012.149-4.507c.465-.895.75-1.99 1.436-2.648zm.447 1.039c-1.395 2.644-2.487 5.353-3.713 8.156-.157.378-.424.725-.581 1.08-.255.582-.42 1.134-.671 1.716a3.36 3.36 0 00-.402.944c1.197 0 2.648.484 3.623.812.975.329 2.073.54 3.041.858.592.192 1.147.208 1.744.404 1.875.62 3.922 1.035 5.816 1.58.84.237 1.624.275 2.419.54.862.286 1.852.456 2.771.755.817.272 1.781.684 2.775.721 1.395-3.275 2.865-6.376 4.294-9.648.105-.234.3-.484.405-.718.468-1.076.87-2.066 1.342-3.158a7.35 7.35 0 00.492-.99 5.528 5.528 0 01-1.388-.226c-.636-.16-1.248-.21-1.863-.314l-.462-.09-2.46-.227-6.488-1.08-.407-.074c-.704-.093-1.426-.042-2.115-.137l-.343-.062h-.49l-.43-.077c-.866-.123-1.78-.078-2.657-.282a22.155 22.155 0 00-4.253-.483zM22.08 21.768c-.323.218-.795.21-1.178.327l-.183.07-.162.101h.09l.105.062.154.05c.163.04.346.057.492.111.232.087 1.046.476 1.342.408.274-.091.543-.197.806-.317.117-.02.232-.05.344-.088l.166-.063.162-.076-2.138-.585zM4.211 15.323c.314.023.619.115.893.272.694.23 1.267.419 1.875.676.322.136.649.11.75.45.247.377-.24.812-.671.676-.66-.212-1.347-.59-2.014-.813-.375-.132-.938-.11-1.073-.494-.288-.306.072-.616.225-.756l.015-.011zm2.325-8.651c.533 0 .555.317.852.54.85.65 1.5 1.51 2.25 2.266.292.295.72.5.75 1.04-.09.116-.102.226-.222.313a.421.421 0 01-.45.045c-.277-.087-.401-.313-.581-.495l-1.027-.99a3.896 3.896 0 00-.627-.755C7.16 8.39 6.398 7.812 6.23 7.465c-.199-.412.12-.605.311-.756l-.004-.037zm6.713-4.96c.167 0 .334.031.491.09.626 1.107 1.286 2.112 1.875 3.245.315.6.9.854.27 1.534h-.375c-.705-.756-1.125-1.757-1.699-2.645-.375-.566-.881-1.035-.896-1.938.111-.083.216-.174.315-.272l.019-.015zM20.955 0l.446.045c.27.446.319 1.04.537 1.58.211.46.372.943.48 1.439.022.143-.064.238-.087.378l-.251.207h-.315c-.135-.113-.244-.117-.311-.313-.143-.212-.087-.491-.18-.756-.255-.755-.75-1.564-.537-2.433A.75.75 0 0020.956 0z" fill="#32312D" fill-rule="evenodd"></path></svg>
                    </span>
                    </div>
                    <p class="d-flex justify-content-center text-center">
                    Lamentamos mas não encontramos resultados para os filtros aplicados.
                    </p>
                    <button class="btn reset ct-anchor no-padding js-reset-filters" data-href="/on/demandware.store/Sites-continente-Site/default/Search-ShowAjax?cgid=laticinios">
                    Limpar filtros
                    </button>
                    </div>
                    </div>
                    <div class="carousel-contained ct-clp--recommendations js-recommendations js-slot-recommendations gtm-list" data-gtm-list="Category - Recommendations">
                    <div class="product-grid-recommendations-wrapper">
                    <h3 class="ct-h3">
                    As nossas sugestões
                    </h3>
                    <div class="product-recommendations-carousel productcarousel-container hidden-before-init slick-initialized slick-slider slick-dotted" data-tiles-number="10"><svg class="svg-inline icon-arrow-left slick-arrow" xmlns="http://www.w3.org/2000/svg" viewBox="0 0 15 26" width="15" height="26" style=""><path fill="#EB0203" fill-rule="evenodd" d="M12.382.308a1.051 1.051 0 0 1 1.487 1.487L2.555 12.99l11.314 11.214c.379.38.408.976.087 1.388l-.087.1a1.048 1.048 0 0 1-1.487 0L.411 13.826l-.1-.087a1.046 1.046 0 0 1-.29-.557l-.005-.017a1.05 1.05 0 0 1 .42-1.037z"></path></svg>
                    
                    
                    
                    
                    
                    
                    
                    
                    
                    
                    <div class="slick-list draggable"><div class="slick-track" style="opacity: 1; width: 6624px; transform: translate3d(-1104px, 0px, 0px);"><div class="pd-tile-wrap slick-slide slick-cloned" data-idx="7" style="width: 276px; height: auto;" data-slick-index="-4" id="" aria-hidden="true" tabindex="-1">
                    
                    <script type="text/javascript">//<!--
                    /* <![CDATA[ */
                    (function(){
                    try {
                        if(window.CQuotient) {
                            var cq_params = {};
                            cq_params.cookieId = window.CQuotient.getCQCookieId();
                            cq_params.userId = window.CQuotient.getCQUserId();
                            cq_params.emailId = CQuotient.getCQHashedEmail();
                            cq_params.loginId = CQuotient.getCQHashedLogin();
                            cq_params.accumulate = true;
                            cq_params.products = [{
                                id: '7383016',
                                sku: '',
                                type: '',
                                alt_id: ''
                            }];
                            cq_params.recommenderName = '__UNDEFINED__';
                            cq_params.realm = "BDVS";
                            cq_params.siteId = "continente";
                            cq_params.instanceType = "prd";
                            cq_params.locale = window.CQuotient.locale;
                            cq_params.slotId = '';
                            cq_params.slotConfigId = '';
                            cq_params.slotConfigTemplate = '';
                            if(window.CQuotient.sendActivity)
                                window.CQuotient.sendActivity( CQuotient.clientId, 'viewReco', cq_params );
                            else
                                window.CQuotient.activities.push( {activityType: 'viewReco', parameters: cq_params} );
                        }
                    } catch(err) {}
                    })();
                    /* ]]> */
                    // -->
                    </script>
                    <script type="text/javascript">//<!--
                    /* <![CDATA[ (viewProduct-active_data.js) */
                    dw.ac._capture({id: "7383016", type: "recommendation"});
                    /* ]]> */
                    // -->
                    </script>
                    <div class="product" data-pid="7383016">
                    <div class="product-tile pid-7383016   ct-product-tile " data-delay-time="3000" data-variants-mapping="[]" data-in-cart-msg="no carrinho" data-one-product-added="Adicionado ao carrinho" data-remove-from-cart-msg="Removido do carrinho" data-stay-open="6000.0" data-product-tile-impression="{&quot;name&quot;:&quot;7383016&quot;,&quot;id&quot;:&quot;7383016&quot;,&quot;price&quot;:1.89,&quot;brand&quot;:&quot;Yopro&quot;,&quot;category&quot;:[{&quot;category_level_1&quot;:&quot;Laticínios e Ovos&quot;},{&quot;category_level_2&quot;:&quot;Iogurtes&quot;},{&quot;category_level_3&quot;:&quot;Iogurtes Líquidos&quot;}],&quot;variant&quot;:&quot;&quot;}">
                    <div class="ct-inner-tile-wrap row no-gutters justify-content-center align-content-start">
                    <div class="ct-product-tile-badge ct-product-tile-badge--promotional">
                    <img class="img-fluid lazyloaded" loading="lazy" data-src="https://www.continente.pt/dw/image/v2/BDVS_PRD/on/demandware.static/-/Sites-continente-Library/default/dwf5980f2e/images/badges/pvpr/col/pvpr.png?sw=60&amp;sh=42" alt="PVP Recomendado: €2,39/un" title="PVP Recomendado: €2,39/un" src="https://www.continente.pt/dw/image/v2/BDVS_PRD/on/demandware.static/-/Sites-continente-Library/default/dwf5980f2e/images/badges/pvpr/col/pvpr.png?sw=60&amp;sh=42">
                    <div class="ct-product-tile-badge-value-wrapper ct-product-tile-badge-value-wrapper--pvpr  ">
                    <span class="ct-product-tile-badge-value--pvpr">
                    20
                    </span>
                    <span class="ct-product-tile-badge-value--pvpr-quantifier ">
                    %
                    </span>
                    </div>
                    </div>
                    
                    <div class="ct-image-container col-4 col-sm" data-confirmation-image="{&quot;url&quot;:&quot;https://www.continente.pt/dw/image/v2/BDVS_PRD/on/demandware.static/-/Sites-col-master-catalog/default/dw6a407a8e/images/col/738/7383016-frente.jpg?sw=87&amp;sh=80&quot;,&quot;fallbackimage&quot;:{&quot;url&quot;:&quot;https://www.continente.pt/dw/image/v2/BDVS_PRD/on/demandware.static/Sites-continente-Site/-/default/dw7c42b4da/images/noimagelarge_product.png?sw=87&amp;sh=80&quot;,&quot;title&quot;:&quot;Iogurte Líquido Proteína Manga&quot;,&quot;alt&quot;:&quot;Iogurte Líquido Proteína Manga&quot;},&quot;title&quot;:&quot;Iogurte Líquido Proteína Manga&quot;,&quot;alt&quot;:&quot;Iogurte Líquido Proteína Manga&quot;}">
                    <a href="https://www.continente.pt/produto/iogurte-liquido-proteina-manga-yopro-7383016.html?cgid=home" tabindex="-1">
                    <picture class="intrinsic intrinsic--square">
                    <img class="ct-tile-image lazyloaded" loading="lazy" onerror="this.onerror=null;this.src='/on/demandware.static/Sites-continente-Site/-/default/dw7c42b4da/images/noimagelarge_product.png';" data-src="https://www.continente.pt/dw/image/v2/BDVS_PRD/on/demandware.static/-/Sites-col-master-catalog/default/dw6a407a8e/images/col/738/7383016-frente.jpg?sw=280&amp;sh=280" alt="Iogurte Líquido Proteína Manga" title="Iogurte Líquido Proteína Manga" src="https://www.continente.pt/dw/image/v2/BDVS_PRD/on/demandware.static/-/Sites-col-master-catalog/default/dw6a407a8e/images/col/738/7383016-frente.jpg?sw=280&amp;sh=280">
                    </picture>
                    </a>
                    <div class="color-swatches d-flex" style="margin-left: 5px;">
                    <div class="swatches d-flex">
                    </div>
                    </div>
                    </div>
                    <div class="ct-tile-body col col-sm-auto ">
                    <div class="ct-pdp-details">
                    <div class="ct-pdp-link">
                    <a class="ct-tile--description" href="https://www.continente.pt/produto/iogurte-liquido-proteina-manga-yopro-7383016.html?cgid=home" tabindex="-1">Iogurte Líquido Proteína Manga</a>
                    <div class="ct-tile--favorite-top d-sm-none">
                    <button class="wishlist-toggler guest-mode inactive button button--tertiary" data-pid="7383016" data-add-url="https://www.continente.pt/on/demandware.store/Sites-continente-Site/default/Wishlist-AddProduct?pid=7383016" data-toggle="tooltip" aria-label="Adicionar aos favoritos " data-original-title="Adicionar aos favoritos" data-placement="top" tabindex="-1">
                    <svg class="active-content" width="100%" height="100%" viewBox="0 0 20 22" fill="none" xmlns="http://www.w3.org/2000/svg">
                    <path fill-rule="evenodd" clip-rule="evenodd" d="M0 1.53052C0 0.685236 0.692171 0 1.54601 0H15.0736C15.9274 0 16.6196 0.685235 16.6196 1.53052V13.4064L15.8127 13.922L14.2658 14.2658L12.7189 13.4064L10.6054 14.3818C10.4994 14.2451 10.3327 14.157 10.1452 14.157H6.76329C6.4431 14.157 6.18354 14.414 6.18354 14.731C6.18354 15.0479 6.4431 15.3049 6.76329 15.3049H10.1452C10.2478 15.3049 10.3441 15.2785 10.4277 15.2322L10.3126 16.8439L13.2345 20.2793H1.54601C0.69217 20.2793 0 19.5941 0 18.7488V1.53052ZM6.18354 5.5483C6.18354 5.23132 6.4431 4.97436 6.76329 4.97436H12.3676C12.6878 4.97436 12.9473 5.23132 12.9473 5.5483C12.9473 5.86528 12.6878 6.12224 12.3676 6.12224H6.76329C6.4431 6.12224 6.18354 5.86528 6.18354 5.5483ZM6.76329 11.0961C6.4431 11.0961 6.18354 11.3531 6.18354 11.6701C6.18354 11.987 6.4431 12.244 6.76329 12.244H12.3676C12.6878 12.244 12.9473 11.987 12.9473 11.6701C12.9473 11.3531 12.6878 11.0961 12.3676 11.0961H6.76329ZM6.18354 8.60985C6.18354 8.29287 6.4431 8.03591 6.76329 8.03591H12.3676C12.6878 8.03591 12.9473 8.29287 12.9473 8.60985C12.9473 8.92684 12.6878 9.1838 12.3676 9.1838H6.76329C6.4431 9.1838 6.18354 8.92684 6.18354 8.60985ZM3.67118 5.5483C3.67118 5.23132 3.93075 4.97436 4.25093 4.97436H4.63743C4.95762 4.97436 5.21719 5.23132 5.21719 5.5483C5.21719 5.86528 4.95762 6.12224 4.63743 6.12224H4.25093C3.93075 6.12224 3.67118 5.86528 3.67118 5.5483ZM4.25093 11.0961C3.93075 11.0961 3.67118 11.3531 3.67118 11.6701C3.67118 11.987 3.93075 12.244 4.25093 12.244H4.63743C4.95762 12.244 5.21719 11.987 5.21719 11.6701C5.21719 11.3531 4.95762 11.0961 4.63743 11.0961H4.25093ZM3.67118 8.60985C3.67118 8.29287 3.93075 8.03591 4.25093 8.03591H4.63743C4.95762 8.03591 5.21719 8.29287 5.21719 8.60985C5.21719 8.92684 4.95762 9.1838 4.63743 9.1838H4.25093C3.93075 9.1838 3.67118 8.92684 3.67118 8.60985ZM4.25093 14.157C3.93075 14.157 3.67118 14.414 3.67118 14.731C3.67118 15.0479 3.93075 15.3049 4.25093 15.3049H4.63743C4.95762 15.3049 5.21719 15.0479 5.21719 14.731C5.21719 14.414 4.95762 14.157 4.63743 14.157H4.25093Z" fill="#EB0203"></path>
                    <path fill-rule="evenodd" clip-rule="evenodd" d="M14.6252 13.6363C13.4918 12.6215 11.7817 12.5264 10.6569 13.4792C9.12421 14.7764 9.34841 16.8912 10.4409 18.0122L14.0159 21.6742C14.2197 21.8832 14.4928 22 14.7822 22C15.0737 22 15.3448 21.8852 15.5486 21.6762L19.1236 18.0142C20.214 16.8933 20.4423 14.7785 18.9075 13.4792C17.7827 12.5283 16.0724 12.6217 14.9391 13.6365C14.8855 13.6845 14.8331 13.7345 14.7822 13.7866C14.7313 13.7345 14.6789 13.6843 14.6252 13.6363ZM18.1546 14.3522C19.0973 15.1508 18.9962 16.4896 18.2891 17.2173C18.2888 17.2175 18.2886 17.2177 18.2884 17.218L14.7832 20.8084L11.2753 17.2151C11.2752 17.215 11.2751 17.2149 11.2749 17.2148C10.5677 16.4887 10.4678 15.1495 11.4104 14.3518L11.4108 14.3514C12.0745 13.7892 13.2018 13.82 13.9488 14.5846L14.7822 15.4378L15.6157 14.5846C16.3617 13.8211 17.4896 13.79 18.1545 14.3521" fill="#EB0203"></path>
                    </svg>
                    <svg class="inactive-content" width="100%" height="100%" viewBox="0 0 20 23" fill="none" xmlns="http://www.w3.org/2000/svg">
                    <path fill-rule="evenodd" clip-rule="evenodd" d="M6.18408 5.77914C6.18408 5.46223 6.44363 5.20532 6.7638 5.20532H12.3678C12.6879 5.20532 12.9475 5.46223 12.9475 5.77914C12.9475 6.09606 12.6879 6.35297 12.3678 6.35297H6.7638C6.44363 6.35297 6.18408 6.09606 6.18408 5.77914Z" fill="#EB0203"></path>
                    <path fill-rule="evenodd" clip-rule="evenodd" d="M6.18408 11.9034C6.18408 11.5865 6.44363 11.3296 6.7638 11.3296H12.3678C12.6879 11.3296 12.9475 11.5865 12.9475 11.9034C12.9475 12.2202 12.6879 12.4771 12.3678 12.4771H6.7638C6.44363 12.4771 6.18408 12.2202 6.18408 11.9034Z" fill="#EB0203"></path>
                    <path fill-rule="evenodd" clip-rule="evenodd" d="M6.18408 8.84116C6.18408 8.52424 6.44363 8.26733 6.7638 8.26733H12.3678C12.6879 8.26733 12.9475 8.52424 12.9475 8.84116C12.9475 9.15807 12.6879 9.41498 12.3678 9.41498H6.7638C6.44363 9.41498 6.18408 9.15807 6.18408 8.84116Z" fill="#EB0203"></path>
                    <path fill-rule="evenodd" clip-rule="evenodd" d="M6.18408 14.9655C6.18408 14.6486 6.44363 14.3917 6.7638 14.3917H10.1455C10.4657 14.3917 10.7252 14.6486 10.7252 14.9655C10.7252 15.2825 10.4657 15.5394 10.1455 15.5394H6.7638C6.44363 15.5394 6.18408 15.2825 6.18408 14.9655Z" fill="#EB0203"></path>
                    <path fill-rule="evenodd" clip-rule="evenodd" d="M3.67139 5.77914C3.67139 5.46223 3.93094 5.20532 4.25111 5.20532H4.63759C4.95776 5.20532 5.21731 5.46223 5.21731 5.77914C5.21731 6.09606 4.95776 6.35297 4.63759 6.35297H4.25111C3.93094 6.35297 3.67139 6.09606 3.67139 5.77914Z" fill="#EB0203"></path>
                    <path fill-rule="evenodd" clip-rule="evenodd" d="M3.67139 11.9034C3.67139 11.5865 3.93094 11.3296 4.25111 11.3296H4.63759C4.95776 11.3296 5.21731 11.5865 5.21731 11.9034C5.21731 12.2202 4.95776 12.4771 4.63759 12.4771H4.25111C3.93094 12.4771 3.67139 12.2202 3.67139 11.9034Z" fill="#EB0203"></path>
                    <path fill-rule="evenodd" clip-rule="evenodd" d="M3.67139 8.84116C3.67139 8.52424 3.93094 8.26733 4.25111 8.26733H4.63759C4.95776 8.26733 5.21731 8.52424 5.21731 8.84116C5.21731 9.15807 4.95776 9.41498 4.63759 9.41498H4.25111C3.93094 9.41498 3.67139 9.15807 3.67139 8.84116Z" fill="#EB0203"></path>
                    <path fill-rule="evenodd" clip-rule="evenodd" d="M3.67139 14.9655C3.67139 14.6486 3.93094 14.3917 4.25111 14.3917H4.63759C4.95776 14.3917 5.21731 14.6486 5.21731 14.9655C5.21731 15.2825 4.95776 15.5394 4.63759 15.5394H4.25111C3.93094 15.5394 3.67139 15.2825 3.67139 14.9655Z" fill="#EB0203"></path>
                    <path fill-rule="evenodd" clip-rule="evenodd" d="M0 1.76033C0 0.914738 0.692131 0.229248 1.54592 0.229248H15.0727C15.9265 0.229248 16.6186 0.914738 16.6186 1.76033V11.2818C16.6186 11.5989 16.3591 11.8559 16.0389 11.8559C15.7187 11.8559 15.4592 11.5989 15.4592 11.2818V1.76033C15.4592 1.54893 15.2862 1.37756 15.0727 1.37756H1.54592C1.33247 1.37756 1.15944 1.54893 1.15944 1.76033V18.985C1.15944 19.1964 1.33247 19.3678 1.54592 19.3678H9.27551C9.59568 19.3678 9.85523 19.6249 9.85523 19.942C9.85523 20.2591 9.59568 20.5161 9.27551 20.5161H1.54592C0.692131 20.5161 0 19.8306 0 18.985V1.76033Z" fill="#EB0203"></path>
                    <path fill-rule="evenodd" clip-rule="evenodd" d="M14.6254 13.8718C13.4921 12.8567 11.7821 12.7615 10.6574 13.7147C9.12472 15.0124 9.34891 17.128 10.4413 18.2493L14.0161 21.9126C14.2199 22.1217 14.493 22.2386 14.7824 22.2386C15.0739 22.2386 15.3449 22.1238 15.5487 21.9147L19.1235 18.2514C20.2139 17.13 20.4422 15.0144 18.9075 13.7147C17.7827 12.7634 16.0726 12.8569 14.9392 13.872C14.8856 13.92 14.8333 13.9701 14.7824 14.0222C14.7314 13.97 14.6791 13.9199 14.6254 13.8718ZM18.1546 14.588C19.0972 15.3869 18.9961 16.7262 18.2891 17.4541C18.2888 17.4543 18.2886 17.4546 18.2884 17.4548L14.7834 21.0466L11.2757 17.452C11.2756 17.4519 11.2755 17.4517 11.2753 17.4516C10.5681 16.7252 10.4682 15.3856 11.4108 14.5876L11.4112 14.5872C12.0748 14.0248 13.202 14.0556 13.949 14.8205L14.7824 15.674L15.6158 14.8205C16.3618 14.0567 17.4896 14.0256 18.1545 14.5879" fill="#EB0203"></path>
                    </svg>
                    </button>
                    </div>
                    </div>
                    <p class="ct-tile--brand">Yopro</p>
                    <p class="ct-tile--quantity">emb. 300 gr</p>
                    </div>
                    <div class="ct-tile-bottom row no-gutters justify-content-between">
                    <div class="ct-price-wrap col-8 col-sm-12">
                    <div class="price js-product-price">
                    <div class="prices-wrapper">
                    <span class="sales ct-tile--price-primary ">
                    <span class="value" content="1.89">
                    <span class="ct-price-formatted">
                    €1,89
                    </span>
                    <span class="ct-m-unit">
                    /un
                    </span>
                    </span>
                    </span>
                    </div>
                    <div class="ct-tile--price-secondary">
                    <span class="ct-price-value">
                    €6,30
                    </span>
                    <span class="ct-m-unit">
                    /kg
                    </span>
                    </div>
                    <p class="ct-discount-amount ct-discount-amount-pvpr">PVP Recomendado: €2,39/un</p>
                    </div>
                    </div>
                     <div class="ct-tile-buy-section d-flex justify-content-center no-gutters col-auto col-sm-12">
                    <div class="col-2 d-sm-flex d-none">
                    <button class="wishlist-toggler guest-mode inactive button button--tertiary" data-pid="7383016" data-add-url="https://www.continente.pt/on/demandware.store/Sites-continente-Site/default/Wishlist-AddProduct?pid=7383016" data-toggle="tooltip" aria-label="Adicionar aos favoritos " data-original-title="Adicionar aos favoritos" data-placement="top" tabindex="-1">
                    <svg class="active-content" width="100%" height="100%" viewBox="0 0 20 22" fill="none" xmlns="http://www.w3.org/2000/svg">
                    <path fill-rule="evenodd" clip-rule="evenodd" d="M0 1.53052C0 0.685236 0.692171 0 1.54601 0H15.0736C15.9274 0 16.6196 0.685235 16.6196 1.53052V13.4064L15.8127 13.922L14.2658 14.2658L12.7189 13.4064L10.6054 14.3818C10.4994 14.2451 10.3327 14.157 10.1452 14.157H6.76329C6.4431 14.157 6.18354 14.414 6.18354 14.731C6.18354 15.0479 6.4431 15.3049 6.76329 15.3049H10.1452C10.2478 15.3049 10.3441 15.2785 10.4277 15.2322L10.3126 16.8439L13.2345 20.2793H1.54601C0.69217 20.2793 0 19.5941 0 18.7488V1.53052ZM6.18354 5.5483C6.18354 5.23132 6.4431 4.97436 6.76329 4.97436H12.3676C12.6878 4.97436 12.9473 5.23132 12.9473 5.5483C12.9473 5.86528 12.6878 6.12224 12.3676 6.12224H6.76329C6.4431 6.12224 6.18354 5.86528 6.18354 5.5483ZM6.76329 11.0961C6.4431 11.0961 6.18354 11.3531 6.18354 11.6701C6.18354 11.987 6.4431 12.244 6.76329 12.244H12.3676C12.6878 12.244 12.9473 11.987 12.9473 11.6701C12.9473 11.3531 12.6878 11.0961 12.3676 11.0961H6.76329ZM6.18354 8.60985C6.18354 8.29287 6.4431 8.03591 6.76329 8.03591H12.3676C12.6878 8.03591 12.9473 8.29287 12.9473 8.60985C12.9473 8.92684 12.6878 9.1838 12.3676 9.1838H6.76329C6.4431 9.1838 6.18354 8.92684 6.18354 8.60985ZM3.67118 5.5483C3.67118 5.23132 3.93075 4.97436 4.25093 4.97436H4.63743C4.95762 4.97436 5.21719 5.23132 5.21719 5.5483C5.21719 5.86528 4.95762 6.12224 4.63743 6.12224H4.25093C3.93075 6.12224 3.67118 5.86528 3.67118 5.5483ZM4.25093 11.0961C3.93075 11.0961 3.67118 11.3531 3.67118 11.6701C3.67118 11.987 3.93075 12.244 4.25093 12.244H4.63743C4.95762 12.244 5.21719 11.987 5.21719 11.6701C5.21719 11.3531 4.95762 11.0961 4.63743 11.0961H4.25093ZM3.67118 8.60985C3.67118 8.29287 3.93075 8.03591 4.25093 8.03591H4.63743C4.95762 8.03591 5.21719 8.29287 5.21719 8.60985C5.21719 8.92684 4.95762 9.1838 4.63743 9.1838H4.25093C3.93075 9.1838 3.67118 8.92684 3.67118 8.60985ZM4.25093 14.157C3.93075 14.157 3.67118 14.414 3.67118 14.731C3.67118 15.0479 3.93075 15.3049 4.25093 15.3049H4.63743C4.95762 15.3049 5.21719 15.0479 5.21719 14.731C5.21719 14.414 4.95762 14.157 4.63743 14.157H4.25093Z" fill="#EB0203"></path>
                    <path fill-rule="evenodd" clip-rule="evenodd" d="M14.6252 13.6363C13.4918 12.6215 11.7817 12.5264 10.6569 13.4792C9.12421 14.7764 9.34841 16.8912 10.4409 18.0122L14.0159 21.6742C14.2197 21.8832 14.4928 22 14.7822 22C15.0737 22 15.3448 21.8852 15.5486 21.6762L19.1236 18.0142C20.214 16.8933 20.4423 14.7785 18.9075 13.4792C17.7827 12.5283 16.0724 12.6217 14.9391 13.6365C14.8855 13.6845 14.8331 13.7345 14.7822 13.7866C14.7313 13.7345 14.6789 13.6843 14.6252 13.6363ZM18.1546 14.3522C19.0973 15.1508 18.9962 16.4896 18.2891 17.2173C18.2888 17.2175 18.2886 17.2177 18.2884 17.218L14.7832 20.8084L11.2753 17.2151C11.2752 17.215 11.2751 17.2149 11.2749 17.2148C10.5677 16.4887 10.4678 15.1495 11.4104 14.3518L11.4108 14.3514C12.0745 13.7892 13.2018 13.82 13.9488 14.5846L14.7822 15.4378L15.6157 14.5846C16.3617 13.8211 17.4896 13.79 18.1545 14.3521" fill="#EB0203"></path>
                    </svg>
                    <svg class="inactive-content" width="100%" height="100%" viewBox="0 0 20 23" fill="none" xmlns="http://www.w3.org/2000/svg">
                    <path fill-rule="evenodd" clip-rule="evenodd" d="M6.18408 5.77914C6.18408 5.46223 6.44363 5.20532 6.7638 5.20532H12.3678C12.6879 5.20532 12.9475 5.46223 12.9475 5.77914C12.9475 6.09606 12.6879 6.35297 12.3678 6.35297H6.7638C6.44363 6.35297 6.18408 6.09606 6.18408 5.77914Z" fill="#EB0203"></path>
                    <path fill-rule="evenodd" clip-rule="evenodd" d="M6.18408 11.9034C6.18408 11.5865 6.44363 11.3296 6.7638 11.3296H12.3678C12.6879 11.3296 12.9475 11.5865 12.9475 11.9034C12.9475 12.2202 12.6879 12.4771 12.3678 12.4771H6.7638C6.44363 12.4771 6.18408 12.2202 6.18408 11.9034Z" fill="#EB0203"></path>
                    <path fill-rule="evenodd" clip-rule="evenodd" d="M6.18408 8.84116C6.18408 8.52424 6.44363 8.26733 6.7638 8.26733H12.3678C12.6879 8.26733 12.9475 8.52424 12.9475 8.84116C12.9475 9.15807 12.6879 9.41498 12.3678 9.41498H6.7638C6.44363 9.41498 6.18408 9.15807 6.18408 8.84116Z" fill="#EB0203"></path>
                    <path fill-rule="evenodd" clip-rule="evenodd" d="M6.18408 14.9655C6.18408 14.6486 6.44363 14.3917 6.7638 14.3917H10.1455C10.4657 14.3917 10.7252 14.6486 10.7252 14.9655C10.7252 15.2825 10.4657 15.5394 10.1455 15.5394H6.7638C6.44363 15.5394 6.18408 15.2825 6.18408 14.9655Z" fill="#EB0203"></path>
                    <path fill-rule="evenodd" clip-rule="evenodd" d="M3.67139 5.77914C3.67139 5.46223 3.93094 5.20532 4.25111 5.20532H4.63759C4.95776 5.20532 5.21731 5.46223 5.21731 5.77914C5.21731 6.09606 4.95776 6.35297 4.63759 6.35297H4.25111C3.93094 6.35297 3.67139 6.09606 3.67139 5.77914Z" fill="#EB0203"></path>
                    <path fill-rule="evenodd" clip-rule="evenodd" d="M3.67139 11.9034C3.67139 11.5865 3.93094 11.3296 4.25111 11.3296H4.63759C4.95776 11.3296 5.21731 11.5865 5.21731 11.9034C5.21731 12.2202 4.95776 12.4771 4.63759 12.4771H4.25111C3.93094 12.4771 3.67139 12.2202 3.67139 11.9034Z" fill="#EB0203"></path>
                    <path fill-rule="evenodd" clip-rule="evenodd" d="M3.67139 8.84116C3.67139 8.52424 3.93094 8.26733 4.25111 8.26733H4.63759C4.95776 8.26733 5.21731 8.52424 5.21731 8.84116C5.21731 9.15807 4.95776 9.41498 4.63759 9.41498H4.25111C3.93094 9.41498 3.67139 9.15807 3.67139 8.84116Z" fill="#EB0203"></path>
                    <path fill-rule="evenodd" clip-rule="evenodd" d="M3.67139 14.9655C3.67139 14.6486 3.93094 14.3917 4.25111 14.3917H4.63759C4.95776 14.3917 5.21731 14.6486 5.21731 14.9655C5.21731 15.2825 4.95776 15.5394 4.63759 15.5394H4.25111C3.93094 15.5394 3.67139 15.2825 3.67139 14.9655Z" fill="#EB0203"></path>
                    <path fill-rule="evenodd" clip-rule="evenodd" d="M0 1.76033C0 0.914738 0.692131 0.229248 1.54592 0.229248H15.0727C15.9265 0.229248 16.6186 0.914738 16.6186 1.76033V11.2818C16.6186 11.5989 16.3591 11.8559 16.0389 11.8559C15.7187 11.8559 15.4592 11.5989 15.4592 11.2818V1.76033C15.4592 1.54893 15.2862 1.37756 15.0727 1.37756H1.54592C1.33247 1.37756 1.15944 1.54893 1.15944 1.76033V18.985C1.15944 19.1964 1.33247 19.3678 1.54592 19.3678H9.27551C9.59568 19.3678 9.85523 19.6249 9.85523 19.942C9.85523 20.2591 9.59568 20.5161 9.27551 20.5161H1.54592C0.692131 20.5161 0 19.8306 0 18.985V1.76033Z" fill="#EB0203"></path>
                    <path fill-rule="evenodd" clip-rule="evenodd" d="M14.6254 13.8718C13.4921 12.8567 11.7821 12.7615 10.6574 13.7147C9.12472 15.0124 9.34891 17.128 10.4413 18.2493L14.0161 21.9126C14.2199 22.1217 14.493 22.2386 14.7824 22.2386C15.0739 22.2386 15.3449 22.1238 15.5487 21.9147L19.1235 18.2514C20.2139 17.13 20.4422 15.0144 18.9075 13.7147C17.7827 12.7634 16.0726 12.8569 14.9392 13.872C14.8856 13.92 14.8333 13.9701 14.7824 14.0222C14.7314 13.97 14.6791 13.9199 14.6254 13.8718ZM18.1546 14.588C19.0972 15.3869 18.9961 16.7262 18.2891 17.4541C18.2888 17.4543 18.2886 17.4546 18.2884 17.4548L14.7834 21.0466L11.2757 17.452C11.2756 17.4519 11.2755 17.4517 11.2753 17.4516C10.5681 16.7252 10.4682 15.3856 11.4108 14.5876L11.4112 14.5872C12.0748 14.0248 13.202 14.0556 13.949 14.8205L14.7824 15.674L15.6158 14.8205C16.3618 14.0567 17.4896 14.0256 18.1545 14.5879" fill="#EB0203"></path>
                    </svg>
                    </button>
                    </div>
                    <div class="col-sm-10 col-12">
                    <div class="ct-tile-quantity d-none" data-pid="7383016">
                    <input type="hidden" class="add-to-cart-url" value="https://www.continente.pt/on/demandware.store/Sites-continente-Site/default/Cart-AddProduct" tabindex="-1">
                    <div class="d-none tile-delete-confirmation-btn" data-pid="7383016" data-delay-time="3000" data-in-cart-msg="no carrinho" data-one-product-added="Adicionado ao carrinho" data-remove-from-cart-msg="Removido do carrinho" data-stay-open="6000.0" data-confirmation-image="{&quot;url&quot;:&quot;https://www.continente.pt/dw/image/v2/BDVS_PRD/on/demandware.static/-/Sites-col-master-catalog/default/dw6a407a8e/images/col/738/7383016-frente.jpg?sw=87&amp;sh=80&quot;,&quot;fallbackimage&quot;:{&quot;url&quot;:&quot;https://www.continente.pt/dw/image/v2/BDVS_PRD/on/demandware.static/Sites-continente-Site/-/default/dw7c42b4da/images/noimagelarge_product.png?sw=87&amp;sh=80&quot;,&quot;title&quot;:&quot;Iogurte Líquido Proteína Manga&quot;,&quot;alt&quot;:&quot;Iogurte Líquido Proteína Manga&quot;},&quot;title&quot;:&quot;Iogurte Líquido Proteína Manga&quot;,&quot;alt&quot;:&quot;Iogurte Líquido Proteína Manga&quot;}"></div>
                    <div class="ct-tile-quantity-update quantity-update product-qty-vue" data-remove-action="https://www.continente.pt/on/demandware.store/Sites-continente-Site/default/Cart-RemoveProductLineItem" data-action="https://www.continente.pt/on/demandware.store/Sites-continente-Site/default/Cart-UpdateQuantity" data-dimension-update="https://www.continente.pt/on/demandware.store/Sites-continente-Site/default/Cart-DimensionUpdate" data-pid="7383016" data-uuid="6351d6f26be6dff8c63e8668ee" data-add-delay="500.0" data-measure-options="{&quot;hasConversionRate&quot;:false,&quot;hasAlternativeSaleUnit&quot;:false,&quot;unitConversionRate&quot;:0,&quot;minOrderQuantity&quot;:1,&quot;stepQuantity&quot;:1,&quot;primaryunit&quot;:&quot;un&quot;,&quot;secondaryunit&quot;:&quot;kg&quot;,&quot;selectedunit&quot;:&quot;primary&quot;,&quot;maxNumberOfUnitsPerSale&quot;:50}" data-price-available="null" :data-has-error="isMaxQtyReached || isMinQtyReached || qtySelectedMoreThanOne">
                    <template v-show="prodUnits">
                    <div class="quantity-input-wrapper has-units">
                    <label class="visually-hidden" :for="'quantity-' + pid + additionalTag">
                    Quantidade no carrinho
                    </label>
                    <input :ref="'quantityInput-' + pid + additionalTag" class="add-to-cart-quantity form-control ct-form-input text-center" inputmode="numeric" :class="{'is-invalid': isInvalid}" :data-pid="pid + additionalTag" :name="'quantity-' + pid + additionalTag" type="text" aria-label="Insira a quantidade" title="" v-model="displayValue" @change="updateQuantity" @focus="updateQtyFormat" @blur="restoreQtyFormat" :disabled="!isPriceAvailable">
                    <span class="quantity-icon quantity-icon--minus">
                    <button class="decrease-quantity-btn" @click="updateQuantity" :disabled="!isPriceAvailable" role="button" aria-label="Reduzir quantidade">
                    <i class="css-math-minus"></i>
                    </button>
                    </span>
                    <span class="quantity-icon quantity-icon--plus">
                    <button class="increase-quantity-btn" @click="updateQuantity" :disabled="isMaxQtyReached || !isPriceAvailable" role="button" aria-label="Aumentar quantidade">
                    <i class="css-math-plus"></i>
                    </button>
                    <span class="quantity-btn-disabled-placeholder"></span>
                    </span>
                    <template v-if="isPDP">
                    <span class="quantity-error ct-span-error text-sm-center product-max-allocation" v-if="isMaxQtyReached">
                    Quantidade máxima atingida
                    </span>
                    <span class="quantity-error ct-span-product text-sm-center product-allocation" v-if="!isMinQtyReached &amp;&amp; !isMaxQtyReached">
                    {{quantitySelected}} no carrinho
                    </span>
                    <span class="quantity-error ct-span-error text-sm-center product-min-allocation" :data-pid="pid" v-if="isMinQtyReached &amp;&amp; !isMaxQtyReached">
                    Quantidade mínima atingida
                    </span>
                    </template>
                    </div>
                    <template v-if="showNotes">
                    <div class="add-note-link-container ">
                    <div class="add-note">
                    <a href="/produto/iogurte-liquido-proteina-manga-yopro-7383016.html?showNote=true" class="ct-add-note-redirect-pdp" aria-label="Adicionar comentário">
                    <span class="svg-wrapper svg-icon-notes" style="width:19px; height:20px">
                    <svg class="svg-inline icon-notes" viewBox="0 0 28 30" xmlns="http://www.w3.org/2000/svg" width="100%" height="100%"><path d="M21.738 0C22.985 0 24 1.04 24 2.319V12.47c0 .469-.37.848-.828.848-.457 0-.827-.38-.827-.848V2.32c0-.343-.273-.622-.607-.622H2.262c-.334 0-.607.279-.607.622V27.68c0 .343.273.622.607.622h7.81c.457 0 .827.38.827.849 0 .468-.37.848-.827.848h-7.81C1.015 30 0 28.96 0 27.681V2.32C0 1.04 1.015 0 2.262 0h19.476zm2.844 16.004l.227.007c.823.053 1.589.39 2.176.964.64.627.993 1.46.993 2.349 0 .888-.353 1.722-.993 2.348l-6.83 6.665c-.11.108-.247.186-.397.226l-5.032 1.363c-.078.021-.16.032-.241.032-.242 0-.478-.097-.647-.266-.23-.231-.314-.566-.218-.874l1.49-4.798c.044-.139.122-.266.227-.369l6.844-6.677c.64-.625 1.493-.97 2.401-.97zm-2.886 3.94l-4.922 4.802-.947 3.048 3.22-.872 4.897-4.78-2.248-2.197zm2.887-2.174c-.425 0-.824.162-1.124.455l-.484.472 2.248 2.197.484-.472c.62-.606.62-1.591 0-2.197l-.117-.104c-.283-.227-.636-.35-1.007-.35zm-10.839.022c.498 0 .904.396.904.883 0 .488-.406.884-.904.884H5.946c-.499 0-.904-.396-.904-.884 0-.487.405-.883.904-.883zm5.042-4.876c.498 0 .904.397.904.884s-.406.884-.904.884H5.946c-.499 0-.904-.397-.904-.884s.405-.884.904-.884zm0-4.875c.498 0 .904.396.904.884 0 .487-.406.883-.904.883H5.946c-.499 0-.904-.396-.904-.883 0-.488.405-.884.904-.884z" fill="#EB0203" fill-rule="evenodd"></path></svg>
                    </span>
                    <div class="available-note d-none"></div>
                    </a>
                    </div>
                    </div>
                    </template>
                    <div class="measurement-unit-section" v-if="isPriceAvailable &amp;&amp; prodUnits ? prodUnits.hasAlternativeUnit : false">
                    <div class="ct-form-radio" @click="setDimension">
                    <input type="radio" title="" class="ct-form-check-input product-measurement-unit" :data-type="prodUnits.selectedUnit == prodUnits.secondaryUnit ? 'primary' : ''" :id="prodUnits.secondaryUnit + '-' + pid + '-measurement-unit-ptile' + additionalTag" :name="'measurement-unit-' + pid + '-ptile' + additionalTag" :value="prodUnits.secondaryUnit" v-model="prodUnits.selectedUnit">
                    <label :class="prodUnits.secondaryUnit + '-label ct-form-check-label mb-0'" :for="prodUnits.secondaryUnit + '-' + pid + '-measurement-unit-ptile' + additionalTag">
                    {{prodUnits.secondaryUnit}}
                    </label>
                    <span class="checkmark"></span>
                    </div>
                    <div class="ct-form-radio" @click="setDimension">
                    <input type="radio" title="" class="ct-form-check-input product-measurement-unit" :data-type="prodUnits.selectedUnit == prodUnits.primaryUnit ? 'primary' : ''" :id="prodUnits.primaryUnit + '-' + pid + '-measurement-unit-ptile' + additionalTag" :name="'measurement-unit-' + pid + '-ptile' + additionalTag" :value="prodUnits.primaryUnit" v-model="prodUnits.selectedUnit">
                    <label :class="prodUnits.primaryUnit + '-label ct-form-check-label mb-0'" :for="prodUnits.primaryUnit + '-' + pid + '-measurement-unit-ptile' + additionalTag">
                    {{prodUnits.primaryUnit}}
                    </label>
                    <span class="checkmark"></span>
                    </div>
                    </div>
                    <template v-if="!isPDP &amp;&amp; isPriceAvailable">
                    <span class="quantity-error ct-span-error product-max-allocation" v-if="isMaxQtyReached">
                    Quantidade máxima atingida
                    </span>
                    <span class="quantity-error ct-span-product product-allocation" v-if="!isMinQtyReached &amp;&amp; !isMaxQtyReached">
                    {{quantitySelected}} no carrinho
                    </span>
                    <span class="quantity-error ct-span-error product-min-allocation" :data-pid="pid" v-if="isMinQtyReached &amp;&amp; !isMaxQtyReached">
                    Quantidade mínima atingida
                    </span>
                    </template>
                    </template>
                    </div>
                    <input class="quantity-value-mask d-none" name="quantity" type="number" min="0" value="" tabindex="-1">
                    </div>
                    <button type="button" class="add-to-cart button js-add-to-cart js-add-to-cart-tile 7383016 button--primary dynamic-layout-btn" data-toggle="modal" data-target="#chooseBonusProductModal" data-pid="7383016" data-quantity-value="null" aria-label="Carrinho" tabindex="-1">
                    <span class="d-block d-sm-none">
                    <span class="svg-wrapper svg-icon-cart" style="width:20px; height:20px">
                    <svg class="svg-inline icon-cart" xmlns="http://www.w3.org/2000/svg" viewBox="0 0 500 500" width="100%" height="100%"><path fill="#EB0203" fill-rule="evenodd" d="M 485.67317,94.386311 C 476.37798,83.847129 463.09468,78.03348 448.30404,78.03348 H 90.690813 L 87.079511,51.327997 C 83.185582,22.539551 62.962285,0 41.011841,0 H 14.727836 C 6.563151,0 0,6.5286975 0,14.580758 c 0,8.05206 6.5945535,14.580758 14.727836,14.580758 h 26.284005 c 4.710398,0 14.696435,9.855222 16.894619,26.021523 L 100.01739,368.0631 c 1.88416,13.77244 9.01256,26.70549 20.1605,36.37417 8.25889,7.15046 18.02511,11.9071 28.26237,13.89679 -4.17655,7.58572 -6.53175,16.25957 -6.53175,25.493 0,29.53459 24.27424,53.59751 54.13815,53.59751 29.8325,0 54.13814,-24.03184 54.13814,-53.59751 0,-8.79818 -2.19818,-17.09897 -5.9979,-24.43598 h 77.12488 c -3.79973,7.33701 -5.96652,15.6378 -5.96652,24.43598 0,29.53459 24.27424,53.59751 54.13817,53.59751 29.83249,0 54.13814,-24.03184 54.13814,-53.59751 0,-8.79818 -2.1982,-17.09897 -5.9979,-24.43598 h 38.56243 c 8.13328,0 14.72783,-6.5287 14.72783,-14.61183 0,-8.02098 -6.59455,-14.54967 -14.72783,-14.54967 H 159.24277 c -14.38241,0 -28.13677,-11.90711 -30.02092,-26.02153 l -3.07746,-22.88154 h 290.6314 c 14.03698,0 27.94834,-5.28513 39.06488,-14.95381 11.11652,-9.6376 18.27632,-22.57065 20.16048,-36.37417 l 21.10259,-156.78201 c 1.94694,-14.51858 -2.10398,-28.29103 -11.43057,-38.861299 z M 220.76053,443.82706 c 0,13.49265 -11.08513,24.46709 -24.68247,24.46709 -13.62874,0 -24.71387,-10.97444 -24.71387,-24.46709 0,-13.49262 11.08513,-24.43598 24.71387,-24.43598 13.59734,0 24.68247,10.94336 24.68247,24.43598 z m 173.43675,0 c 0,13.49265 -11.08512,24.46709 -24.68245,24.46709 -13.62876,0 -24.71388,-10.97444 -24.71388,-24.46709 0,-13.49262 11.08512,-24.43598 24.71388,-24.43598 13.59733,0 24.68245,10.94336 24.68245,24.43598 z m 73.7648,-314.46558 -21.13397,156.782 c -1.88416,14.11442 -15.63851,26.05261 -30.02091,26.05261 H 122.25046 L 94.616142,107.19499 H 448.33544 c 6.18632,0 11.61896,2.2695 15.23028,6.37326 3.64269,4.13484 5.21283,9.73086 4.39636,15.79323 z"></path></svg>
                    </span>
                    </span>
                    <span class="add-to-cart--text d-none d-sm-block">Carrinho</span>
                    </button>
                    </div>
                    </div>
                    </div>
                    </div>
                    
                    <div class="col-12 d-sm-none">
                    </div>
                    </div>
                    </div>
                    </div>
                    </div><div class="pd-tile-wrap slick-slide slick-cloned" data-idx="8" style="width: 276px; height: auto;" data-slick-index="-3" id="" aria-hidden="true" tabindex="-1">
                    
                    <script type="text/javascript">//<!--
                    /* <![CDATA[ */
                    (function(){
                    try {
                        if(window.CQuotient) {
                            var cq_params = {};
                            cq_params.cookieId = window.CQuotient.getCQCookieId();
                            cq_params.userId = window.CQuotient.getCQUserId();
                            cq_params.emailId = CQuotient.getCQHashedEmail();
                            cq_params.loginId = CQuotient.getCQHashedLogin();
                            cq_params.accumulate = true;
                            cq_params.products = [{
                                id: '7420249',
                                sku: '',
                                type: '',
                                alt_id: ''
                            }];
                            cq_params.recommenderName = '__UNDEFINED__';
                            cq_params.realm = "BDVS";
                            cq_params.siteId = "continente";
                            cq_params.instanceType = "prd";
                            cq_params.locale = window.CQuotient.locale;
                            cq_params.slotId = '';
                            cq_params.slotConfigId = '';
                            cq_params.slotConfigTemplate = '';
                            if(window.CQuotient.sendActivity)
                                window.CQuotient.sendActivity( CQuotient.clientId, 'viewReco', cq_params );
                            else
                                window.CQuotient.activities.push( {activityType: 'viewReco', parameters: cq_params} );
                        }
                    } catch(err) {}
                    })();
                    /* ]]> */
                    // -->
                    </script>
                    <script type="text/javascript">//<!--
                    /* <![CDATA[ (viewProduct-active_data.js) */
                    dw.ac._capture({id: "7420249", type: "recommendation"});
                    /* ]]> */
                    // -->
                    </script>
                    <div class="product" data-pid="7420249">
                    <div class="product-tile pid-7420249   ct-product-tile " data-delay-time="3000" data-variants-mapping="[]" data-in-cart-msg="no carrinho" data-one-product-added="Adicionado ao carrinho" data-remove-from-cart-msg="Removido do carrinho" data-stay-open="6000.0" data-product-tile-impression="{&quot;name&quot;:&quot;7420249&quot;,&quot;id&quot;:&quot;7420249&quot;,&quot;price&quot;:2.09,&quot;brand&quot;:&quot;Yoggi&quot;,&quot;category&quot;:[{&quot;category_level_1&quot;:&quot;Laticínios e Ovos&quot;},{&quot;category_level_2&quot;:&quot;Iogurtes&quot;},{&quot;category_level_3&quot;:&quot;Iogurtes sem Lactose&quot;}],&quot;variant&quot;:&quot;&quot;}">
                    <div class="ct-inner-tile-wrap row no-gutters justify-content-center align-content-start">
                    <div class="ct-product-tile-badge ct-product-tile-badge--promotional">
                    <img class="img-fluid lazyloaded" loading="lazy" data-src="https://www.continente.pt/dw/image/v2/BDVS_PRD/on/demandware.static/-/Sites-continente-Library/default/dwf5980f2e/images/badges/pvpr/col/pvpr.png?sw=60&amp;sh=42" alt="PVP Recomendado: €3,22/un" title="PVP Recomendado: €3,22/un" src="https://www.continente.pt/dw/image/v2/BDVS_PRD/on/demandware.static/-/Sites-continente-Library/default/dwf5980f2e/images/badges/pvpr/col/pvpr.png?sw=60&amp;sh=42">
                    <div class="ct-product-tile-badge-value-wrapper ct-product-tile-badge-value-wrapper--pvpr  ">
                    <span class="ct-product-tile-badge-value--pvpr">
                    35
                    </span>
                    <span class="ct-product-tile-badge-value--pvpr-quantifier ">
                    %
                    </span>
                    </div>
                    </div>
                    
                    <div class="ct-image-container col-4 col-sm" data-confirmation-image="{&quot;url&quot;:&quot;https://www.continente.pt/dw/image/v2/BDVS_PRD/on/demandware.static/-/Sites-col-master-catalog/default/dwe36f31e0/images/col/742/7420249-frente.jpg?sw=87&amp;sh=80&quot;,&quot;fallbackimage&quot;:{&quot;url&quot;:&quot;https://www.continente.pt/dw/image/v2/BDVS_PRD/on/demandware.static/Sites-continente-Site/-/default/dw7c42b4da/images/noimagelarge_product.png?sw=87&amp;sh=80&quot;,&quot;title&quot;:&quot;Iogurte Líquido Stracciatella sem Lactose&quot;,&quot;alt&quot;:&quot;Iogurte Líquido Stracciatella sem Lactose&quot;},&quot;title&quot;:&quot;Iogurte Líquido Stracciatella sem Lactose&quot;,&quot;alt&quot;:&quot;Iogurte Líquido Stracciatella sem Lactose&quot;}">
                    <a href="https://www.continente.pt/produto/iogurte-liquido-stracciatella-sem-lactose-yoggi-7420249.html?cgid=home" tabindex="-1">
                    <picture class="intrinsic intrinsic--square">
                    <img class="ct-tile-image lazyloaded" loading="lazy" onerror="this.onerror=null;this.src='/on/demandware.static/Sites-continente-Site/-/default/dw7c42b4da/images/noimagelarge_product.png';" data-src="https://www.continente.pt/dw/image/v2/BDVS_PRD/on/demandware.static/-/Sites-col-master-catalog/default/dwe36f31e0/images/col/742/7420249-frente.jpg?sw=280&amp;sh=280" alt="Iogurte Líquido Stracciatella sem Lactose" title="Iogurte Líquido Stracciatella sem Lactose" src="https://www.continente.pt/dw/image/v2/BDVS_PRD/on/demandware.static/-/Sites-col-master-catalog/default/dwe36f31e0/images/col/742/7420249-frente.jpg?sw=280&amp;sh=280">
                    </picture>
                    </a>
                    <div class="color-swatches d-flex" style="margin-left: 5px;">
                    <div class="swatches d-flex">
                    </div>
                    </div>
                    </div>
                    <div class="ct-tile-body col col-sm-auto ">
                    <div class="ct-pdp-details">
                    <div class="ct-pdp-link">
                    <a class="ct-tile--description" href="https://www.continente.pt/produto/iogurte-liquido-stracciatella-sem-lactose-yoggi-7420249.html?cgid=home" tabindex="-1">Iogurte Líquido Stracciatella sem Lactose</a>
                    <div class="ct-tile--favorite-top d-sm-none">
                    <button class="wishlist-toggler guest-mode inactive button button--tertiary" data-pid="7420249" data-add-url="https://www.continente.pt/on/demandware.store/Sites-continente-Site/default/Wishlist-AddProduct?pid=7420249" data-toggle="tooltip" aria-label="Adicionar aos favoritos " data-original-title="Adicionar aos favoritos" data-placement="top" tabindex="-1">
                    <svg class="active-content" width="100%" height="100%" viewBox="0 0 20 22" fill="none" xmlns="http://www.w3.org/2000/svg">
                    <path fill-rule="evenodd" clip-rule="evenodd" d="M0 1.53052C0 0.685236 0.692171 0 1.54601 0H15.0736C15.9274 0 16.6196 0.685235 16.6196 1.53052V13.4064L15.8127 13.922L14.2658 14.2658L12.7189 13.4064L10.6054 14.3818C10.4994 14.2451 10.3327 14.157 10.1452 14.157H6.76329C6.4431 14.157 6.18354 14.414 6.18354 14.731C6.18354 15.0479 6.4431 15.3049 6.76329 15.3049H10.1452C10.2478 15.3049 10.3441 15.2785 10.4277 15.2322L10.3126 16.8439L13.2345 20.2793H1.54601C0.69217 20.2793 0 19.5941 0 18.7488V1.53052ZM6.18354 5.5483C6.18354 5.23132 6.4431 4.97436 6.76329 4.97436H12.3676C12.6878 4.97436 12.9473 5.23132 12.9473 5.5483C12.9473 5.86528 12.6878 6.12224 12.3676 6.12224H6.76329C6.4431 6.12224 6.18354 5.86528 6.18354 5.5483ZM6.76329 11.0961C6.4431 11.0961 6.18354 11.3531 6.18354 11.6701C6.18354 11.987 6.4431 12.244 6.76329 12.244H12.3676C12.6878 12.244 12.9473 11.987 12.9473 11.6701C12.9473 11.3531 12.6878 11.0961 12.3676 11.0961H6.76329ZM6.18354 8.60985C6.18354 8.29287 6.4431 8.03591 6.76329 8.03591H12.3676C12.6878 8.03591 12.9473 8.29287 12.9473 8.60985C12.9473 8.92684 12.6878 9.1838 12.3676 9.1838H6.76329C6.4431 9.1838 6.18354 8.92684 6.18354 8.60985ZM3.67118 5.5483C3.67118 5.23132 3.93075 4.97436 4.25093 4.97436H4.63743C4.95762 4.97436 5.21719 5.23132 5.21719 5.5483C5.21719 5.86528 4.95762 6.12224 4.63743 6.12224H4.25093C3.93075 6.12224 3.67118 5.86528 3.67118 5.5483ZM4.25093 11.0961C3.93075 11.0961 3.67118 11.3531 3.67118 11.6701C3.67118 11.987 3.93075 12.244 4.25093 12.244H4.63743C4.95762 12.244 5.21719 11.987 5.21719 11.6701C5.21719 11.3531 4.95762 11.0961 4.63743 11.0961H4.25093ZM3.67118 8.60985C3.67118 8.29287 3.93075 8.03591 4.25093 8.03591H4.63743C4.95762 8.03591 5.21719 8.29287 5.21719 8.60985C5.21719 8.92684 4.95762 9.1838 4.63743 9.1838H4.25093C3.93075 9.1838 3.67118 8.92684 3.67118 8.60985ZM4.25093 14.157C3.93075 14.157 3.67118 14.414 3.67118 14.731C3.67118 15.0479 3.93075 15.3049 4.25093 15.3049H4.63743C4.95762 15.3049 5.21719 15.0479 5.21719 14.731C5.21719 14.414 4.95762 14.157 4.63743 14.157H4.25093Z" fill="#EB0203"></path>
                    <path fill-rule="evenodd" clip-rule="evenodd" d="M14.6252 13.6363C13.4918 12.6215 11.7817 12.5264 10.6569 13.4792C9.12421 14.7764 9.34841 16.8912 10.4409 18.0122L14.0159 21.6742C14.2197 21.8832 14.4928 22 14.7822 22C15.0737 22 15.3448 21.8852 15.5486 21.6762L19.1236 18.0142C20.214 16.8933 20.4423 14.7785 18.9075 13.4792C17.7827 12.5283 16.0724 12.6217 14.9391 13.6365C14.8855 13.6845 14.8331 13.7345 14.7822 13.7866C14.7313 13.7345 14.6789 13.6843 14.6252 13.6363ZM18.1546 14.3522C19.0973 15.1508 18.9962 16.4896 18.2891 17.2173C18.2888 17.2175 18.2886 17.2177 18.2884 17.218L14.7832 20.8084L11.2753 17.2151C11.2752 17.215 11.2751 17.2149 11.2749 17.2148C10.5677 16.4887 10.4678 15.1495 11.4104 14.3518L11.4108 14.3514C12.0745 13.7892 13.2018 13.82 13.9488 14.5846L14.7822 15.4378L15.6157 14.5846C16.3617 13.8211 17.4896 13.79 18.1545 14.3521" fill="#EB0203"></path>
                    </svg>
                    <svg class="inactive-content" width="100%" height="100%" viewBox="0 0 20 23" fill="none" xmlns="http://www.w3.org/2000/svg">
                    <path fill-rule="evenodd" clip-rule="evenodd" d="M6.18408 5.77914C6.18408 5.46223 6.44363 5.20532 6.7638 5.20532H12.3678C12.6879 5.20532 12.9475 5.46223 12.9475 5.77914C12.9475 6.09606 12.6879 6.35297 12.3678 6.35297H6.7638C6.44363 6.35297 6.18408 6.09606 6.18408 5.77914Z" fill="#EB0203"></path>
                    <path fill-rule="evenodd" clip-rule="evenodd" d="M6.18408 11.9034C6.18408 11.5865 6.44363 11.3296 6.7638 11.3296H12.3678C12.6879 11.3296 12.9475 11.5865 12.9475 11.9034C12.9475 12.2202 12.6879 12.4771 12.3678 12.4771H6.7638C6.44363 12.4771 6.18408 12.2202 6.18408 11.9034Z" fill="#EB0203"></path>
                    <path fill-rule="evenodd" clip-rule="evenodd" d="M6.18408 8.84116C6.18408 8.52424 6.44363 8.26733 6.7638 8.26733H12.3678C12.6879 8.26733 12.9475 8.52424 12.9475 8.84116C12.9475 9.15807 12.6879 9.41498 12.3678 9.41498H6.7638C6.44363 9.41498 6.18408 9.15807 6.18408 8.84116Z" fill="#EB0203"></path>
                    <path fill-rule="evenodd" clip-rule="evenodd" d="M6.18408 14.9655C6.18408 14.6486 6.44363 14.3917 6.7638 14.3917H10.1455C10.4657 14.3917 10.7252 14.6486 10.7252 14.9655C10.7252 15.2825 10.4657 15.5394 10.1455 15.5394H6.7638C6.44363 15.5394 6.18408 15.2825 6.18408 14.9655Z" fill="#EB0203"></path>
                    <path fill-rule="evenodd" clip-rule="evenodd" d="M3.67139 5.77914C3.67139 5.46223 3.93094 5.20532 4.25111 5.20532H4.63759C4.95776 5.20532 5.21731 5.46223 5.21731 5.77914C5.21731 6.09606 4.95776 6.35297 4.63759 6.35297H4.25111C3.93094 6.35297 3.67139 6.09606 3.67139 5.77914Z" fill="#EB0203"></path>
                    <path fill-rule="evenodd" clip-rule="evenodd" d="M3.67139 11.9034C3.67139 11.5865 3.93094 11.3296 4.25111 11.3296H4.63759C4.95776 11.3296 5.21731 11.5865 5.21731 11.9034C5.21731 12.2202 4.95776 12.4771 4.63759 12.4771H4.25111C3.93094 12.4771 3.67139 12.2202 3.67139 11.9034Z" fill="#EB0203"></path>
                    <path fill-rule="evenodd" clip-rule="evenodd" d="M3.67139 8.84116C3.67139 8.52424 3.93094 8.26733 4.25111 8.26733H4.63759C4.95776 8.26733 5.21731 8.52424 5.21731 8.84116C5.21731 9.15807 4.95776 9.41498 4.63759 9.41498H4.25111C3.93094 9.41498 3.67139 9.15807 3.67139 8.84116Z" fill="#EB0203"></path>
                    <path fill-rule="evenodd" clip-rule="evenodd" d="M3.67139 14.9655C3.67139 14.6486 3.93094 14.3917 4.25111 14.3917H4.63759C4.95776 14.3917 5.21731 14.6486 5.21731 14.9655C5.21731 15.2825 4.95776 15.5394 4.63759 15.5394H4.25111C3.93094 15.5394 3.67139 15.2825 3.67139 14.9655Z" fill="#EB0203"></path>
                    <path fill-rule="evenodd" clip-rule="evenodd" d="M0 1.76033C0 0.914738 0.692131 0.229248 1.54592 0.229248H15.0727C15.9265 0.229248 16.6186 0.914738 16.6186 1.76033V11.2818C16.6186 11.5989 16.3591 11.8559 16.0389 11.8559C15.7187 11.8559 15.4592 11.5989 15.4592 11.2818V1.76033C15.4592 1.54893 15.2862 1.37756 15.0727 1.37756H1.54592C1.33247 1.37756 1.15944 1.54893 1.15944 1.76033V18.985C1.15944 19.1964 1.33247 19.3678 1.54592 19.3678H9.27551C9.59568 19.3678 9.85523 19.6249 9.85523 19.942C9.85523 20.2591 9.59568 20.5161 9.27551 20.5161H1.54592C0.692131 20.5161 0 19.8306 0 18.985V1.76033Z" fill="#EB0203"></path>
                    <path fill-rule="evenodd" clip-rule="evenodd" d="M14.6254 13.8718C13.4921 12.8567 11.7821 12.7615 10.6574 13.7147C9.12472 15.0124 9.34891 17.128 10.4413 18.2493L14.0161 21.9126C14.2199 22.1217 14.493 22.2386 14.7824 22.2386C15.0739 22.2386 15.3449 22.1238 15.5487 21.9147L19.1235 18.2514C20.2139 17.13 20.4422 15.0144 18.9075 13.7147C17.7827 12.7634 16.0726 12.8569 14.9392 13.872C14.8856 13.92 14.8333 13.9701 14.7824 14.0222C14.7314 13.97 14.6791 13.9199 14.6254 13.8718ZM18.1546 14.588C19.0972 15.3869 18.9961 16.7262 18.2891 17.4541C18.2888 17.4543 18.2886 17.4546 18.2884 17.4548L14.7834 21.0466L11.2757 17.452C11.2756 17.4519 11.2755 17.4517 11.2753 17.4516C10.5681 16.7252 10.4682 15.3856 11.4108 14.5876L11.4112 14.5872C12.0748 14.0248 13.202 14.0556 13.949 14.8205L14.7824 15.674L15.6158 14.8205C16.3618 14.0567 17.4896 14.0256 18.1545 14.5879" fill="#EB0203"></path>
                    </svg>
                    </button>
                    </div>
                    </div>
                    <p class="ct-tile--brand">Yoggi</p>
                    <p class="ct-tile--quantity">emb. 640 gr (4 un)</p>
                    </div>
                    <div class="ct-tile-bottom row no-gutters justify-content-between">
                    <div class="ct-price-wrap col-8 col-sm-12">
                    <div class="price js-product-price">
                    <div class="prices-wrapper">
                    <span class="sales ct-tile--price-primary ">
                    <span class="value" content="2.09">
                    <span class="ct-price-formatted">
                    €2,09
                    </span>
                    <span class="ct-m-unit">
                    /un
                    </span>
                    </span>
                    </span>
                    </div>
                    <div class="ct-tile--price-secondary">
                    <span class="ct-price-value">
                    €3,27
                    </span>
                    <span class="ct-m-unit">
                    /kg
                    </span>
                    </div>
                     <p class="ct-discount-amount ct-discount-amount-pvpr">PVP Recomendado: €3,22/un</p>
                    </div>
                    </div>
                    <div class="ct-tile-buy-section d-flex justify-content-center no-gutters col-auto col-sm-12">
                    <div class="col-2 d-sm-flex d-none">
                    <button class="wishlist-toggler guest-mode inactive button button--tertiary" data-pid="7420249" data-add-url="https://www.continente.pt/on/demandware.store/Sites-continente-Site/default/Wishlist-AddProduct?pid=7420249" data-toggle="tooltip" aria-label="Adicionar aos favoritos " data-original-title="Adicionar aos favoritos" data-placement="top" tabindex="-1">
                    <svg class="active-content" width="100%" height="100%" viewBox="0 0 20 22" fill="none" xmlns="http://www.w3.org/2000/svg">
                    <path fill-rule="evenodd" clip-rule="evenodd" d="M0 1.53052C0 0.685236 0.692171 0 1.54601 0H15.0736C15.9274 0 16.6196 0.685235 16.6196 1.53052V13.4064L15.8127 13.922L14.2658 14.2658L12.7189 13.4064L10.6054 14.3818C10.4994 14.2451 10.3327 14.157 10.1452 14.157H6.76329C6.4431 14.157 6.18354 14.414 6.18354 14.731C6.18354 15.0479 6.4431 15.3049 6.76329 15.3049H10.1452C10.2478 15.3049 10.3441 15.2785 10.4277 15.2322L10.3126 16.8439L13.2345 20.2793H1.54601C0.69217 20.2793 0 19.5941 0 18.7488V1.53052ZM6.18354 5.5483C6.18354 5.23132 6.4431 4.97436 6.76329 4.97436H12.3676C12.6878 4.97436 12.9473 5.23132 12.9473 5.5483C12.9473 5.86528 12.6878 6.12224 12.3676 6.12224H6.76329C6.4431 6.12224 6.18354 5.86528 6.18354 5.5483ZM6.76329 11.0961C6.4431 11.0961 6.18354 11.3531 6.18354 11.6701C6.18354 11.987 6.4431 12.244 6.76329 12.244H12.3676C12.6878 12.244 12.9473 11.987 12.9473 11.6701C12.9473 11.3531 12.6878 11.0961 12.3676 11.0961H6.76329ZM6.18354 8.60985C6.18354 8.29287 6.4431 8.03591 6.76329 8.03591H12.3676C12.6878 8.03591 12.9473 8.29287 12.9473 8.60985C12.9473 8.92684 12.6878 9.1838 12.3676 9.1838H6.76329C6.4431 9.1838 6.18354 8.92684 6.18354 8.60985ZM3.67118 5.5483C3.67118 5.23132 3.93075 4.97436 4.25093 4.97436H4.63743C4.95762 4.97436 5.21719 5.23132 5.21719 5.5483C5.21719 5.86528 4.95762 6.12224 4.63743 6.12224H4.25093C3.93075 6.12224 3.67118 5.86528 3.67118 5.5483ZM4.25093 11.0961C3.93075 11.0961 3.67118 11.3531 3.67118 11.6701C3.67118 11.987 3.93075 12.244 4.25093 12.244H4.63743C4.95762 12.244 5.21719 11.987 5.21719 11.6701C5.21719 11.3531 4.95762 11.0961 4.63743 11.0961H4.25093ZM3.67118 8.60985C3.67118 8.29287 3.93075 8.03591 4.25093 8.03591H4.63743C4.95762 8.03591 5.21719 8.29287 5.21719 8.60985C5.21719 8.92684 4.95762 9.1838 4.63743 9.1838H4.25093C3.93075 9.1838 3.67118 8.92684 3.67118 8.60985ZM4.25093 14.157C3.93075 14.157 3.67118 14.414 3.67118 14.731C3.67118 15.0479 3.93075 15.3049 4.25093 15.3049H4.63743C4.95762 15.3049 5.21719 15.0479 5.21719 14.731C5.21719 14.414 4.95762 14.157 4.63743 14.157H4.25093Z" fill="#EB0203"></path>
                    <path fill-rule="evenodd" clip-rule="evenodd" d="M14.6252 13.6363C13.4918 12.6215 11.7817 12.5264 10.6569 13.4792C9.12421 14.7764 9.34841 16.8912 10.4409 18.0122L14.0159 21.6742C14.2197 21.8832 14.4928 22 14.7822 22C15.0737 22 15.3448 21.8852 15.5486 21.6762L19.1236 18.0142C20.214 16.8933 20.4423 14.7785 18.9075 13.4792C17.7827 12.5283 16.0724 12.6217 14.9391 13.6365C14.8855 13.6845 14.8331 13.7345 14.7822 13.7866C14.7313 13.7345 14.6789 13.6843 14.6252 13.6363ZM18.1546 14.3522C19.0973 15.1508 18.9962 16.4896 18.2891 17.2173C18.2888 17.2175 18.2886 17.2177 18.2884 17.218L14.7832 20.8084L11.2753 17.2151C11.2752 17.215 11.2751 17.2149 11.2749 17.2148C10.5677 16.4887 10.4678 15.1495 11.4104 14.3518L11.4108 14.3514C12.0745 13.7892 13.2018 13.82 13.9488 14.5846L14.7822 15.4378L15.6157 14.5846C16.3617 13.8211 17.4896 13.79 18.1545 14.3521" fill="#EB0203"></path>
                    </svg>
                    <svg class="inactive-content" width="100%" height="100%" viewBox="0 0 20 23" fill="none" xmlns="http://www.w3.org/2000/svg">
                    <path fill-rule="evenodd" clip-rule="evenodd" d="M6.18408 5.77914C6.18408 5.46223 6.44363 5.20532 6.7638 5.20532H12.3678C12.6879 5.20532 12.9475 5.46223 12.9475 5.77914C12.9475 6.09606 12.6879 6.35297 12.3678 6.35297H6.7638C6.44363 6.35297 6.18408 6.09606 6.18408 5.77914Z" fill="#EB0203"></path>
                    <path fill-rule="evenodd" clip-rule="evenodd" d="M6.18408 11.9034C6.18408 11.5865 6.44363 11.3296 6.7638 11.3296H12.3678C12.6879 11.3296 12.9475 11.5865 12.9475 11.9034C12.9475 12.2202 12.6879 12.4771 12.3678 12.4771H6.7638C6.44363 12.4771 6.18408 12.2202 6.18408 11.9034Z" fill="#EB0203"></path>
                    <path fill-rule="evenodd" clip-rule="evenodd" d="M6.18408 8.84116C6.18408 8.52424 6.44363 8.26733 6.7638 8.26733H12.3678C12.6879 8.26733 12.9475 8.52424 12.9475 8.84116C12.9475 9.15807 12.6879 9.41498 12.3678 9.41498H6.7638C6.44363 9.41498 6.18408 9.15807 6.18408 8.84116Z" fill="#EB0203"></path>
                    <path fill-rule="evenodd" clip-rule="evenodd" d="M6.18408 14.9655C6.18408 14.6486 6.44363 14.3917 6.7638 14.3917H10.1455C10.4657 14.3917 10.7252 14.6486 10.7252 14.9655C10.7252 15.2825 10.4657 15.5394 10.1455 15.5394H6.7638C6.44363 15.5394 6.18408 15.2825 6.18408 14.9655Z" fill="#EB0203"></path>
                    <path fill-rule="evenodd" clip-rule="evenodd" d="M3.67139 5.77914C3.67139 5.46223 3.93094 5.20532 4.25111 5.20532H4.63759C4.95776 5.20532 5.21731 5.46223 5.21731 5.77914C5.21731 6.09606 4.95776 6.35297 4.63759 6.35297H4.25111C3.93094 6.35297 3.67139 6.09606 3.67139 5.77914Z" fill="#EB0203"></path>
                    <path fill-rule="evenodd" clip-rule="evenodd" d="M3.67139 11.9034C3.67139 11.5865 3.93094 11.3296 4.25111 11.3296H4.63759C4.95776 11.3296 5.21731 11.5865 5.21731 11.9034C5.21731 12.2202 4.95776 12.4771 4.63759 12.4771H4.25111C3.93094 12.4771 3.67139 12.2202 3.67139 11.9034Z" fill="#EB0203"></path>
                    <path fill-rule="evenodd" clip-rule="evenodd" d="M3.67139 8.84116C3.67139 8.52424 3.93094 8.26733 4.25111 8.26733H4.63759C4.95776 8.26733 5.21731 8.52424 5.21731 8.84116C5.21731 9.15807 4.95776 9.41498 4.63759 9.41498H4.25111C3.93094 9.41498 3.67139 9.15807 3.67139 8.84116Z" fill="#EB0203"></path>
                    <path fill-rule="evenodd" clip-rule="evenodd" d="M3.67139 14.9655C3.67139 14.6486 3.93094 14.3917 4.25111 14.3917H4.63759C4.95776 14.3917 5.21731 14.6486 5.21731 14.9655C5.21731 15.2825 4.95776 15.5394 4.63759 15.5394H4.25111C3.93094 15.5394 3.67139 15.2825 3.67139 14.9655Z" fill="#EB0203"></path>
                    <path fill-rule="evenodd" clip-rule="evenodd" d="M0 1.76033C0 0.914738 0.692131 0.229248 1.54592 0.229248H15.0727C15.9265 0.229248 16.6186 0.914738 16.6186 1.76033V11.2818C16.6186 11.5989 16.3591 11.8559 16.0389 11.8559C15.7187 11.8559 15.4592 11.5989 15.4592 11.2818V1.76033C15.4592 1.54893 15.2862 1.37756 15.0727 1.37756H1.54592C1.33247 1.37756 1.15944 1.54893 1.15944 1.76033V18.985C1.15944 19.1964 1.33247 19.3678 1.54592 19.3678H9.27551C9.59568 19.3678 9.85523 19.6249 9.85523 19.942C9.85523 20.2591 9.59568 20.5161 9.27551 20.5161H1.54592C0.692131 20.5161 0 19.8306 0 18.985V1.76033Z" fill="#EB0203"></path>
                    <path fill-rule="evenodd" clip-rule="evenodd" d="M14.6254 13.8718C13.4921 12.8567 11.7821 12.7615 10.6574 13.7147C9.12472 15.0124 9.34891 17.128 10.4413 18.2493L14.0161 21.9126C14.2199 22.1217 14.493 22.2386 14.7824 22.2386C15.0739 22.2386 15.3449 22.1238 15.5487 21.9147L19.1235 18.2514C20.2139 17.13 20.4422 15.0144 18.9075 13.7147C17.7827 12.7634 16.0726 12.8569 14.9392 13.872C14.8856 13.92 14.8333 13.9701 14.7824 14.0222C14.7314 13.97 14.6791 13.9199 14.6254 13.8718ZM18.1546 14.588C19.0972 15.3869 18.9961 16.7262 18.2891 17.4541C18.2888 17.4543 18.2886 17.4546 18.2884 17.4548L14.7834 21.0466L11.2757 17.452C11.2756 17.4519 11.2755 17.4517 11.2753 17.4516C10.5681 16.7252 10.4682 15.3856 11.4108 14.5876L11.4112 14.5872C12.0748 14.0248 13.202 14.0556 13.949 14.8205L14.7824 15.674L15.6158 14.8205C16.3618 14.0567 17.4896 14.0256 18.1545 14.5879" fill="#EB0203"></path>
                    </svg>
                    </button>
                    </div>
                    <div class="col-sm-10 col-12">
                    <div class="ct-tile-quantity d-none" data-pid="7420249">
                    <input type="hidden" class="add-to-cart-url" value="https://www.continente.pt/on/demandware.store/Sites-continente-Site/default/Cart-AddProduct" tabindex="-1">
                    <div class="d-none tile-delete-confirmation-btn" data-pid="7420249" data-delay-time="3000" data-in-cart-msg="no carrinho" data-one-product-added="Adicionado ao carrinho" data-remove-from-cart-msg="Removido do carrinho" data-stay-open="6000.0" data-confirmation-image="{&quot;url&quot;:&quot;https://www.continente.pt/dw/image/v2/BDVS_PRD/on/demandware.static/-/Sites-col-master-catalog/default/dwe36f31e0/images/col/742/7420249-frente.jpg?sw=87&amp;sh=80&quot;,&quot;fallbackimage&quot;:{&quot;url&quot;:&quot;https://www.continente.pt/dw/image/v2/BDVS_PRD/on/demandware.static/Sites-continente-Site/-/default/dw7c42b4da/images/noimagelarge_product.png?sw=87&amp;sh=80&quot;,&quot;title&quot;:&quot;Iogurte Líquido Stracciatella sem Lactose&quot;,&quot;alt&quot;:&quot;Iogurte Líquido Stracciatella sem Lactose&quot;},&quot;title&quot;:&quot;Iogurte Líquido Stracciatella sem Lactose&quot;,&quot;alt&quot;:&quot;Iogurte Líquido Stracciatella sem Lactose&quot;}"></div>
                    <div class="ct-tile-quantity-update quantity-update product-qty-vue" data-remove-action="https://www.continente.pt/on/demandware.store/Sites-continente-Site/default/Cart-RemoveProductLineItem" data-action="https://www.continente.pt/on/demandware.store/Sites-continente-Site/default/Cart-UpdateQuantity" data-dimension-update="https://www.continente.pt/on/demandware.store/Sites-continente-Site/default/Cart-DimensionUpdate" data-pid="7420249" data-uuid="69b8bf36be80262b69da704a83" data-add-delay="500.0" data-measure-options="{&quot;hasConversionRate&quot;:false,&quot;hasAlternativeSaleUnit&quot;:false,&quot;unitConversionRate&quot;:0,&quot;minOrderQuantity&quot;:1,&quot;stepQuantity&quot;:1,&quot;primaryunit&quot;:&quot;un&quot;,&quot;secondaryunit&quot;:&quot;kg&quot;,&quot;selectedunit&quot;:&quot;primary&quot;,&quot;maxNumberOfUnitsPerSale&quot;:50}" data-price-available="null" :data-has-error="isMaxQtyReached || isMinQtyReached || qtySelectedMoreThanOne">
                    <template v-show="prodUnits">
                    <div class="quantity-input-wrapper has-units">
                    <label class="visually-hidden" :for="'quantity-' + pid + additionalTag">
                    Quantidade no carrinho
                    </label>
                    <input :ref="'quantityInput-' + pid + additionalTag" class="add-to-cart-quantity form-control ct-form-input text-center" inputmode="numeric" :class="{'is-invalid': isInvalid}" :data-pid="pid + additionalTag" :name="'quantity-' + pid + additionalTag" type="text" aria-label="Insira a quantidade" title="" v-model="displayValue" @change="updateQuantity" @focus="updateQtyFormat" @blur="restoreQtyFormat" :disabled="!isPriceAvailable">
                    <span class="quantity-icon quantity-icon--minus">
                    <button class="decrease-quantity-btn" @click="updateQuantity" :disabled="!isPriceAvailable" role="button" aria-label="Reduzir quantidade">
                    <i class="css-math-minus"></i>
                    </button>
                    </span>
                    <span class="quantity-icon quantity-icon--plus">
                    <button class="increase-quantity-btn" @click="updateQuantity" :disabled="isMaxQtyReached || !isPriceAvailable" role="button" aria-label="Aumentar quantidade">
                    <i class="css-math-plus"></i>
                    </button>
                    <span class="quantity-btn-disabled-placeholder"></span>
                    </span>
                    <template v-if="isPDP">
                    <span class="quantity-error ct-span-error text-sm-center product-max-allocation" v-if="isMaxQtyReached">
                    Quantidade máxima atingida
                    </span>
                    <span class="quantity-error ct-span-product text-sm-center product-allocation" v-if="!isMinQtyReached &amp;&amp; !isMaxQtyReached">
                    {{quantitySelected}} no carrinho
                    </span>
                    <span class="quantity-error ct-span-error text-sm-center product-min-allocation" :data-pid="pid" v-if="isMinQtyReached &amp;&amp; !isMaxQtyReached">
                    Quantidade mínima atingida
                    </span>
                    </template>
                    </div>
                    <template v-if="showNotes">
                    <div class="add-note-link-container ">
                    <div class="add-note">
                    <a href="/produto/iogurte-liquido-stracciatella-sem-lactose-yoggi-7420249.html?showNote=true" class="ct-add-note-redirect-pdp" aria-label="Adicionar comentário">
                    <span class="svg-wrapper svg-icon-notes" style="width:19px; height:20px">
                    <svg class="svg-inline icon-notes" viewBox="0 0 28 30" xmlns="http://www.w3.org/2000/svg" width="100%" height="100%"><path d="M21.738 0C22.985 0 24 1.04 24 2.319V12.47c0 .469-.37.848-.828.848-.457 0-.827-.38-.827-.848V2.32c0-.343-.273-.622-.607-.622H2.262c-.334 0-.607.279-.607.622V27.68c0 .343.273.622.607.622h7.81c.457 0 .827.38.827.849 0 .468-.37.848-.827.848h-7.81C1.015 30 0 28.96 0 27.681V2.32C0 1.04 1.015 0 2.262 0h19.476zm2.844 16.004l.227.007c.823.053 1.589.39 2.176.964.64.627.993 1.46.993 2.349 0 .888-.353 1.722-.993 2.348l-6.83 6.665c-.11.108-.247.186-.397.226l-5.032 1.363c-.078.021-.16.032-.241.032-.242 0-.478-.097-.647-.266-.23-.231-.314-.566-.218-.874l1.49-4.798c.044-.139.122-.266.227-.369l6.844-6.677c.64-.625 1.493-.97 2.401-.97zm-2.886 3.94l-4.922 4.802-.947 3.048 3.22-.872 4.897-4.78-2.248-2.197zm2.887-2.174c-.425 0-.824.162-1.124.455l-.484.472 2.248 2.197.484-.472c.62-.606.62-1.591 0-2.197l-.117-.104c-.283-.227-.636-.35-1.007-.35zm-10.839.022c.498 0 .904.396.904.883 0 .488-.406.884-.904.884H5.946c-.499 0-.904-.396-.904-.884 0-.487.405-.883.904-.883zm5.042-4.876c.498 0 .904.397.904.884s-.406.884-.904.884H5.946c-.499 0-.904-.397-.904-.884s.405-.884.904-.884zm0-4.875c.498 0 .904.396.904.884 0 .487-.406.883-.904.883H5.946c-.499 0-.904-.396-.904-.883 0-.488.405-.884.904-.884z" fill="#EB0203" fill-rule="evenodd"></path></svg>
                    </span>
                    <div class="available-note d-none"></div>
                    </a>
                    </div>
                    </div>
                    </template>
                    <div class="measurement-unit-section" v-if="isPriceAvailable &amp;&amp; prodUnits ? prodUnits.hasAlternativeUnit : false">
                    <div class="ct-form-radio" @click="setDimension">
                    <input type="radio" title="" class="ct-form-check-input product-measurement-unit" :data-type="prodUnits.selectedUnit == prodUnits.secondaryUnit ? 'primary' : ''" :id="prodUnits.secondaryUnit + '-' + pid + '-measurement-unit-ptile' + additionalTag" :name="'measurement-unit-' + pid + '-ptile' + additionalTag" :value="prodUnits.secondaryUnit" v-model="prodUnits.selectedUnit">
                    <label :class="prodUnits.secondaryUnit + '-label ct-form-check-label mb-0'" :for="prodUnits.secondaryUnit + '-' + pid + '-measurement-unit-ptile' + additionalTag">
                    {{prodUnits.secondaryUnit}}
                    </label>
                    <span class="checkmark"></span>
                    </div>
                    <div class="ct-form-radio" @click="setDimension">
                    <input type="radio" title="" class="ct-form-check-input product-measurement-unit" :data-type="prodUnits.selectedUnit == prodUnits.primaryUnit ? 'primary' : ''" :id="prodUnits.primaryUnit + '-' + pid + '-measurement-unit-ptile' + additionalTag" :name="'measurement-unit-' + pid + '-ptile' + additionalTag" :value="prodUnits.primaryUnit" v-model="prodUnits.selectedUnit">
                    <label :class="prodUnits.primaryUnit + '-label ct-form-check-label mb-0'" :for="prodUnits.primaryUnit + '-' + pid + '-measurement-unit-ptile' + additionalTag">
                    {{prodUnits.primaryUnit}}
                    </label>
                    <span class="checkmark"></span>
                    </div>
                    </div>
                    <template v-if="!isPDP &amp;&amp; isPriceAvailable">
                    <span class="quantity-error ct-span-error product-max-allocation" v-if="isMaxQtyReached">
                    Quantidade máxima atingida
                    </span>
                    <span class="quantity-error ct-span-product product-allocation" v-if="!isMinQtyReached &amp;&amp; !isMaxQtyReached">
                    {{quantitySelected}} no carrinho
                    </span>
                    <span class="quantity-error ct-span-error product-min-allocation" :data-pid="pid" v-if="isMinQtyReached &amp;&amp; !isMaxQtyReached">
                    Quantidade mínima atingida
                    </span>
                    </template>
                    </template>
                    </div>
                    <input class="quantity-value-mask d-none" name="quantity" type="number" min="0" value="" tabindex="-1">
                    </div>
                    <button type="button" class="add-to-cart button js-add-to-cart js-add-to-cart-tile 7420249 button--primary dynamic-layout-btn" data-toggle="modal" data-target="#chooseBonusProductModal" data-pid="7420249" data-quantity-value="null" aria-label="Carrinho" tabindex="-1">
                    <span class="d-block d-sm-none">
                    <span class="svg-wrapper svg-icon-cart" style="width:20px; height:20px">
                    <svg class="svg-inline icon-cart" xmlns="http://www.w3.org/2000/svg" viewBox="0 0 500 500" width="100%" height="100%"><path fill="#EB0203" fill-rule="evenodd" d="M 485.67317,94.386311 C 476.37798,83.847129 463.09468,78.03348 448.30404,78.03348 H 90.690813 L 87.079511,51.327997 C 83.185582,22.539551 62.962285,0 41.011841,0 H 14.727836 C 6.563151,0 0,6.5286975 0,14.580758 c 0,8.05206 6.5945535,14.580758 14.727836,14.580758 h 26.284005 c 4.710398,0 14.696435,9.855222 16.894619,26.021523 L 100.01739,368.0631 c 1.88416,13.77244 9.01256,26.70549 20.1605,36.37417 8.25889,7.15046 18.02511,11.9071 28.26237,13.89679 -4.17655,7.58572 -6.53175,16.25957 -6.53175,25.493 0,29.53459 24.27424,53.59751 54.13815,53.59751 29.8325,0 54.13814,-24.03184 54.13814,-53.59751 0,-8.79818 -2.19818,-17.09897 -5.9979,-24.43598 h 77.12488 c -3.79973,7.33701 -5.96652,15.6378 -5.96652,24.43598 0,29.53459 24.27424,53.59751 54.13817,53.59751 29.83249,0 54.13814,-24.03184 54.13814,-53.59751 0,-8.79818 -2.1982,-17.09897 -5.9979,-24.43598 h 38.56243 c 8.13328,0 14.72783,-6.5287 14.72783,-14.61183 0,-8.02098 -6.59455,-14.54967 -14.72783,-14.54967 H 159.24277 c -14.38241,0 -28.13677,-11.90711 -30.02092,-26.02153 l -3.07746,-22.88154 h 290.6314 c 14.03698,0 27.94834,-5.28513 39.06488,-14.95381 11.11652,-9.6376 18.27632,-22.57065 20.16048,-36.37417 l 21.10259,-156.78201 c 1.94694,-14.51858 -2.10398,-28.29103 -11.43057,-38.861299 z M 220.76053,443.82706 c 0,13.49265 -11.08513,24.46709 -24.68247,24.46709 -13.62874,0 -24.71387,-10.97444 -24.71387,-24.46709 0,-13.49262 11.08513,-24.43598 24.71387,-24.43598 13.59734,0 24.68247,10.94336 24.68247,24.43598 z m 173.43675,0 c 0,13.49265 -11.08512,24.46709 -24.68245,24.46709 -13.62876,0 -24.71388,-10.97444 -24.71388,-24.46709 0,-13.49262 11.08512,-24.43598 24.71388,-24.43598 13.59733,0 24.68245,10.94336 24.68245,24.43598 z m 73.7648,-314.46558 -21.13397,156.782 c -1.88416,14.11442 -15.63851,26.05261 -30.02091,26.05261 H 122.25046 L 94.616142,107.19499 H 448.33544 c 6.18632,0 11.61896,2.2695 15.23028,6.37326 3.64269,4.13484 5.21283,9.73086 4.39636,15.79323 z"></path></svg>
                    </span>
                    </span>
                    <span class="add-to-cart--text d-none d-sm-block">Carrinho</span>
                    </button>
                    </div>
                    </div>
                    </div>
                    </div>
                    
                    <div class="col-12 d-sm-none">
                    </div>
                    </div>
                    </div>
                    </div>
                    </div><div class="pd-tile-wrap slick-slide slick-cloned" data-idx="9" style="width: 276px; height: auto;" data-slick-index="-2" id="" aria-hidden="true" tabindex="-1">
                    
                    <script type="text/javascript">//<!--
                    /* <![CDATA[ */
                    (function(){
                    try {
                        if(window.CQuotient) {
                            var cq_params = {};
                            cq_params.cookieId = window.CQuotient.getCQCookieId();
                            cq_params.userId = window.CQuotient.getCQUserId();
                            cq_params.emailId = CQuotient.getCQHashedEmail();
                            cq_params.loginId = CQuotient.getCQHashedLogin();
                            cq_params.accumulate = true;
                            cq_params.products = [{
                                id: '5761255',
                                sku: '',
                                type: '',
                                alt_id: ''
                            }];
                            cq_params.recommenderName = '__UNDEFINED__';
                            cq_params.realm = "BDVS";
                            cq_params.siteId = "continente";
                            cq_params.instanceType = "prd";
                            cq_params.locale = window.CQuotient.locale;
                            cq_params.slotId = '';
                            cq_params.slotConfigId = '';
                            cq_params.slotConfigTemplate = '';
                            if(window.CQuotient.sendActivity)
                                window.CQuotient.sendActivity( CQuotient.clientId, 'viewReco', cq_params );
                            else
                                window.CQuotient.activities.push( {activityType: 'viewReco', parameters: cq_params} );
                        }
                    } catch(err) {}
                    })();
                    /* ]]> */
                    // -->
                    </script>
                    <script type="text/javascript">//<!--
                    /* <![CDATA[ (viewProduct-active_data.js) */
                    dw.ac._capture({id: "5761255", type: "recommendation"});
                    /* ]]> */
                    // -->
                    </script>
                    <div class="product" data-pid="5761255">
                    <div class="product-tile pid-5761255   ct-product-tile " data-delay-time="3000" data-variants-mapping="[]" data-in-cart-msg="no carrinho" data-one-product-added="Adicionado ao carrinho" data-remove-from-cart-msg="Removido do carrinho" data-stay-open="6000.0" data-product-tile-impression="{&quot;name&quot;:&quot;5761255&quot;,&quot;id&quot;:&quot;5761255&quot;,&quot;price&quot;:4.19,&quot;brand&quot;:&quot;Becel Pro Activ&quot;,&quot;category&quot;:[{&quot;category_level_1&quot;:&quot;Laticínios e Ovos&quot;},{&quot;category_level_2&quot;:&quot;Manteigas e Cremes para Barrar&quot;},{&quot;category_level_3&quot;:&quot;Cremes Vegetais e Margarinas&quot;}],&quot;variant&quot;:&quot;&quot;}">
                    <div class="ct-inner-tile-wrap row no-gutters justify-content-center align-content-start">
                    <div class="ct-product-tile-badge ct-product-tile-badge--promotional">
                    <img class="img-fluid lazyloaded" loading="lazy" data-src="https://www.continente.pt/dw/image/v2/BDVS_PRD/on/demandware.static/-/Sites-continente-Library/default/dwf5980f2e/images/badges/pvpr/col/pvpr.png?sw=60&amp;sh=42" alt="PVP Recomendado: €6,99/un" title="PVP Recomendado: €6,99/un" src="https://www.continente.pt/dw/image/v2/BDVS_PRD/on/demandware.static/-/Sites-continente-Library/default/dwf5980f2e/images/badges/pvpr/col/pvpr.png?sw=60&amp;sh=42">
                    <div class="ct-product-tile-badge-value-wrapper ct-product-tile-badge-value-wrapper--pvpr  ">
                    <span class="ct-product-tile-badge-value--pvpr">
                    40
                    </span>
                    <span class="ct-product-tile-badge-value--pvpr-quantifier ">
                    %
                    </span>
                    </div>
                    </div>
                    
                    <div class="ct-image-container col-4 col-sm" data-confirmation-image="{&quot;url&quot;:&quot;https://www.continente.pt/dw/image/v2/BDVS_PRD/on/demandware.static/-/Sites-col-master-catalog/default/dwcccf64e8/images/col/576/5761255-frente.jpg?sw=87&amp;sh=80&quot;,&quot;fallbackimage&quot;:{&quot;url&quot;:&quot;https://www.continente.pt/dw/image/v2/BDVS_PRD/on/demandware.static/Sites-continente-Site/-/default/dw7c42b4da/images/noimagelarge_product.png?sw=87&amp;sh=80&quot;,&quot;title&quot;:&quot;Creme Vegetal Sabor a Manteiga Proactiv&quot;,&quot;alt&quot;:&quot;Creme Vegetal Sabor a Manteiga Proactiv&quot;},&quot;title&quot;:&quot;Creme Vegetal Sabor a Manteiga Proactiv&quot;,&quot;alt&quot;:&quot;Creme Vegetal Sabor a Manteiga Proactiv&quot;}">
                    <a href="https://www.continente.pt/produto/creme-vegetal-sabor-a-manteiga-proactiv-becel-pro-activ-5761255.html?cgid=home" tabindex="-1">
                    <picture class="intrinsic intrinsic--square">
                    <img class="ct-tile-image lazyloaded" loading="lazy" onerror="this.onerror=null;this.src='/on/demandware.static/Sites-continente-Site/-/default/dw7c42b4da/images/noimagelarge_product.png';" data-src="https://www.continente.pt/dw/image/v2/BDVS_PRD/on/demandware.static/-/Sites-col-master-catalog/default/dwcccf64e8/images/col/576/5761255-frente.jpg?sw=280&amp;sh=280" alt="Creme Vegetal Sabor a Manteiga Proactiv" title="Creme Vegetal Sabor a Manteiga Proactiv" src="https://www.continente.pt/dw/image/v2/BDVS_PRD/on/demandware.static/-/Sites-col-master-catalog/default/dwcccf64e8/images/col/576/5761255-frente.jpg?sw=280&amp;sh=280">
                    </picture>
                    </a>
                    <div class="color-swatches d-flex" style="margin-left: 5px;">
                    <div class="swatches d-flex">
                    </div>
                    </div>
                    </div>
                    <div class="ct-tile-body col col-sm-auto ">
                    <div class="ct-pdp-details">
                    <div class="ct-pdp-link">
                    <a class="ct-tile--description" href="https://www.continente.pt/produto/creme-vegetal-sabor-a-manteiga-proactiv-becel-pro-activ-5761255.html?cgid=home" tabindex="-1">Creme Vegetal Sabor a Manteiga Proactiv</a>
                    <div class="ct-tile--favorite-top d-sm-none">
                    <button class="wishlist-toggler guest-mode inactive button button--tertiary" data-pid="5761255" data-add-url="https://www.continente.pt/on/demandware.store/Sites-continente-Site/default/Wishlist-AddProduct?pid=5761255" data-toggle="tooltip" aria-label="Adicionar aos favoritos " data-original-title="Adicionar aos favoritos" data-placement="top" tabindex="-1">
                    <svg class="active-content" width="100%" height="100%" viewBox="0 0 20 22" fill="none" xmlns="http://www.w3.org/2000/svg">
                    <path fill-rule="evenodd" clip-rule="evenodd" d="M0 1.53052C0 0.685236 0.692171 0 1.54601 0H15.0736C15.9274 0 16.6196 0.685235 16.6196 1.53052V13.4064L15.8127 13.922L14.2658 14.2658L12.7189 13.4064L10.6054 14.3818C10.4994 14.2451 10.3327 14.157 10.1452 14.157H6.76329C6.4431 14.157 6.18354 14.414 6.18354 14.731C6.18354 15.0479 6.4431 15.3049 6.76329 15.3049H10.1452C10.2478 15.3049 10.3441 15.2785 10.4277 15.2322L10.3126 16.8439L13.2345 20.2793H1.54601C0.69217 20.2793 0 19.5941 0 18.7488V1.53052ZM6.18354 5.5483C6.18354 5.23132 6.4431 4.97436 6.76329 4.97436H12.3676C12.6878 4.97436 12.9473 5.23132 12.9473 5.5483C12.9473 5.86528 12.6878 6.12224 12.3676 6.12224H6.76329C6.4431 6.12224 6.18354 5.86528 6.18354 5.5483ZM6.76329 11.0961C6.4431 11.0961 6.18354 11.3531 6.18354 11.6701C6.18354 11.987 6.4431 12.244 6.76329 12.244H12.3676C12.6878 12.244 12.9473 11.987 12.9473 11.6701C12.9473 11.3531 12.6878 11.0961 12.3676 11.0961H6.76329ZM6.18354 8.60985C6.18354 8.29287 6.4431 8.03591 6.76329 8.03591H12.3676C12.6878 8.03591 12.9473 8.29287 12.9473 8.60985C12.9473 8.92684 12.6878 9.1838 12.3676 9.1838H6.76329C6.4431 9.1838 6.18354 8.92684 6.18354 8.60985ZM3.67118 5.5483C3.67118 5.23132 3.93075 4.97436 4.25093 4.97436H4.63743C4.95762 4.97436 5.21719 5.23132 5.21719 5.5483C5.21719 5.86528 4.95762 6.12224 4.63743 6.12224H4.25093C3.93075 6.12224 3.67118 5.86528 3.67118 5.5483ZM4.25093 11.0961C3.93075 11.0961 3.67118 11.3531 3.67118 11.6701C3.67118 11.987 3.93075 12.244 4.25093 12.244H4.63743C4.95762 12.244 5.21719 11.987 5.21719 11.6701C5.21719 11.3531 4.95762 11.0961 4.63743 11.0961H4.25093ZM3.67118 8.60985C3.67118 8.29287 3.93075 8.03591 4.25093 8.03591H4.63743C4.95762 8.03591 5.21719 8.29287 5.21719 8.60985C5.21719 8.92684 4.95762 9.1838 4.63743 9.1838H4.25093C3.93075 9.1838 3.67118 8.92684 3.67118 8.60985ZM4.25093 14.157C3.93075 14.157 3.67118 14.414 3.67118 14.731C3.67118 15.0479 3.93075 15.3049 4.25093 15.3049H4.63743C4.95762 15.3049 5.21719 15.0479 5.21719 14.731C5.21719 14.414 4.95762 14.157 4.63743 14.157H4.25093Z" fill="#EB0203"></path>
                    <path fill-rule="evenodd" clip-rule="evenodd" d="M14.6252 13.6363C13.4918 12.6215 11.7817 12.5264 10.6569 13.4792C9.12421 14.7764 9.34841 16.8912 10.4409 18.0122L14.0159 21.6742C14.2197 21.8832 14.4928 22 14.7822 22C15.0737 22 15.3448 21.8852 15.5486 21.6762L19.1236 18.0142C20.214 16.8933 20.4423 14.7785 18.9075 13.4792C17.7827 12.5283 16.0724 12.6217 14.9391 13.6365C14.8855 13.6845 14.8331 13.7345 14.7822 13.7866C14.7313 13.7345 14.6789 13.6843 14.6252 13.6363ZM18.1546 14.3522C19.0973 15.1508 18.9962 16.4896 18.2891 17.2173C18.2888 17.2175 18.2886 17.2177 18.2884 17.218L14.7832 20.8084L11.2753 17.2151C11.2752 17.215 11.2751 17.2149 11.2749 17.2148C10.5677 16.4887 10.4678 15.1495 11.4104 14.3518L11.4108 14.3514C12.0745 13.7892 13.2018 13.82 13.9488 14.5846L14.7822 15.4378L15.6157 14.5846C16.3617 13.8211 17.4896 13.79 18.1545 14.3521" fill="#EB0203"></path>
                    </svg>
                    <svg class="inactive-content" width="100%" height="100%" viewBox="0 0 20 23" fill="none" xmlns="http://www.w3.org/2000/svg">
                    <path fill-rule="evenodd" clip-rule="evenodd" d="M6.18408 5.77914C6.18408 5.46223 6.44363 5.20532 6.7638 5.20532H12.3678C12.6879 5.20532 12.9475 5.46223 12.9475 5.77914C12.9475 6.09606 12.6879 6.35297 12.3678 6.35297H6.7638C6.44363 6.35297 6.18408 6.09606 6.18408 5.77914Z" fill="#EB0203"></path>
                    <path fill-rule="evenodd" clip-rule="evenodd" d="M6.18408 11.9034C6.18408 11.5865 6.44363 11.3296 6.7638 11.3296H12.3678C12.6879 11.3296 12.9475 11.5865 12.9475 11.9034C12.9475 12.2202 12.6879 12.4771 12.3678 12.4771H6.7638C6.44363 12.4771 6.18408 12.2202 6.18408 11.9034Z" fill="#EB0203"></path>
                    <path fill-rule="evenodd" clip-rule="evenodd" d="M6.18408 8.84116C6.18408 8.52424 6.44363 8.26733 6.7638 8.26733H12.3678C12.6879 8.26733 12.9475 8.52424 12.9475 8.84116C12.9475 9.15807 12.6879 9.41498 12.3678 9.41498H6.7638C6.44363 9.41498 6.18408 9.15807 6.18408 8.84116Z" fill="#EB0203"></path>
                    <path fill-rule="evenodd" clip-rule="evenodd" d="M6.18408 14.9655C6.18408 14.6486 6.44363 14.3917 6.7638 14.3917H10.1455C10.4657 14.3917 10.7252 14.6486 10.7252 14.9655C10.7252 15.2825 10.4657 15.5394 10.1455 15.5394H6.7638C6.44363 15.5394 6.18408 15.2825 6.18408 14.9655Z" fill="#EB0203"></path>
                    <path fill-rule="evenodd" clip-rule="evenodd" d="M3.67139 5.77914C3.67139 5.46223 3.93094 5.20532 4.25111 5.20532H4.63759C4.95776 5.20532 5.21731 5.46223 5.21731 5.77914C5.21731 6.09606 4.95776 6.35297 4.63759 6.35297H4.25111C3.93094 6.35297 3.67139 6.09606 3.67139 5.77914Z" fill="#EB0203"></path>
                    <path fill-rule="evenodd" clip-rule="evenodd" d="M3.67139 11.9034C3.67139 11.5865 3.93094 11.3296 4.25111 11.3296H4.63759C4.95776 11.3296 5.21731 11.5865 5.21731 11.9034C5.21731 12.2202 4.95776 12.4771 4.63759 12.4771H4.25111C3.93094 12.4771 3.67139 12.2202 3.67139 11.9034Z" fill="#EB0203"></path>
                    <path fill-rule="evenodd" clip-rule="evenodd" d="M3.67139 8.84116C3.67139 8.52424 3.93094 8.26733 4.25111 8.26733H4.63759C4.95776 8.26733 5.21731 8.52424 5.21731 8.84116C5.21731 9.15807 4.95776 9.41498 4.63759 9.41498H4.25111C3.93094 9.41498 3.67139 9.15807 3.67139 8.84116Z" fill="#EB0203"></path>
                    <path fill-rule="evenodd" clip-rule="evenodd" d="M3.67139 14.9655C3.67139 14.6486 3.93094 14.3917 4.25111 14.3917H4.63759C4.95776 14.3917 5.21731 14.6486 5.21731 14.9655C5.21731 15.2825 4.95776 15.5394 4.63759 15.5394H4.25111C3.93094 15.5394 3.67139 15.2825 3.67139 14.9655Z" fill="#EB0203"></path>
                    <path fill-rule="evenodd" clip-rule="evenodd" d="M0 1.76033C0 0.914738 0.692131 0.229248 1.54592 0.229248H15.0727C15.9265 0.229248 16.6186 0.914738 16.6186 1.76033V11.2818C16.6186 11.5989 16.3591 11.8559 16.0389 11.8559C15.7187 11.8559 15.4592 11.5989 15.4592 11.2818V1.76033C15.4592 1.54893 15.2862 1.37756 15.0727 1.37756H1.54592C1.33247 1.37756 1.15944 1.54893 1.15944 1.76033V18.985C1.15944 19.1964 1.33247 19.3678 1.54592 19.3678H9.27551C9.59568 19.3678 9.85523 19.6249 9.85523 19.942C9.85523 20.2591 9.59568 20.5161 9.27551 20.5161H1.54592C0.692131 20.5161 0 19.8306 0 18.985V1.76033Z" fill="#EB0203"></path>
                    <path fill-rule="evenodd" clip-rule="evenodd" d="M14.6254 13.8718C13.4921 12.8567 11.7821 12.7615 10.6574 13.7147C9.12472 15.0124 9.34891 17.128 10.4413 18.2493L14.0161 21.9126C14.2199 22.1217 14.493 22.2386 14.7824 22.2386C15.0739 22.2386 15.3449 22.1238 15.5487 21.9147L19.1235 18.2514C20.2139 17.13 20.4422 15.0144 18.9075 13.7147C17.7827 12.7634 16.0726 12.8569 14.9392 13.872C14.8856 13.92 14.8333 13.9701 14.7824 14.0222C14.7314 13.97 14.6791 13.9199 14.6254 13.8718ZM18.1546 14.588C19.0972 15.3869 18.9961 16.7262 18.2891 17.4541C18.2888 17.4543 18.2886 17.4546 18.2884 17.4548L14.7834 21.0466L11.2757 17.452C11.2756 17.4519 11.2755 17.4517 11.2753 17.4516C10.5681 16.7252 10.4682 15.3856 11.4108 14.5876L11.4112 14.5872C12.0748 14.0248 13.202 14.0556 13.949 14.8205L14.7824 15.674L15.6158 14.8205C16.3618 14.0567 17.4896 14.0256 18.1545 14.5879" fill="#EB0203"></path>
                    </svg>
                    </button>
                    </div>
                    </div>
                    <p class="ct-tile--brand">Becel Pro Activ</p>
                    <p class="ct-tile--quantity">emb. 450 gr</p>
                    </div>
                    <div class="ct-tile-bottom row no-gutters justify-content-between">
                    <div class="ct-price-wrap col-8 col-sm-12">
                    <div class="price js-product-price">
                    <div class="prices-wrapper">
                    <span class="sales ct-tile--price-primary ">
                    <span class="value" content="4.19">
                    <span class="ct-price-formatted">
                    €4,19
                    </span>
                    <span class="ct-m-unit">
                    /un
                    </span>
                    </span>
                    </span>
                    </div>
                    <div class="ct-tile--price-secondary">
                    <span class="ct-price-value">
                    €9,31
                    </span>
                    <span class="ct-m-unit">
                    /kg
                    </span>
                    </div>
                    <p class="ct-discount-amount ct-discount-amount-pvpr">PVP Recomendado: €6,99/un</p>
                    </div>
                    </div>
                    <div class="ct-tile-buy-section d-flex justify-content-center no-gutters col-auto col-sm-12">
                    <div class="col-2 d-sm-flex d-none">
                    <button class="wishlist-toggler guest-mode inactive button button--tertiary" data-pid="5761255" data-add-url="https://www.continente.pt/on/demandware.store/Sites-continente-Site/default/Wishlist-AddProduct?pid=5761255" data-toggle="tooltip" aria-label="Adicionar aos favoritos " data-original-title="Adicionar aos favoritos" data-placement="top" tabindex="-1">
                    <svg class="active-content" width="100%" height="100%" viewBox="0 0 20 22" fill="none" xmlns="http://www.w3.org/2000/svg">
                    <path fill-rule="evenodd" clip-rule="evenodd" d="M0 1.53052C0 0.685236 0.692171 0 1.54601 0H15.0736C15.9274 0 16.6196 0.685235 16.6196 1.53052V13.4064L15.8127 13.922L14.2658 14.2658L12.7189 13.4064L10.6054 14.3818C10.4994 14.2451 10.3327 14.157 10.1452 14.157H6.76329C6.4431 14.157 6.18354 14.414 6.18354 14.731C6.18354 15.0479 6.4431 15.3049 6.76329 15.3049H10.1452C10.2478 15.3049 10.3441 15.2785 10.4277 15.2322L10.3126 16.8439L13.2345 20.2793H1.54601C0.69217 20.2793 0 19.5941 0 18.7488V1.53052ZM6.18354 5.5483C6.18354 5.23132 6.4431 4.97436 6.76329 4.97436H12.3676C12.6878 4.97436 12.9473 5.23132 12.9473 5.5483C12.9473 5.86528 12.6878 6.12224 12.3676 6.12224H6.76329C6.4431 6.12224 6.18354 5.86528 6.18354 5.5483ZM6.76329 11.0961C6.4431 11.0961 6.18354 11.3531 6.18354 11.6701C6.18354 11.987 6.4431 12.244 6.76329 12.244H12.3676C12.6878 12.244 12.9473 11.987 12.9473 11.6701C12.9473 11.3531 12.6878 11.0961 12.3676 11.0961H6.76329ZM6.18354 8.60985C6.18354 8.29287 6.4431 8.03591 6.76329 8.03591H12.3676C12.6878 8.03591 12.9473 8.29287 12.9473 8.60985C12.9473 8.92684 12.6878 9.1838 12.3676 9.1838H6.76329C6.4431 9.1838 6.18354 8.92684 6.18354 8.60985ZM3.67118 5.5483C3.67118 5.23132 3.93075 4.97436 4.25093 4.97436H4.63743C4.95762 4.97436 5.21719 5.23132 5.21719 5.5483C5.21719 5.86528 4.95762 6.12224 4.63743 6.12224H4.25093C3.93075 6.12224 3.67118 5.86528 3.67118 5.5483ZM4.25093 11.0961C3.93075 11.0961 3.67118 11.3531 3.67118 11.6701C3.67118 11.987 3.93075 12.244 4.25093 12.244H4.63743C4.95762 12.244 5.21719 11.987 5.21719 11.6701C5.21719 11.3531 4.95762 11.0961 4.63743 11.0961H4.25093ZM3.67118 8.60985C3.67118 8.29287 3.93075 8.03591 4.25093 8.03591H4.63743C4.95762 8.03591 5.21719 8.29287 5.21719 8.60985C5.21719 8.92684 4.95762 9.1838 4.63743 9.1838H4.25093C3.93075 9.1838 3.67118 8.92684 3.67118 8.60985ZM4.25093 14.157C3.93075 14.157 3.67118 14.414 3.67118 14.731C3.67118 15.0479 3.93075 15.3049 4.25093 15.3049H4.63743C4.95762 15.3049 5.21719 15.0479 5.21719 14.731C5.21719 14.414 4.95762 14.157 4.63743 14.157H4.25093Z" fill="#EB0203"></path>
                    <path fill-rule="evenodd" clip-rule="evenodd" d="M14.6252 13.6363C13.4918 12.6215 11.7817 12.5264 10.6569 13.4792C9.12421 14.7764 9.34841 16.8912 10.4409 18.0122L14.0159 21.6742C14.2197 21.8832 14.4928 22 14.7822 22C15.0737 22 15.3448 21.8852 15.5486 21.6762L19.1236 18.0142C20.214 16.8933 20.4423 14.7785 18.9075 13.4792C17.7827 12.5283 16.0724 12.6217 14.9391 13.6365C14.8855 13.6845 14.8331 13.7345 14.7822 13.7866C14.7313 13.7345 14.6789 13.6843 14.6252 13.6363ZM18.1546 14.3522C19.0973 15.1508 18.9962 16.4896 18.2891 17.2173C18.2888 17.2175 18.2886 17.2177 18.2884 17.218L14.7832 20.8084L11.2753 17.2151C11.2752 17.215 11.2751 17.2149 11.2749 17.2148C10.5677 16.4887 10.4678 15.1495 11.4104 14.3518L11.4108 14.3514C12.0745 13.7892 13.2018 13.82 13.9488 14.5846L14.7822 15.4378L15.6157 14.5846C16.3617 13.8211 17.4896 13.79 18.1545 14.3521" fill="#EB0203"></path>
                    </svg>
                    <svg class="inactive-content" width="100%" height="100%" viewBox="0 0 20 23" fill="none" xmlns="http://www.w3.org/2000/svg">
                    <path fill-rule="evenodd" clip-rule="evenodd" d="M6.18408 5.77914C6.18408 5.46223 6.44363 5.20532 6.7638 5.20532H12.3678C12.6879 5.20532 12.9475 5.46223 12.9475 5.77914C12.9475 6.09606 12.6879 6.35297 12.3678 6.35297H6.7638C6.44363 6.35297 6.18408 6.09606 6.18408 5.77914Z" fill="#EB0203"></path>
                    <path fill-rule="evenodd" clip-rule="evenodd" d="M6.18408 11.9034C6.18408 11.5865 6.44363 11.3296 6.7638 11.3296H12.3678C12.6879 11.3296 12.9475 11.5865 12.9475 11.9034C12.9475 12.2202 12.6879 12.4771 12.3678 12.4771H6.7638C6.44363 12.4771 6.18408 12.2202 6.18408 11.9034Z" fill="#EB0203"></path>
                    <path fill-rule="evenodd" clip-rule="evenodd" d="M6.18408 8.84116C6.18408 8.52424 6.44363 8.26733 6.7638 8.26733H12.3678C12.6879 8.26733 12.9475 8.52424 12.9475 8.84116C12.9475 9.15807 12.6879 9.41498 12.3678 9.41498H6.7638C6.44363 9.41498 6.18408 9.15807 6.18408 8.84116Z" fill="#EB0203"></path>
                    <path fill-rule="evenodd" clip-rule="evenodd" d="M6.18408 14.9655C6.18408 14.6486 6.44363 14.3917 6.7638 14.3917H10.1455C10.4657 14.3917 10.7252 14.6486 10.7252 14.9655C10.7252 15.2825 10.4657 15.5394 10.1455 15.5394H6.7638C6.44363 15.5394 6.18408 15.2825 6.18408 14.9655Z" fill="#EB0203"></path>
                    <path fill-rule="evenodd" clip-rule="evenodd" d="M3.67139 5.77914C3.67139 5.46223 3.93094 5.20532 4.25111 5.20532H4.63759C4.95776 5.20532 5.21731 5.46223 5.21731 5.77914C5.21731 6.09606 4.95776 6.35297 4.63759 6.35297H4.25111C3.93094 6.35297 3.67139 6.09606 3.67139 5.77914Z" fill="#EB0203"></path>
                    <path fill-rule="evenodd" clip-rule="evenodd" d="M3.67139 11.9034C3.67139 11.5865 3.93094 11.3296 4.25111 11.3296H4.63759C4.95776 11.3296 5.21731 11.5865 5.21731 11.9034C5.21731 12.2202 4.95776 12.4771 4.63759 12.4771H4.25111C3.93094 12.4771 3.67139 12.2202 3.67139 11.9034Z" fill="#EB0203"></path>
                    <path fill-rule="evenodd" clip-rule="evenodd" d="M3.67139 8.84116C3.67139 8.52424 3.93094 8.26733 4.25111 8.26733H4.63759C4.95776 8.26733 5.21731 8.52424 5.21731 8.84116C5.21731 9.15807 4.95776 9.41498 4.63759 9.41498H4.25111C3.93094 9.41498 3.67139 9.15807 3.67139 8.84116Z" fill="#EB0203"></path>
                    <path fill-rule="evenodd" clip-rule="evenodd" d="M3.67139 14.9655C3.67139 14.6486 3.93094 14.3917 4.25111 14.3917H4.63759C4.95776 14.3917 5.21731 14.6486 5.21731 14.9655C5.21731 15.2825 4.95776 15.5394 4.63759 15.5394H4.25111C3.93094 15.5394 3.67139 15.2825 3.67139 14.9655Z" fill="#EB0203"></path>
                    <path fill-rule="evenodd" clip-rule="evenodd" d="M0 1.76033C0 0.914738 0.692131 0.229248 1.54592 0.229248H15.0727C15.9265 0.229248 16.6186 0.914738 16.6186 1.76033V11.2818C16.6186 11.5989 16.3591 11.8559 16.0389 11.8559C15.7187 11.8559 15.4592 11.5989 15.4592 11.2818V1.76033C15.4592 1.54893 15.2862 1.37756 15.0727 1.37756H1.54592C1.33247 1.37756 1.15944 1.54893 1.15944 1.76033V18.985C1.15944 19.1964 1.33247 19.3678 1.54592 19.3678H9.27551C9.59568 19.3678 9.85523 19.6249 9.85523 19.942C9.85523 20.2591 9.59568 20.5161 9.27551 20.5161H1.54592C0.692131 20.5161 0 19.8306 0 18.985V1.76033Z" fill="#EB0203"></path>
                    <path fill-rule="evenodd" clip-rule="evenodd" d="M14.6254 13.8718C13.4921 12.8567 11.7821 12.7615 10.6574 13.7147C9.12472 15.0124 9.34891 17.128 10.4413 18.2493L14.0161 21.9126C14.2199 22.1217 14.493 22.2386 14.7824 22.2386C15.0739 22.2386 15.3449 22.1238 15.5487 21.9147L19.1235 18.2514C20.2139 17.13 20.4422 15.0144 18.9075 13.7147C17.7827 12.7634 16.0726 12.8569 14.9392 13.872C14.8856 13.92 14.8333 13.9701 14.7824 14.0222C14.7314 13.97 14.6791 13.9199 14.6254 13.8718ZM18.1546 14.588C19.0972 15.3869 18.9961 16.7262 18.2891 17.4541C18.2888 17.4543 18.2886 17.4546 18.2884 17.4548L14.7834 21.0466L11.2757 17.452C11.2756 17.4519 11.2755 17.4517 11.2753 17.4516C10.5681 16.7252 10.4682 15.3856 11.4108 14.5876L11.4112 14.5872C12.0748 14.0248 13.202 14.0556 13.949 14.8205L14.7824 15.674L15.6158 14.8205C16.3618 14.0567 17.4896 14.0256 18.1545 14.5879" fill="#EB0203"></path>
                    </svg>
                    </button>
                    </div>
                    <div class="col-sm-10 col-12">
                    <div class="ct-tile-quantity d-none" data-pid="5761255">
                    <input type="hidden" class="add-to-cart-url" value="https://www.continente.pt/on/demandware.store/Sites-continente-Site/default/Cart-AddProduct" tabindex="-1">
                    <div class="d-none tile-delete-confirmation-btn" data-pid="5761255" data-delay-time="3000" data-in-cart-msg="no carrinho" data-one-product-added="Adicionado ao carrinho" data-remove-from-cart-msg="Removido do carrinho" data-stay-open="6000.0" data-confirmation-image="{&quot;url&quot;:&quot;https://www.continente.pt/dw/image/v2/BDVS_PRD/on/demandware.static/-/Sites-col-master-catalog/default/dwcccf64e8/images/col/576/5761255-frente.jpg?sw=87&amp;sh=80&quot;,&quot;fallbackimage&quot;:{&quot;url&quot;:&quot;https://www.continente.pt/dw/image/v2/BDVS_PRD/on/demandware.static/Sites-continente-Site/-/default/dw7c42b4da/images/noimagelarge_product.png?sw=87&amp;sh=80&quot;,&quot;title&quot;:&quot;Creme Vegetal Sabor a Manteiga Proactiv&quot;,&quot;alt&quot;:&quot;Creme Vegetal Sabor a Manteiga Proactiv&quot;},&quot;title&quot;:&quot;Creme Vegetal Sabor a Manteiga Proactiv&quot;,&quot;alt&quot;:&quot;Creme Vegetal Sabor a Manteiga Proactiv&quot;}"></div>
                    <div class="ct-tile-quantity-update quantity-update product-qty-vue" data-remove-action="https://www.continente.pt/on/demandware.store/Sites-continente-Site/default/Cart-RemoveProductLineItem" data-action="https://www.continente.pt/on/demandware.store/Sites-continente-Site/default/Cart-UpdateQuantity" data-dimension-update="https://www.continente.pt/on/demandware.store/Sites-continente-Site/default/Cart-DimensionUpdate" data-pid="5761255" data-uuid="cf4d9887501e592515af30e686" data-add-delay="500.0" data-measure-options="{&quot;hasConversionRate&quot;:false,&quot;hasAlternativeSaleUnit&quot;:false,&quot;unitConversionRate&quot;:0,&quot;minOrderQuantity&quot;:1,&quot;stepQuantity&quot;:1,&quot;primaryunit&quot;:&quot;un&quot;,&quot;secondaryunit&quot;:&quot;kg&quot;,&quot;selectedunit&quot;:&quot;primary&quot;,&quot;maxNumberOfUnitsPerSale&quot;:54}" data-price-available="null" :data-has-error="isMaxQtyReached || isMinQtyReached || qtySelectedMoreThanOne">
                    <template v-show="prodUnits">
                    <div class="quantity-input-wrapper has-units">
                    <label class="visually-hidden" :for="'quantity-' + pid + additionalTag">
                    Quantidade no carrinho
                    </label>
                    <input :ref="'quantityInput-' + pid + additionalTag" class="add-to-cart-quantity form-control ct-form-input text-center" inputmode="numeric" :class="{'is-invalid': isInvalid}" :data-pid="pid + additionalTag" :name="'quantity-' + pid + additionalTag" type="text" aria-label="Insira a quantidade" title="" v-model="displayValue" @change="updateQuantity" @focus="updateQtyFormat" @blur="restoreQtyFormat" :disabled="!isPriceAvailable">
                    <span class="quantity-icon quantity-icon--minus">
                    <button class="decrease-quantity-btn" @click="updateQuantity" :disabled="!isPriceAvailable" role="button" aria-label="Reduzir quantidade">
                    <i class="css-math-minus"></i>
                    </button>
                    </span>
                    <span class="quantity-icon quantity-icon--plus">
                    <button class="increase-quantity-btn" @click="updateQuantity" :disabled="isMaxQtyReached || !isPriceAvailable" role="button" aria-label="Aumentar quantidade">
                    <i class="css-math-plus"></i>
                    </button>
                    <span class="quantity-btn-disabled-placeholder"></span>
                    </span>
                    <template v-if="isPDP">
                    <span class="quantity-error ct-span-error text-sm-center product-max-allocation" v-if="isMaxQtyReached">
                    Quantidade máxima atingida
                    </span>
                    <span class="quantity-error ct-span-product text-sm-center product-allocation" v-if="!isMinQtyReached &amp;&amp; !isMaxQtyReached">
                    {{quantitySelected}} no carrinho
                    </span>
                    <span class="quantity-error ct-span-error text-sm-center product-min-allocation" :data-pid="pid" v-if="isMinQtyReached &amp;&amp; !isMaxQtyReached">
                    Quantidade mínima atingida
                    </span>
                    </template>
                    </div>
                    <template v-if="showNotes">
                    <div class="add-note-link-container ">
                    <div class="add-note">
                    <a href="/produto/creme-vegetal-sabor-a-manteiga-proactiv-becel-pro-activ-5761255.html?showNote=true" class="ct-add-note-redirect-pdp" aria-label="Adicionar comentário">
                    <span class="svg-wrapper svg-icon-notes" style="width:19px; height:20px">
                    <svg class="svg-inline icon-notes" viewBox="0 0 28 30" xmlns="http://www.w3.org/2000/svg" width="100%" height="100%"><path d="M21.738 0C22.985 0 24 1.04 24 2.319V12.47c0 .469-.37.848-.828.848-.457 0-.827-.38-.827-.848V2.32c0-.343-.273-.622-.607-.622H2.262c-.334 0-.607.279-.607.622V27.68c0 .343.273.622.607.622h7.81c.457 0 .827.38.827.849 0 .468-.37.848-.827.848h-7.81C1.015 30 0 28.96 0 27.681V2.32C0 1.04 1.015 0 2.262 0h19.476zm2.844 16.004l.227.007c.823.053 1.589.39 2.176.964.64.627.993 1.46.993 2.349 0 .888-.353 1.722-.993 2.348l-6.83 6.665c-.11.108-.247.186-.397.226l-5.032 1.363c-.078.021-.16.032-.241.032-.242 0-.478-.097-.647-.266-.23-.231-.314-.566-.218-.874l1.49-4.798c.044-.139.122-.266.227-.369l6.844-6.677c.64-.625 1.493-.97 2.401-.97zm-2.886 3.94l-4.922 4.802-.947 3.048 3.22-.872 4.897-4.78-2.248-2.197zm2.887-2.174c-.425 0-.824.162-1.124.455l-.484.472 2.248 2.197.484-.472c.62-.606.62-1.591 0-2.197l-.117-.104c-.283-.227-.636-.35-1.007-.35zm-10.839.022c.498 0 .904.396.904.883 0 .488-.406.884-.904.884H5.946c-.499 0-.904-.396-.904-.884 0-.487.405-.883.904-.883zm5.042-4.876c.498 0 .904.397.904.884s-.406.884-.904.884H5.946c-.499 0-.904-.397-.904-.884s.405-.884.904-.884zm0-4.875c.498 0 .904.396.904.884 0 .487-.406.883-.904.883H5.946c-.499 0-.904-.396-.904-.883 0-.488.405-.884.904-.884z" fill="#EB0203" fill-rule="evenodd"></path></svg>
                    </span>
                    <div class="available-note d-none"></div>
                    </a>
                    </div>
                    </div>
                    </template>
                    <div class="measurement-unit-section" v-if="isPriceAvailable &amp;&amp; prodUnits ? prodUnits.hasAlternativeUnit : false">
                    <div class="ct-form-radio" @click="setDimension">
                    <input type="radio" title="" class="ct-form-check-input product-measurement-unit" :data-type="prodUnits.selectedUnit == prodUnits.secondaryUnit ? 'primary' : ''" :id="prodUnits.secondaryUnit + '-' + pid + '-measurement-unit-ptile' + additionalTag" :name="'measurement-unit-' + pid + '-ptile' + additionalTag" :value="prodUnits.secondaryUnit" v-model="prodUnits.selectedUnit">
                    <label :class="prodUnits.secondaryUnit + '-label ct-form-check-label mb-0'" :for="prodUnits.secondaryUnit + '-' + pid + '-measurement-unit-ptile' + additionalTag">
                    {{prodUnits.secondaryUnit}}
                    </label>
                    <span class="checkmark"></span>
                    </div>
                    <div class="ct-form-radio" @click="setDimension">
                    <input type="radio" title="" class="ct-form-check-input product-measurement-unit" :data-type="prodUnits.selectedUnit == prodUnits.primaryUnit ? 'primary' : ''" :id="prodUnits.primaryUnit + '-' + pid + '-measurement-unit-ptile' + additionalTag" :name="'measurement-unit-' + pid + '-ptile' + additionalTag" :value="prodUnits.primaryUnit" v-model="prodUnits.selectedUnit">
                    <label :class="prodUnits.primaryUnit + '-label ct-form-check-label mb-0'" :for="prodUnits.primaryUnit + '-' + pid + '-measurement-unit-ptile' + additionalTag">
                    {{prodUnits.primaryUnit}}
                    </label>
                    <span class="checkmark"></span>
                    </div>
                    </div>
                    <template v-if="!isPDP &amp;&amp; isPriceAvailable">
                    <span class="quantity-error ct-span-error product-max-allocation" v-if="isMaxQtyReached">
                    Quantidade máxima atingida
                    </span>
                    <span class="quantity-error ct-span-product product-allocation" v-if="!isMinQtyReached &amp;&amp; !isMaxQtyReached">
                    {{quantitySelected}} no carrinho
                    </span>
                    <span class="quantity-error ct-span-error product-min-allocation" :data-pid="pid" v-if="isMinQtyReached &amp;&amp; !isMaxQtyReached">
                    Quantidade mínima atingida
                    </span>
                    </template>
                    </template>
                    </div>
                    <input class="quantity-value-mask d-none" name="quantity" type="number" min="0" value="" tabindex="-1">
                    </div>
                    <button type="button" class="add-to-cart button js-add-to-cart js-add-to-cart-tile 5761255 button--primary dynamic-layout-btn" data-toggle="modal" data-target="#chooseBonusProductModal" data-pid="5761255" data-quantity-value="null" aria-label="Carrinho" tabindex="-1">
                    <span class="d-block d-sm-none">
                    <span class="svg-wrapper svg-icon-cart" style="width:20px; height:20px">
                    <svg class="svg-inline icon-cart" xmlns="http://www.w3.org/2000/svg" viewBox="0 0 500 500" width="100%" height="100%"><path fill="#EB0203" fill-rule="evenodd" d="M 485.67317,94.386311 C 476.37798,83.847129 463.09468,78.03348 448.30404,78.03348 H 90.690813 L 87.079511,51.327997 C 83.185582,22.539551 62.962285,0 41.011841,0 H 14.727836 C 6.563151,0 0,6.5286975 0,14.580758 c 0,8.05206 6.5945535,14.580758 14.727836,14.580758 h 26.284005 c 4.710398,0 14.696435,9.855222 16.894619,26.021523 L 100.01739,368.0631 c 1.88416,13.77244 9.01256,26.70549 20.1605,36.37417 8.25889,7.15046 18.02511,11.9071 28.26237,13.89679 -4.17655,7.58572 -6.53175,16.25957 -6.53175,25.493 0,29.53459 24.27424,53.59751 54.13815,53.59751 29.8325,0 54.13814,-24.03184 54.13814,-53.59751 0,-8.79818 -2.19818,-17.09897 -5.9979,-24.43598 h 77.12488 c -3.79973,7.33701 -5.96652,15.6378 -5.96652,24.43598 0,29.53459 24.27424,53.59751 54.13817,53.59751 29.83249,0 54.13814,-24.03184 54.13814,-53.59751 0,-8.79818 -2.1982,-17.09897 -5.9979,-24.43598 h 38.56243 c 8.13328,0 14.72783,-6.5287 14.72783,-14.61183 0,-8.02098 -6.59455,-14.54967 -14.72783,-14.54967 H 159.24277 c -14.38241,0 -28.13677,-11.90711 -30.02092,-26.02153 l -3.07746,-22.88154 h 290.6314 c 14.03698,0 27.94834,-5.28513 39.06488,-14.95381 11.11652,-9.6376 18.27632,-22.57065 20.16048,-36.37417 l 21.10259,-156.78201 c 1.94694,-14.51858 -2.10398,-28.29103 -11.43057,-38.861299 z M 220.76053,443.82706 c 0,13.49265 -11.08513,24.46709 -24.68247,24.46709 -13.62874,0 -24.71387,-10.97444 -24.71387,-24.46709 0,-13.49262 11.08513,-24.43598 24.71387,-24.43598 13.59734,0 24.68247,10.94336 24.68247,24.43598 z m 173.43675,0 c 0,13.49265 -11.08512,24.46709 -24.68245,24.46709 -13.62876,0 -24.71388,-10.97444 -24.71388,-24.46709 0,-13.49262 11.08512,-24.43598 24.71388,-24.43598 13.59733,0 24.68245,10.94336 24.68245,24.43598 z m 73.7648,-314.46558 -21.13397,156.782 c -1.88416,14.11442 -15.63851,26.05261 -30.02091,26.05261 H 122.25046 L 94.616142,107.19499 H 448.33544 c 6.18632,0 11.61896,2.2695 15.23028,6.37326 3.64269,4.13484 5.21283,9.73086 4.39636,15.79323 z"></path></svg>
                    </span>
                    </span>
                    <span class="add-to-cart--text d-none d-sm-block">Carrinho</span>
                    </button>
                    </div>
                    </div>
                    </div>
                    </div>
                    
                    <div class="col-12 d-sm-none">
                    </div>
                    </div>
                    </div>
                    </div>
                    </div><div class="pd-tile-wrap slick-slide slick-cloned" data-idx="10" style="width: 276px; height: auto;" data-slick-index="-1" id="" aria-hidden="true" tabindex="-1">
                    
                    <script type="text/javascript">//<!--
                    /* <![CDATA[ */
                    (function(){
                    try {
                        if(window.CQuotient) {
                            var cq_params = {};
                            cq_params.cookieId = window.CQuotient.getCQCookieId();
                            cq_params.userId = window.CQuotient.getCQUserId();
                            cq_params.emailId = CQuotient.getCQHashedEmail();
                            cq_params.loginId = CQuotient.getCQHashedLogin();
                            cq_params.accumulate = true;
                            cq_params.products = [{
                                id: '7632255',
                                sku: '',
                                type: '',
                                alt_id: ''
                            }];
                            cq_params.recommenderName = '__UNDEFINED__';
                            cq_params.realm = "BDVS";
                            cq_params.siteId = "continente";
                            cq_params.instanceType = "prd";
                            cq_params.locale = window.CQuotient.locale;
                            cq_params.slotId = '';
                            cq_params.slotConfigId = '';
                            cq_params.slotConfigTemplate = '';
                            if(window.CQuotient.sendActivity)
                                window.CQuotient.sendActivity( CQuotient.clientId, 'viewReco', cq_params );
                            else
                                window.CQuotient.activities.push( {activityType: 'viewReco', parameters: cq_params} );
                        }
                    } catch(err) {}
                    })();
                    /* ]]> */
                    // -->
                    </script>
                    <script type="text/javascript">//<!--
                    /* <![CDATA[ (viewProduct-active_data.js) */
                    dw.ac._capture({id: "7632255", type: "recommendation"});
                    /* ]]> */
                    // -->
                    </script>
                    <div class="product" data-pid="7632255">
                    <div class="product-tile pid-7632255   ct-product-tile " data-delay-time="3000" data-variants-mapping="[]" data-in-cart-msg="no carrinho" data-one-product-added="Adicionado ao carrinho" data-remove-from-cart-msg="Removido do carrinho" data-stay-open="6000.0" data-product-tile-impression="{&quot;name&quot;:&quot;7632255&quot;,&quot;id&quot;:&quot;7632255&quot;,&quot;price&quot;:1.89,&quot;brand&quot;:&quot;Alpro&quot;,&quot;category&quot;:[{&quot;category_level_1&quot;:&quot;Laticínios e Ovos&quot;},{&quot;category_level_2&quot;:&quot;Bebidas Vegetais&quot;},{&quot;category_level_3&quot;:&quot;Bebida Aveia&quot;}],&quot;variant&quot;:&quot;&quot;}">
                    <div class="ct-inner-tile-wrap row no-gutters justify-content-center align-content-start">
                    <div class="ct-product-tile-badge ct-product-tile-badge--promotional">
                    <img class="img-fluid lazyloaded" loading="lazy" data-src="https://www.continente.pt/dw/image/v2/BDVS_PRD/on/demandware.static/-/Sites-continente-Library/default/dwf5980f2e/images/badges/pvpr/col/pvpr.png?sw=60&amp;sh=42" alt="PVP Recomendado: €2,39/un" title="PVP Recomendado: €2,39/un" src="https://www.continente.pt/dw/image/v2/BDVS_PRD/on/demandware.static/-/Sites-continente-Library/default/dwf5980f2e/images/badges/pvpr/col/pvpr.png?sw=60&amp;sh=42">
                    <div class="ct-product-tile-badge-value-wrapper ct-product-tile-badge-value-wrapper--pvpr  ">
                    <span class="ct-product-tile-badge-value--pvpr">
                    20
                    </span>
                    <span class="ct-product-tile-badge-value--pvpr-quantifier ">
                    %
                    </span>
                    </div>
                    </div>
                    
                    <div class="ct-image-container col-4 col-sm" data-confirmation-image="{&quot;url&quot;:&quot;https://www.continente.pt/dw/image/v2/BDVS_PRD/on/demandware.static/-/Sites-col-master-catalog/default/dw4ad11b46/images/col/763/7632255-frente.jpg?sw=87&amp;sh=80&quot;,&quot;fallbackimage&quot;:{&quot;url&quot;:&quot;https://www.continente.pt/dw/image/v2/BDVS_PRD/on/demandware.static/Sites-continente-Site/-/default/dw7c42b4da/images/noimagelarge_product.png?sw=87&amp;sh=80&quot;,&quot;title&quot;:&quot;Bebida Vegetal de Aveia Sabor a Leite&quot;,&quot;alt&quot;:&quot;Bebida Vegetal de Aveia Sabor a Leite&quot;},&quot;title&quot;:&quot;Bebida Vegetal de Aveia Sabor a Leite&quot;,&quot;alt&quot;:&quot;Bebida Vegetal de Aveia Sabor a Leite&quot;}">
                    <a href="https://www.continente.pt/produto/bebida-vegetal-de-aveia-sabor-a-leite-alpro-7632255.html?cgid=home" tabindex="-1">
                    <picture class="intrinsic intrinsic--square">
                    <img class="ct-tile-image lazyloaded" loading="lazy" onerror="this.onerror=null;this.src='/on/demandware.static/Sites-continente-Site/-/default/dw7c42b4da/images/noimagelarge_product.png';" data-src="https://www.continente.pt/dw/image/v2/BDVS_PRD/on/demandware.static/-/Sites-col-master-catalog/default/dw4ad11b46/images/col/763/7632255-frente.jpg?sw=280&amp;sh=280" alt="Bebida Vegetal de Aveia Sabor a Leite" title="Bebida Vegetal de Aveia Sabor a Leite" src="https://www.continente.pt/dw/image/v2/BDVS_PRD/on/demandware.static/-/Sites-col-master-catalog/default/dw4ad11b46/images/col/763/7632255-frente.jpg?sw=280&amp;sh=280">
                    </picture>
                    </a>
                    <div class="color-swatches d-flex" style="margin-left: 5px;">
                    <div class="swatches d-flex">
                    </div>
                    </div>
                    </div>
                    <div class="ct-tile-body col col-sm-auto ">
                    <div class="ct-pdp-details">
                    <div class="ct-pdp-link">
                    <a class="ct-tile--description" href="https://www.continente.pt/produto/bebida-vegetal-de-aveia-sabor-a-leite-alpro-7632255.html?cgid=home" tabindex="-1">Bebida Vegetal de Aveia Sabor a Leite</a>
                    <div class="ct-tile--favorite-top d-sm-none">
                    <button class="wishlist-toggler guest-mode inactive button button--tertiary" data-pid="7632255" data-add-url="https://www.continente.pt/on/demandware.store/Sites-continente-Site/default/Wishlist-AddProduct?pid=7632255" data-toggle="tooltip" aria-label="Adicionar aos favoritos " data-original-title="Adicionar aos favoritos" data-placement="top" tabindex="-1">
                    <svg class="active-content" width="100%" height="100%" viewBox="0 0 20 22" fill="none" xmlns="http://www.w3.org/2000/svg">
                    <path fill-rule="evenodd" clip-rule="evenodd" d="M0 1.53052C0 0.685236 0.692171 0 1.54601 0H15.0736C15.9274 0 16.6196 0.685235 16.6196 1.53052V13.4064L15.8127 13.922L14.2658 14.2658L12.7189 13.4064L10.6054 14.3818C10.4994 14.2451 10.3327 14.157 10.1452 14.157H6.76329C6.4431 14.157 6.18354 14.414 6.18354 14.731C6.18354 15.0479 6.4431 15.3049 6.76329 15.3049H10.1452C10.2478 15.3049 10.3441 15.2785 10.4277 15.2322L10.3126 16.8439L13.2345 20.2793H1.54601C0.69217 20.2793 0 19.5941 0 18.7488V1.53052ZM6.18354 5.5483C6.18354 5.23132 6.4431 4.97436 6.76329 4.97436H12.3676C12.6878 4.97436 12.9473 5.23132 12.9473 5.5483C12.9473 5.86528 12.6878 6.12224 12.3676 6.12224H6.76329C6.4431 6.12224 6.18354 5.86528 6.18354 5.5483ZM6.76329 11.0961C6.4431 11.0961 6.18354 11.3531 6.18354 11.6701C6.18354 11.987 6.4431 12.244 6.76329 12.244H12.3676C12.6878 12.244 12.9473 11.987 12.9473 11.6701C12.9473 11.3531 12.6878 11.0961 12.3676 11.0961H6.76329ZM6.18354 8.60985C6.18354 8.29287 6.4431 8.03591 6.76329 8.03591H12.3676C12.6878 8.03591 12.9473 8.29287 12.9473 8.60985C12.9473 8.92684 12.6878 9.1838 12.3676 9.1838H6.76329C6.4431 9.1838 6.18354 8.92684 6.18354 8.60985ZM3.67118 5.5483C3.67118 5.23132 3.93075 4.97436 4.25093 4.97436H4.63743C4.95762 4.97436 5.21719 5.23132 5.21719 5.5483C5.21719 5.86528 4.95762 6.12224 4.63743 6.12224H4.25093C3.93075 6.12224 3.67118 5.86528 3.67118 5.5483ZM4.25093 11.0961C3.93075 11.0961 3.67118 11.3531 3.67118 11.6701C3.67118 11.987 3.93075 12.244 4.25093 12.244H4.63743C4.95762 12.244 5.21719 11.987 5.21719 11.6701C5.21719 11.3531 4.95762 11.0961 4.63743 11.0961H4.25093ZM3.67118 8.60985C3.67118 8.29287 3.93075 8.03591 4.25093 8.03591H4.63743C4.95762 8.03591 5.21719 8.29287 5.21719 8.60985C5.21719 8.92684 4.95762 9.1838 4.63743 9.1838H4.25093C3.93075 9.1838 3.67118 8.92684 3.67118 8.60985ZM4.25093 14.157C3.93075 14.157 3.67118 14.414 3.67118 14.731C3.67118 15.0479 3.93075 15.3049 4.25093 15.3049H4.63743C4.95762 15.3049 5.21719 15.0479 5.21719 14.731C5.21719 14.414 4.95762 14.157 4.63743 14.157H4.25093Z" fill="#EB0203"></path>
                    <path fill-rule="evenodd" clip-rule="evenodd" d="M14.6252 13.6363C13.4918 12.6215 11.7817 12.5264 10.6569 13.4792C9.12421 14.7764 9.34841 16.8912 10.4409 18.0122L14.0159 21.6742C14.2197 21.8832 14.4928 22 14.7822 22C15.0737 22 15.3448 21.8852 15.5486 21.6762L19.1236 18.0142C20.214 16.8933 20.4423 14.7785 18.9075 13.4792C17.7827 12.5283 16.0724 12.6217 14.9391 13.6365C14.8855 13.6845 14.8331 13.7345 14.7822 13.7866C14.7313 13.7345 14.6789 13.6843 14.6252 13.6363ZM18.1546 14.3522C19.0973 15.1508 18.9962 16.4896 18.2891 17.2173C18.2888 17.2175 18.2886 17.2177 18.2884 17.218L14.7832 20.8084L11.2753 17.2151C11.2752 17.215 11.2751 17.2149 11.2749 17.2148C10.5677 16.4887 10.4678 15.1495 11.4104 14.3518L11.4108 14.3514C12.0745 13.7892 13.2018 13.82 13.9488 14.5846L14.7822 15.4378L15.6157 14.5846C16.3617 13.8211 17.4896 13.79 18.1545 14.3521" fill="#EB0203"></path>
                    </svg>
                    <svg class="inactive-content" width="100%" height="100%" viewBox="0 0 20 23" fill="none" xmlns="http://www.w3.org/2000/svg">
                    <path fill-rule="evenodd" clip-rule="evenodd" d="M6.18408 5.77914C6.18408 5.46223 6.44363 5.20532 6.7638 5.20532H12.3678C12.6879 5.20532 12.9475 5.46223 12.9475 5.77914C12.9475 6.09606 12.6879 6.35297 12.3678 6.35297H6.7638C6.44363 6.35297 6.18408 6.09606 6.18408 5.77914Z" fill="#EB0203"></path>
                    <path fill-rule="evenodd" clip-rule="evenodd" d="M6.18408 11.9034C6.18408 11.5865 6.44363 11.3296 6.7638 11.3296H12.3678C12.6879 11.3296 12.9475 11.5865 12.9475 11.9034C12.9475 12.2202 12.6879 12.4771 12.3678 12.4771H6.7638C6.44363 12.4771 6.18408 12.2202 6.18408 11.9034Z" fill="#EB0203"></path>
                    <path fill-rule="evenodd" clip-rule="evenodd" d="M6.18408 8.84116C6.18408 8.52424 6.44363 8.26733 6.7638 8.26733H12.3678C12.6879 8.26733 12.9475 8.52424 12.9475 8.84116C12.9475 9.15807 12.6879 9.41498 12.3678 9.41498H6.7638C6.44363 9.41498 6.18408 9.15807 6.18408 8.84116Z" fill="#EB0203"></path>
                    <path fill-rule="evenodd" clip-rule="evenodd" d="M6.18408 14.9655C6.18408 14.6486 6.44363 14.3917 6.7638 14.3917H10.1455C10.4657 14.3917 10.7252 14.6486 10.7252 14.9655C10.7252 15.2825 10.4657 15.5394 10.1455 15.5394H6.7638C6.44363 15.5394 6.18408 15.2825 6.18408 14.9655Z" fill="#EB0203"></path>
                    <path fill-rule="evenodd" clip-rule="evenodd" d="M3.67139 5.77914C3.67139 5.46223 3.93094 5.20532 4.25111 5.20532H4.63759C4.95776 5.20532 5.21731 5.46223 5.21731 5.77914C5.21731 6.09606 4.95776 6.35297 4.63759 6.35297H4.25111C3.93094 6.35297 3.67139 6.09606 3.67139 5.77914Z" fill="#EB0203"></path>
                    <path fill-rule="evenodd" clip-rule="evenodd" d="M3.67139 11.9034C3.67139 11.5865 3.93094 11.3296 4.25111 11.3296H4.63759C4.95776 11.3296 5.21731 11.5865 5.21731 11.9034C5.21731 12.2202 4.95776 12.4771 4.63759 12.4771H4.25111C3.93094 12.4771 3.67139 12.2202 3.67139 11.9034Z" fill="#EB0203"></path>
                    <path fill-rule="evenodd" clip-rule="evenodd" d="M3.67139 8.84116C3.67139 8.52424 3.93094 8.26733 4.25111 8.26733H4.63759C4.95776 8.26733 5.21731 8.52424 5.21731 8.84116C5.21731 9.15807 4.95776 9.41498 4.63759 9.41498H4.25111C3.93094 9.41498 3.67139 9.15807 3.67139 8.84116Z" fill="#EB0203"></path>
                    <path fill-rule="evenodd" clip-rule="evenodd" d="M3.67139 14.9655C3.67139 14.6486 3.93094 14.3917 4.25111 14.3917H4.63759C4.95776 14.3917 5.21731 14.6486 5.21731 14.9655C5.21731 15.2825 4.95776 15.5394 4.63759 15.5394H4.25111C3.93094 15.5394 3.67139 15.2825 3.67139 14.9655Z" fill="#EB0203"></path>
                    <path fill-rule="evenodd" clip-rule="evenodd" d="M0 1.76033C0 0.914738 0.692131 0.229248 1.54592 0.229248H15.0727C15.9265 0.229248 16.6186 0.914738 16.6186 1.76033V11.2818C16.6186 11.5989 16.3591 11.8559 16.0389 11.8559C15.7187 11.8559 15.4592 11.5989 15.4592 11.2818V1.76033C15.4592 1.54893 15.2862 1.37756 15.0727 1.37756H1.54592C1.33247 1.37756 1.15944 1.54893 1.15944 1.76033V18.985C1.15944 19.1964 1.33247 19.3678 1.54592 19.3678H9.27551C9.59568 19.3678 9.85523 19.6249 9.85523 19.942C9.85523 20.2591 9.59568 20.5161 9.27551 20.5161H1.54592C0.692131 20.5161 0 19.8306 0 18.985V1.76033Z" fill="#EB0203"></path>
                    <path fill-rule="evenodd" clip-rule="evenodd" d="M14.6254 13.8718C13.4921 12.8567 11.7821 12.7615 10.6574 13.7147C9.12472 15.0124 9.34891 17.128 10.4413 18.2493L14.0161 21.9126C14.2199 22.1217 14.493 22.2386 14.7824 22.2386C15.0739 22.2386 15.3449 22.1238 15.5487 21.9147L19.1235 18.2514C20.2139 17.13 20.4422 15.0144 18.9075 13.7147C17.7827 12.7634 16.0726 12.8569 14.9392 13.872C14.8856 13.92 14.8333 13.9701 14.7824 14.0222C14.7314 13.97 14.6791 13.9199 14.6254 13.8718ZM18.1546 14.588C19.0972 15.3869 18.9961 16.7262 18.2891 17.4541C18.2888 17.4543 18.2886 17.4546 18.2884 17.4548L14.7834 21.0466L11.2757 17.452C11.2756 17.4519 11.2755 17.4517 11.2753 17.4516C10.5681 16.7252 10.4682 15.3856 11.4108 14.5876L11.4112 14.5872C12.0748 14.0248 13.202 14.0556 13.949 14.8205L14.7824 15.674L15.6158 14.8205C16.3618 14.0567 17.4896 14.0256 18.1545 14.5879" fill="#EB0203"></path>
                    </svg>
                    </button>
                    </div>
                    </div>
                    <p class="ct-tile--brand">Alpro</p>
                    <p class="ct-tile--quantity">emb. 1 lt</p>
                    </div>
                    <div class="ct-tile-bottom row no-gutters justify-content-between">
                    <div class="ct-price-wrap col-8 col-sm-12">
                    <div class="price js-product-price">
                    <div class="prices-wrapper">
                    <span class="sales ct-tile--price-primary ">
                    <span class="value" content="1.89">
                    <span class="ct-price-formatted">
                    €1,89
                    </span>
                    <span class="ct-m-unit">
                    /un
                    </span>
                    </span>
                    </span>
                    </div>
                     <div class="ct-tile--price-secondary">
                    <span class="ct-price-value">
                    €1,89
                    </span>
                    <span class="ct-m-unit">
                    /lt
                    </span>
                    </div>
                    <p class="ct-discount-amount ct-discount-amount-pvpr">PVP Recomendado: €2,39/un</p>
                    </div>
                    </div>
                    <div class="ct-tile-buy-section d-flex justify-content-center no-gutters col-auto col-sm-12">
                    <div class="col-2 d-sm-flex d-none">
                    <button class="wishlist-toggler guest-mode inactive button button--tertiary" data-pid="7632255" data-add-url="https://www.continente.pt/on/demandware.store/Sites-continente-Site/default/Wishlist-AddProduct?pid=7632255" data-toggle="tooltip" aria-label="Adicionar aos favoritos " data-original-title="Adicionar aos favoritos" data-placement="top" tabindex="-1">
                    <svg class="active-content" width="100%" height="100%" viewBox="0 0 20 22" fill="none" xmlns="http://www.w3.org/2000/svg">
                    <path fill-rule="evenodd" clip-rule="evenodd" d="M0 1.53052C0 0.685236 0.692171 0 1.54601 0H15.0736C15.9274 0 16.6196 0.685235 16.6196 1.53052V13.4064L15.8127 13.922L14.2658 14.2658L12.7189 13.4064L10.6054 14.3818C10.4994 14.2451 10.3327 14.157 10.1452 14.157H6.76329C6.4431 14.157 6.18354 14.414 6.18354 14.731C6.18354 15.0479 6.4431 15.3049 6.76329 15.3049H10.1452C10.2478 15.3049 10.3441 15.2785 10.4277 15.2322L10.3126 16.8439L13.2345 20.2793H1.54601C0.69217 20.2793 0 19.5941 0 18.7488V1.53052ZM6.18354 5.5483C6.18354 5.23132 6.4431 4.97436 6.76329 4.97436H12.3676C12.6878 4.97436 12.9473 5.23132 12.9473 5.5483C12.9473 5.86528 12.6878 6.12224 12.3676 6.12224H6.76329C6.4431 6.12224 6.18354 5.86528 6.18354 5.5483ZM6.76329 11.0961C6.4431 11.0961 6.18354 11.3531 6.18354 11.6701C6.18354 11.987 6.4431 12.244 6.76329 12.244H12.3676C12.6878 12.244 12.9473 11.987 12.9473 11.6701C12.9473 11.3531 12.6878 11.0961 12.3676 11.0961H6.76329ZM6.18354 8.60985C6.18354 8.29287 6.4431 8.03591 6.76329 8.03591H12.3676C12.6878 8.03591 12.9473 8.29287 12.9473 8.60985C12.9473 8.92684 12.6878 9.1838 12.3676 9.1838H6.76329C6.4431 9.1838 6.18354 8.92684 6.18354 8.60985ZM3.67118 5.5483C3.67118 5.23132 3.93075 4.97436 4.25093 4.97436H4.63743C4.95762 4.97436 5.21719 5.23132 5.21719 5.5483C5.21719 5.86528 4.95762 6.12224 4.63743 6.12224H4.25093C3.93075 6.12224 3.67118 5.86528 3.67118 5.5483ZM4.25093 11.0961C3.93075 11.0961 3.67118 11.3531 3.67118 11.6701C3.67118 11.987 3.93075 12.244 4.25093 12.244H4.63743C4.95762 12.244 5.21719 11.987 5.21719 11.6701C5.21719 11.3531 4.95762 11.0961 4.63743 11.0961H4.25093ZM3.67118 8.60985C3.67118 8.29287 3.93075 8.03591 4.25093 8.03591H4.63743C4.95762 8.03591 5.21719 8.29287 5.21719 8.60985C5.21719 8.92684 4.95762 9.1838 4.63743 9.1838H4.25093C3.93075 9.1838 3.67118 8.92684 3.67118 8.60985ZM4.25093 14.157C3.93075 14.157 3.67118 14.414 3.67118 14.731C3.67118 15.0479 3.93075 15.3049 4.25093 15.3049H4.63743C4.95762 15.3049 5.21719 15.0479 5.21719 14.731C5.21719 14.414 4.95762 14.157 4.63743 14.157H4.25093Z" fill="#EB0203"></path>
                    <path fill-rule="evenodd" clip-rule="evenodd" d="M14.6252 13.6363C13.4918 12.6215 11.7817 12.5264 10.6569 13.4792C9.12421 14.7764 9.34841 16.8912 10.4409 18.0122L14.0159 21.6742C14.2197 21.8832 14.4928 22 14.7822 22C15.0737 22 15.3448 21.8852 15.5486 21.6762L19.1236 18.0142C20.214 16.8933 20.4423 14.7785 18.9075 13.4792C17.7827 12.5283 16.0724 12.6217 14.9391 13.6365C14.8855 13.6845 14.8331 13.7345 14.7822 13.7866C14.7313 13.7345 14.6789 13.6843 14.6252 13.6363ZM18.1546 14.3522C19.0973 15.1508 18.9962 16.4896 18.2891 17.2173C18.2888 17.2175 18.2886 17.2177 18.2884 17.218L14.7832 20.8084L11.2753 17.2151C11.2752 17.215 11.2751 17.2149 11.2749 17.2148C10.5677 16.4887 10.4678 15.1495 11.4104 14.3518L11.4108 14.3514C12.0745 13.7892 13.2018 13.82 13.9488 14.5846L14.7822 15.4378L15.6157 14.5846C16.3617 13.8211 17.4896 13.79 18.1545 14.3521" fill="#EB0203"></path>
                    </svg>
                    <svg class="inactive-content" width="100%" height="100%" viewBox="0 0 20 23" fill="none" xmlns="http://www.w3.org/2000/svg">
                    <path fill-rule="evenodd" clip-rule="evenodd" d="M6.18408 5.77914C6.18408 5.46223 6.44363 5.20532 6.7638 5.20532H12.3678C12.6879 5.20532 12.9475 5.46223 12.9475 5.77914C12.9475 6.09606 12.6879 6.35297 12.3678 6.35297H6.7638C6.44363 6.35297 6.18408 6.09606 6.18408 5.77914Z" fill="#EB0203"></path>
                    <path fill-rule="evenodd" clip-rule="evenodd" d="M6.18408 11.9034C6.18408 11.5865 6.44363 11.3296 6.7638 11.3296H12.3678C12.6879 11.3296 12.9475 11.5865 12.9475 11.9034C12.9475 12.2202 12.6879 12.4771 12.3678 12.4771H6.7638C6.44363 12.4771 6.18408 12.2202 6.18408 11.9034Z" fill="#EB0203"></path>
                    <path fill-rule="evenodd" clip-rule="evenodd" d="M6.18408 8.84116C6.18408 8.52424 6.44363 8.26733 6.7638 8.26733H12.3678C12.6879 8.26733 12.9475 8.52424 12.9475 8.84116C12.9475 9.15807 12.6879 9.41498 12.3678 9.41498H6.7638C6.44363 9.41498 6.18408 9.15807 6.18408 8.84116Z" fill="#EB0203"></path>
                    <path fill-rule="evenodd" clip-rule="evenodd" d="M6.18408 14.9655C6.18408 14.6486 6.44363 14.3917 6.7638 14.3917H10.1455C10.4657 14.3917 10.7252 14.6486 10.7252 14.9655C10.7252 15.2825 10.4657 15.5394 10.1455 15.5394H6.7638C6.44363 15.5394 6.18408 15.2825 6.18408 14.9655Z" fill="#EB0203"></path>
                    <path fill-rule="evenodd" clip-rule="evenodd" d="M3.67139 5.77914C3.67139 5.46223 3.93094 5.20532 4.25111 5.20532H4.63759C4.95776 5.20532 5.21731 5.46223 5.21731 5.77914C5.21731 6.09606 4.95776 6.35297 4.63759 6.35297H4.25111C3.93094 6.35297 3.67139 6.09606 3.67139 5.77914Z" fill="#EB0203"></path>
                    <path fill-rule="evenodd" clip-rule="evenodd" d="M3.67139 11.9034C3.67139 11.5865 3.93094 11.3296 4.25111 11.3296H4.63759C4.95776 11.3296 5.21731 11.5865 5.21731 11.9034C5.21731 12.2202 4.95776 12.4771 4.63759 12.4771H4.25111C3.93094 12.4771 3.67139 12.2202 3.67139 11.9034Z" fill="#EB0203"></path>
                    <path fill-rule="evenodd" clip-rule="evenodd" d="M3.67139 8.84116C3.67139 8.52424 3.93094 8.26733 4.25111 8.26733H4.63759C4.95776 8.26733 5.21731 8.52424 5.21731 8.84116C5.21731 9.15807 4.95776 9.41498 4.63759 9.41498H4.25111C3.93094 9.41498 3.67139 9.15807 3.67139 8.84116Z" fill="#EB0203"></path>
                    <path fill-rule="evenodd" clip-rule="evenodd" d="M3.67139 14.9655C3.67139 14.6486 3.93094 14.3917 4.25111 14.3917H4.63759C4.95776 14.3917 5.21731 14.6486 5.21731 14.9655C5.21731 15.2825 4.95776 15.5394 4.63759 15.5394H4.25111C3.93094 15.5394 3.67139 15.2825 3.67139 14.9655Z" fill="#EB0203"></path>
                    <path fill-rule="evenodd" clip-rule="evenodd" d="M0 1.76033C0 0.914738 0.692131 0.229248 1.54592 0.229248H15.0727C15.9265 0.229248 16.6186 0.914738 16.6186 1.76033V11.2818C16.6186 11.5989 16.3591 11.8559 16.0389 11.8559C15.7187 11.8559 15.4592 11.5989 15.4592 11.2818V1.76033C15.4592 1.54893 15.2862 1.37756 15.0727 1.37756H1.54592C1.33247 1.37756 1.15944 1.54893 1.15944 1.76033V18.985C1.15944 19.1964 1.33247 19.3678 1.54592 19.3678H9.27551C9.59568 19.3678 9.85523 19.6249 9.85523 19.942C9.85523 20.2591 9.59568 20.5161 9.27551 20.5161H1.54592C0.692131 20.5161 0 19.8306 0 18.985V1.76033Z" fill="#EB0203"></path>
                    <path fill-rule="evenodd" clip-rule="evenodd" d="M14.6254 13.8718C13.4921 12.8567 11.7821 12.7615 10.6574 13.7147C9.12472 15.0124 9.34891 17.128 10.4413 18.2493L14.0161 21.9126C14.2199 22.1217 14.493 22.2386 14.7824 22.2386C15.0739 22.2386 15.3449 22.1238 15.5487 21.9147L19.1235 18.2514C20.2139 17.13 20.4422 15.0144 18.9075 13.7147C17.7827 12.7634 16.0726 12.8569 14.9392 13.872C14.8856 13.92 14.8333 13.9701 14.7824 14.0222C14.7314 13.97 14.6791 13.9199 14.6254 13.8718ZM18.1546 14.588C19.0972 15.3869 18.9961 16.7262 18.2891 17.4541C18.2888 17.4543 18.2886 17.4546 18.2884 17.4548L14.7834 21.0466L11.2757 17.452C11.2756 17.4519 11.2755 17.4517 11.2753 17.4516C10.5681 16.7252 10.4682 15.3856 11.4108 14.5876L11.4112 14.5872C12.0748 14.0248 13.202 14.0556 13.949 14.8205L14.7824 15.674L15.6158 14.8205C16.3618 14.0567 17.4896 14.0256 18.1545 14.5879" fill="#EB0203"></path>
                    </svg>
                    </button>
                    </div>
                    <div class="col-sm-10 col-12">
                    <div class="ct-tile-quantity d-none" data-pid="7632255">
                    <input type="hidden" class="add-to-cart-url" value="https://www.continente.pt/on/demandware.store/Sites-continente-Site/default/Cart-AddProduct" tabindex="-1">
                    <div class="d-none tile-delete-confirmation-btn" data-pid="7632255" data-delay-time="3000" data-in-cart-msg="no carrinho" data-one-product-added="Adicionado ao carrinho" data-remove-from-cart-msg="Removido do carrinho" data-stay-open="6000.0" data-confirmation-image="{&quot;url&quot;:&quot;https://www.continente.pt/dw/image/v2/BDVS_PRD/on/demandware.static/-/Sites-col-master-catalog/default/dw4ad11b46/images/col/763/7632255-frente.jpg?sw=87&amp;sh=80&quot;,&quot;fallbackimage&quot;:{&quot;url&quot;:&quot;https://www.continente.pt/dw/image/v2/BDVS_PRD/on/demandware.static/Sites-continente-Site/-/default/dw7c42b4da/images/noimagelarge_product.png?sw=87&amp;sh=80&quot;,&quot;title&quot;:&quot;Bebida Vegetal de Aveia Sabor a Leite&quot;,&quot;alt&quot;:&quot;Bebida Vegetal de Aveia Sabor a Leite&quot;},&quot;title&quot;:&quot;Bebida Vegetal de Aveia Sabor a Leite&quot;,&quot;alt&quot;:&quot;Bebida Vegetal de Aveia Sabor a Leite&quot;}"></div>
                    <div class="ct-tile-quantity-update quantity-update product-qty-vue" data-remove-action="https://www.continente.pt/on/demandware.store/Sites-continente-Site/default/Cart-RemoveProductLineItem" data-action="https://www.continente.pt/on/demandware.store/Sites-continente-Site/default/Cart-UpdateQuantity" data-dimension-update="https://www.continente.pt/on/demandware.store/Sites-continente-Site/default/Cart-DimensionUpdate" data-pid="7632255" data-uuid="9816bae40d18a323b0f5a09590" data-add-delay="500.0" data-measure-options="{&quot;hasConversionRate&quot;:false,&quot;hasAlternativeSaleUnit&quot;:false,&quot;unitConversionRate&quot;:0,&quot;minOrderQuantity&quot;:1,&quot;stepQuantity&quot;:1,&quot;primaryunit&quot;:&quot;un&quot;,&quot;secondaryunit&quot;:&quot;lt&quot;,&quot;selectedunit&quot;:&quot;primary&quot;,&quot;maxNumberOfUnitsPerSale&quot;:50}" data-price-available="null" :data-has-error="isMaxQtyReached || isMinQtyReached || qtySelectedMoreThanOne">
                    <template v-show="prodUnits">
                    <div class="quantity-input-wrapper has-units">
                    <label class="visually-hidden" :for="'quantity-' + pid + additionalTag">
                    Quantidade no carrinho
                    </label>
                    <input :ref="'quantityInput-' + pid + additionalTag" class="add-to-cart-quantity form-control ct-form-input text-center" inputmode="numeric" :class="{'is-invalid': isInvalid}" :data-pid="pid + additionalTag" :name="'quantity-' + pid + additionalTag" type="text" aria-label="Insira a quantidade" title="" v-model="displayValue" @change="updateQuantity" @focus="updateQtyFormat" @blur="restoreQtyFormat" :disabled="!isPriceAvailable">
                    <span class="quantity-icon quantity-icon--minus">
                    <button class="decrease-quantity-btn" @click="updateQuantity" :disabled="!isPriceAvailable" role="button" aria-label="Reduzir quantidade">
                    <i class="css-math-minus"></i>
                    </button>
                    </span>
                    <span class="quantity-icon quantity-icon--plus">
                    <button class="increase-quantity-btn" @click="updateQuantity" :disabled="isMaxQtyReached || !isPriceAvailable" role="button" aria-label="Aumentar quantidade">
                    <i class="css-math-plus"></i>
                    </button>
                     <span class="quantity-btn-disabled-placeholder"></span>
                    </span>
                    <template v-if="isPDP">
                    <span class="quantity-error ct-span-error text-sm-center product-max-allocation" v-if="isMaxQtyReached">
                    Quantidade máxima atingida
                    </span>
                    <span class="quantity-error ct-span-product text-sm-center product-allocation" v-if="!isMinQtyReached &amp;&amp; !isMaxQtyReached">
                    {{quantitySelected}} no carrinho
                    </span>
                    <span class="quantity-error ct-span-error text-sm-center product-min-allocation" :data-pid="pid" v-if="isMinQtyReached &amp;&amp; !isMaxQtyReached">
                    Quantidade mínima atingida
                    </span>
                    </template>
                    </div>
                    <template v-if="showNotes">
                    <div class="add-note-link-container ">
                    <div class="add-note">
                    <a href="/produto/bebida-vegetal-de-aveia-sabor-a-leite-alpro-7632255.html?showNote=true" class="ct-add-note-redirect-pdp" aria-label="Adicionar comentário">
                    <span class="svg-wrapper svg-icon-notes" style="width:19px; height:20px">
                    <svg class="svg-inline icon-notes" viewBox="0 0 28 30" xmlns="http://www.w3.org/2000/svg" width="100%" height="100%"><path d="M21.738 0C22.985 0 24 1.04 24 2.319V12.47c0 .469-.37.848-.828.848-.457 0-.827-.38-.827-.848V2.32c0-.343-.273-.622-.607-.622H2.262c-.334 0-.607.279-.607.622V27.68c0 .343.273.622.607.622h7.81c.457 0 .827.38.827.849 0 .468-.37.848-.827.848h-7.81C1.015 30 0 28.96 0 27.681V2.32C0 1.04 1.015 0 2.262 0h19.476zm2.844 16.004l.227.007c.823.053 1.589.39 2.176.964.64.627.993 1.46.993 2.349 0 .888-.353 1.722-.993 2.348l-6.83 6.665c-.11.108-.247.186-.397.226l-5.032 1.363c-.078.021-.16.032-.241.032-.242 0-.478-.097-.647-.266-.23-.231-.314-.566-.218-.874l1.49-4.798c.044-.139.122-.266.227-.369l6.844-6.677c.64-.625 1.493-.97 2.401-.97zm-2.886 3.94l-4.922 4.802-.947 3.048 3.22-.872 4.897-4.78-2.248-2.197zm2.887-2.174c-.425 0-.824.162-1.124.455l-.484.472 2.248 2.197.484-.472c.62-.606.62-1.591 0-2.197l-.117-.104c-.283-.227-.636-.35-1.007-.35zm-10.839.022c.498 0 .904.396.904.883 0 .488-.406.884-.904.884H5.946c-.499 0-.904-.396-.904-.884 0-.487.405-.883.904-.883zm5.042-4.876c.498 0 .904.397.904.884s-.406.884-.904.884H5.946c-.499 0-.904-.397-.904-.884s.405-.884.904-.884zm0-4.875c.498 0 .904.396.904.884 0 .487-.406.883-.904.883H5.946c-.499 0-.904-.396-.904-.883 0-.488.405-.884.904-.884z" fill="#EB0203" fill-rule="evenodd"></path></svg>
                    </span>
                    <div class="available-note d-none"></div>
                    </a>
                    </div>
                    </div>
                    </template>
                    <div class="measurement-unit-section" v-if="isPriceAvailable &amp;&amp; prodUnits ? prodUnits.hasAlternativeUnit : false">
                    <div class="ct-form-radio" @click="setDimension">
                    <input type="radio" title="" class="ct-form-check-input product-measurement-unit" :data-type="prodUnits.selectedUnit == prodUnits.secondaryUnit ? 'primary' : ''" :id="prodUnits.secondaryUnit + '-' + pid + '-measurement-unit-ptile' + additionalTag" :name="'measurement-unit-' + pid + '-ptile' + additionalTag" :value="prodUnits.secondaryUnit" v-model="prodUnits.selectedUnit">
                    <label :class="prodUnits.secondaryUnit + '-label ct-form-check-label mb-0'" :for="prodUnits.secondaryUnit + '-' + pid + '-measurement-unit-ptile' + additionalTag">
                    {{prodUnits.secondaryUnit}}
                    </label>
                    <span class="checkmark"></span>
                    </div>
                    <div class="ct-form-radio" @click="setDimension">
                    <input type="radio" title="" class="ct-form-check-input product-measurement-unit" :data-type="prodUnits.selectedUnit == prodUnits.primaryUnit ? 'primary' : ''" :id="prodUnits.primaryUnit + '-' + pid + '-measurement-unit-ptile' + additionalTag" :name="'measurement-unit-' + pid + '-ptile' + additionalTag" :value="prodUnits.primaryUnit" v-model="prodUnits.selectedUnit">
                    <label :class="prodUnits.primaryUnit + '-label ct-form-check-label mb-0'" :for="prodUnits.primaryUnit + '-' + pid + '-measurement-unit-ptile' + additionalTag">
                    {{prodUnits.primaryUnit}}
                    </label>
                    <span class="checkmark"></span>
                    </div>
                    </div>
                    <template v-if="!isPDP &amp;&amp; isPriceAvailable">
                    <span class="quantity-error ct-span-error product-max-allocation" v-if="isMaxQtyReached">
                    Quantidade máxima atingida
                    </span>
                    <span class="quantity-error ct-span-product product-allocation" v-if="!isMinQtyReached &amp;&amp; !isMaxQtyReached">
                    {{quantitySelected}} no carrinho
                    </span>
                    <span class="quantity-error ct-span-error product-min-allocation" :data-pid="pid" v-if="isMinQtyReached &amp;&amp; !isMaxQtyReached">
                    Quantidade mínima atingida
                    </span>
                    </template>
                    </template>
                    </div>
                    <input class="quantity-value-mask d-none" name="quantity" type="number" min="0" value="" tabindex="-1">
                    </div>
                    <button type="button" class="add-to-cart button js-add-to-cart js-add-to-cart-tile 7632255 button--primary dynamic-layout-btn" data-toggle="modal" data-target="#chooseBonusProductModal" data-pid="7632255" data-quantity-value="null" aria-label="Carrinho" tabindex="-1">
                    <span class="d-block d-sm-none">
                    <span class="svg-wrapper svg-icon-cart" style="width:20px; height:20px">
                    <svg class="svg-inline icon-cart" xmlns="http://www.w3.org/2000/svg" viewBox="0 0 500 500" width="100%" height="100%"><path fill="#EB0203" fill-rule="evenodd" d="M 485.67317,94.386311 C 476.37798,83.847129 463.09468,78.03348 448.30404,78.03348 H 90.690813 L 87.079511,51.327997 C 83.185582,22.539551 62.962285,0 41.011841,0 H 14.727836 C 6.563151,0 0,6.5286975 0,14.580758 c 0,8.05206 6.5945535,14.580758 14.727836,14.580758 h 26.284005 c 4.710398,0 14.696435,9.855222 16.894619,26.021523 L 100.01739,368.0631 c 1.88416,13.77244 9.01256,26.70549 20.1605,36.37417 8.25889,7.15046 18.02511,11.9071 28.26237,13.89679 -4.17655,7.58572 -6.53175,16.25957 -6.53175,25.493 0,29.53459 24.27424,53.59751 54.13815,53.59751 29.8325,0 54.13814,-24.03184 54.13814,-53.59751 0,-8.79818 -2.19818,-17.09897 -5.9979,-24.43598 h 77.12488 c -3.79973,7.33701 -5.96652,15.6378 -5.96652,24.43598 0,29.53459 24.27424,53.59751 54.13817,53.59751 29.83249,0 54.13814,-24.03184 54.13814,-53.59751 0,-8.79818 -2.1982,-17.09897 -5.9979,-24.43598 h 38.56243 c 8.13328,0 14.72783,-6.5287 14.72783,-14.61183 0,-8.02098 -6.59455,-14.54967 -14.72783,-14.54967 H 159.24277 c -14.38241,0 -28.13677,-11.90711 -30.02092,-26.02153 l -3.07746,-22.88154 h 290.6314 c 14.03698,0 27.94834,-5.28513 39.06488,-14.95381 11.11652,-9.6376 18.27632,-22.57065 20.16048,-36.37417 l 21.10259,-156.78201 c 1.94694,-14.51858 -2.10398,-28.29103 -11.43057,-38.861299 z M 220.76053,443.82706 c 0,13.49265 -11.08513,24.46709 -24.68247,24.46709 -13.62874,0 -24.71387,-10.97444 -24.71387,-24.46709 0,-13.49262 11.08513,-24.43598 24.71387,-24.43598 13.59734,0 24.68247,10.94336 24.68247,24.43598 z m 173.43675,0 c 0,13.49265 -11.08512,24.46709 -24.68245,24.46709 -13.62876,0 -24.71388,-10.97444 -24.71388,-24.46709 0,-13.49262 11.08512,-24.43598 24.71388,-24.43598 13.59733,0 24.68245,10.94336 24.68245,24.43598 z m 73.7648,-314.46558 -21.13397,156.782 c -1.88416,14.11442 -15.63851,26.05261 -30.02091,26.05261 H 122.25046 L 94.616142,107.19499 H 448.33544 c 6.18632,0 11.61896,2.2695 15.23028,6.37326 3.64269,4.13484 5.21283,9.73086 4.39636,15.79323 z"></path></svg>
                    </span>
                    </span>
                    <span class="add-to-cart--text d-none d-sm-block">Carrinho</span>
                    </button>
                    </div>
                    </div>
                    </div>
                    </div>
                    
                    <div class="col-12 d-sm-none">
                    </div>
                    </div>
                    </div>
                    </div>
                    </div><div class="pd-tile-wrap slick-slide slick-current slick-active" data-idx="1" style="width: 276px; height: auto;" data-slick-index="0" aria-hidden="false" tabindex="0" role="tabpanel" id="slick-slide00" aria-describedby="slick-slide-control00">
                    
                    <script type="text/javascript">//<!--
                    /* <![CDATA[ */
                    (function(){
                    try {
                        if(window.CQuotient) {
                            var cq_params = {};
                            cq_params.cookieId = window.CQuotient.getCQCookieId();
                            cq_params.userId = window.CQuotient.getCQUserId();
                            cq_params.emailId = CQuotient.getCQHashedEmail();
                            cq_params.loginId = CQuotient.getCQHashedLogin();
                            cq_params.accumulate = true;
                            cq_params.products = [{
                                id: '7214151',
                                sku: '',
                                type: '',
                                alt_id: ''
                            }];
                            cq_params.recommenderName = '__UNDEFINED__';
                            cq_params.realm = "BDVS";
                            cq_params.siteId = "continente";
                            cq_params.instanceType = "prd";
                            cq_params.locale = window.CQuotient.locale;
                            cq_params.slotId = '';
                            cq_params.slotConfigId = '';
                            cq_params.slotConfigTemplate = '';
                            if(window.CQuotient.sendActivity)
                                window.CQuotient.sendActivity( CQuotient.clientId, 'viewReco', cq_params );
                            else
                                window.CQuotient.activities.push( {activityType: 'viewReco', parameters: cq_params} );
                        }
                    } catch(err) {}
                    })();
                    /* ]]> */
                    // -->
                    </script>
                    <script type="text/javascript">//<!--
                    /* <![CDATA[ (viewProduct-active_data.js) */
                    dw.ac._capture({id: "7214151", type: "recommendation"});
                    /* ]]> */
                    // -->
                    </script>
                    <div class="product" data-pid="7214151">
                    <div class="product-tile pid-7214151   ct-product-tile " data-delay-time="3000" data-variants-mapping="[]" data-in-cart-msg="no carrinho" data-one-product-added="Adicionado ao carrinho" data-remove-from-cart-msg="Removido do carrinho" data-stay-open="6000.0" data-product-tile-impression="{&quot;name&quot;:&quot;7214151&quot;,&quot;id&quot;:&quot;7214151&quot;,&quot;price&quot;:2.39,&quot;brand&quot;:&quot;Oikos&quot;,&quot;category&quot;:[{&quot;category_level_1&quot;:&quot;Laticínios e Ovos&quot;},{&quot;category_level_2&quot;:&quot;Iogurtes&quot;},{&quot;category_level_3&quot;:&quot;Iogurtes Gregos&quot;}],&quot;variant&quot;:&quot;&quot;}">
                    <div class="ct-inner-tile-wrap row no-gutters justify-content-center align-content-start">
                    <div class="ct-product-tile-badge ct-product-tile-badge--promotional">
                    <img class="img-fluid lazyloaded" loading="lazy" data-src="https://www.continente.pt/dw/image/v2/BDVS_PRD/on/demandware.static/-/Sites-continente-Library/default/dwf5980f2e/images/badges/pvpr/col/pvpr.png?sw=60&amp;sh=42" alt="PVP Recomendado: €2,99/un" title="PVP Recomendado: €2,99/un" src="https://www.continente.pt/dw/image/v2/BDVS_PRD/on/demandware.static/-/Sites-continente-Library/default/dwf5980f2e/images/badges/pvpr/col/pvpr.png?sw=60&amp;sh=42">
                    <div class="ct-product-tile-badge-value-wrapper ct-product-tile-badge-value-wrapper--pvpr  ">
                    <span class="ct-product-tile-badge-value--pvpr">
                    20
                    </span>
                    <span class="ct-product-tile-badge-value--pvpr-quantifier ">
                    %
                    </span>
                    </div>
                    </div>
                    
                    <div class="ct-image-container col-4 col-sm" data-confirmation-image="{&quot;url&quot;:&quot;https://www.continente.pt/dw/image/v2/BDVS_PRD/on/demandware.static/-/Sites-col-master-catalog/default/dw2180ff1f/images/col/721/7214151-frente.jpg?sw=87&amp;sh=80&quot;,&quot;fallbackimage&quot;:{&quot;url&quot;:&quot;https://www.continente.pt/dw/image/v2/BDVS_PRD/on/demandware.static/Sites-continente-Site/-/default/dw7c42b4da/images/noimagelarge_product.png?sw=87&amp;sh=80&quot;,&quot;title&quot;:&quot;Iogurte Grego Natural Açucarado&quot;,&quot;alt&quot;:&quot;Iogurte Grego Natural Açucarado&quot;},&quot;title&quot;:&quot;Iogurte Grego Natural Açucarado&quot;,&quot;alt&quot;:&quot;Iogurte Grego Natural Açucarado&quot;}">
                    <a href="https://www.continente.pt/produto/iogurte-grego-natural-acucarado-oikos-7214151.html?cgid=home" tabindex="0">
                    <picture class="intrinsic intrinsic--square">
                    <img class="ct-tile-image lazyloaded" loading="lazy" onerror="this.onerror=null;this.src='/on/demandware.static/Sites-continente-Site/-/default/dw7c42b4da/images/noimagelarge_product.png';" data-src="https://www.continente.pt/dw/image/v2/BDVS_PRD/on/demandware.static/-/Sites-col-master-catalog/default/dw2180ff1f/images/col/721/7214151-frente.jpg?sw=280&amp;sh=280" alt="Iogurte Grego Natural Açucarado" title="Iogurte Grego Natural Açucarado" src="https://www.continente.pt/dw/image/v2/BDVS_PRD/on/demandware.static/-/Sites-col-master-catalog/default/dw2180ff1f/images/col/721/7214151-frente.jpg?sw=280&amp;sh=280">
                    </picture>
                    </a>
                    <div class="color-swatches d-flex" style="margin-left: 5px;">
                    <div class="swatches d-flex">
                    </div>
                    </div>
                    </div>
                    <div class="ct-tile-body col col-sm-auto ">
                    <div class="ct-pdp-details">
                    <div class="ct-pdp-link">
                    <a class="ct-tile--description" href="https://www.continente.pt/produto/iogurte-grego-natural-acucarado-oikos-7214151.html?cgid=home" tabindex="0">Iogurte Grego Natural Açucarado</a>
                    <div class="ct-tile--favorite-top d-sm-none">
                    <button class="wishlist-toggler guest-mode inactive button button--tertiary" data-pid="7214151" data-add-url="https://www.continente.pt/on/demandware.store/Sites-continente-Site/default/Wishlist-AddProduct?pid=7214151" data-toggle="tooltip" aria-label="Adicionar aos favoritos " data-original-title="Adicionar aos favoritos" data-placement="top" tabindex="0">
                    <svg class="active-content" width="100%" height="100%" viewBox="0 0 20 22" fill="none" xmlns="http://www.w3.org/2000/svg">
                    <path fill-rule="evenodd" clip-rule="evenodd" d="M0 1.53052C0 0.685236 0.692171 0 1.54601 0H15.0736C15.9274 0 16.6196 0.685235 16.6196 1.53052V13.4064L15.8127 13.922L14.2658 14.2658L12.7189 13.4064L10.6054 14.3818C10.4994 14.2451 10.3327 14.157 10.1452 14.157H6.76329C6.4431 14.157 6.18354 14.414 6.18354 14.731C6.18354 15.0479 6.4431 15.3049 6.76329 15.3049H10.1452C10.2478 15.3049 10.3441 15.2785 10.4277 15.2322L10.3126 16.8439L13.2345 20.2793H1.54601C0.69217 20.2793 0 19.5941 0 18.7488V1.53052ZM6.18354 5.5483C6.18354 5.23132 6.4431 4.97436 6.76329 4.97436H12.3676C12.6878 4.97436 12.9473 5.23132 12.9473 5.5483C12.9473 5.86528 12.6878 6.12224 12.3676 6.12224H6.76329C6.4431 6.12224 6.18354 5.86528 6.18354 5.5483ZM6.76329 11.0961C6.4431 11.0961 6.18354 11.3531 6.18354 11.6701C6.18354 11.987 6.4431 12.244 6.76329 12.244H12.3676C12.6878 12.244 12.9473 11.987 12.9473 11.6701C12.9473 11.3531 12.6878 11.0961 12.3676 11.0961H6.76329ZM6.18354 8.60985C6.18354 8.29287 6.4431 8.03591 6.76329 8.03591H12.3676C12.6878 8.03591 12.9473 8.29287 12.9473 8.60985C12.9473 8.92684 12.6878 9.1838 12.3676 9.1838H6.76329C6.4431 9.1838 6.18354 8.92684 6.18354 8.60985ZM3.67118 5.5483C3.67118 5.23132 3.93075 4.97436 4.25093 4.97436H4.63743C4.95762 4.97436 5.21719 5.23132 5.21719 5.5483C5.21719 5.86528 4.95762 6.12224 4.63743 6.12224H4.25093C3.93075 6.12224 3.67118 5.86528 3.67118 5.5483ZM4.25093 11.0961C3.93075 11.0961 3.67118 11.3531 3.67118 11.6701C3.67118 11.987 3.93075 12.244 4.25093 12.244H4.63743C4.95762 12.244 5.21719 11.987 5.21719 11.6701C5.21719 11.3531 4.95762 11.0961 4.63743 11.0961H4.25093ZM3.67118 8.60985C3.67118 8.29287 3.93075 8.03591 4.25093 8.03591H4.63743C4.95762 8.03591 5.21719 8.29287 5.21719 8.60985C5.21719 8.92684 4.95762 9.1838 4.63743 9.1838H4.25093C3.93075 9.1838 3.67118 8.92684 3.67118 8.60985ZM4.25093 14.157C3.93075 14.157 3.67118 14.414 3.67118 14.731C3.67118 15.0479 3.93075 15.3049 4.25093 15.3049H4.63743C4.95762 15.3049 5.21719 15.0479 5.21719 14.731C5.21719 14.414 4.95762 14.157 4.63743 14.157H4.25093Z" fill="#EB0203"></path>
                    <path fill-rule="evenodd" clip-rule="evenodd" d="M14.6252 13.6363C13.4918 12.6215 11.7817 12.5264 10.6569 13.4792C9.12421 14.7764 9.34841 16.8912 10.4409 18.0122L14.0159 21.6742C14.2197 21.8832 14.4928 22 14.7822 22C15.0737 22 15.3448 21.8852 15.5486 21.6762L19.1236 18.0142C20.214 16.8933 20.4423 14.7785 18.9075 13.4792C17.7827 12.5283 16.0724 12.6217 14.9391 13.6365C14.8855 13.6845 14.8331 13.7345 14.7822 13.7866C14.7313 13.7345 14.6789 13.6843 14.6252 13.6363ZM18.1546 14.3522C19.0973 15.1508 18.9962 16.4896 18.2891 17.2173C18.2888 17.2175 18.2886 17.2177 18.2884 17.218L14.7832 20.8084L11.2753 17.2151C11.2752 17.215 11.2751 17.2149 11.2749 17.2148C10.5677 16.4887 10.4678 15.1495 11.4104 14.3518L11.4108 14.3514C12.0745 13.7892 13.2018 13.82 13.9488 14.5846L14.7822 15.4378L15.6157 14.5846C16.3617 13.8211 17.4896 13.79 18.1545 14.3521" fill="#EB0203"></path>
                    </svg>
                    <svg class="inactive-content" width="100%" height="100%" viewBox="0 0 20 23" fill="none" xmlns="http://www.w3.org/2000/svg">
                    <path fill-rule="evenodd" clip-rule="evenodd" d="M6.18408 5.77914C6.18408 5.46223 6.44363 5.20532 6.7638 5.20532H12.3678C12.6879 5.20532 12.9475 5.46223 12.9475 5.77914C12.9475 6.09606 12.6879 6.35297 12.3678 6.35297H6.7638C6.44363 6.35297 6.18408 6.09606 6.18408 5.77914Z" fill="#EB0203"></path>
                    <path fill-rule="evenodd" clip-rule="evenodd" d="M6.18408 11.9034C6.18408 11.5865 6.44363 11.3296 6.7638 11.3296H12.3678C12.6879 11.3296 12.9475 11.5865 12.9475 11.9034C12.9475 12.2202 12.6879 12.4771 12.3678 12.4771H6.7638C6.44363 12.4771 6.18408 12.2202 6.18408 11.9034Z" fill="#EB0203"></path>
                    <path fill-rule="evenodd" clip-rule="evenodd" d="M6.18408 8.84116C6.18408 8.52424 6.44363 8.26733 6.7638 8.26733H12.3678C12.6879 8.26733 12.9475 8.52424 12.9475 8.84116C12.9475 9.15807 12.6879 9.41498 12.3678 9.41498H6.7638C6.44363 9.41498 6.18408 9.15807 6.18408 8.84116Z" fill="#EB0203"></path>
                    <path fill-rule="evenodd" clip-rule="evenodd" d="M6.18408 14.9655C6.18408 14.6486 6.44363 14.3917 6.7638 14.3917H10.1455C10.4657 14.3917 10.7252 14.6486 10.7252 14.9655C10.7252 15.2825 10.4657 15.5394 10.1455 15.5394H6.7638C6.44363 15.5394 6.18408 15.2825 6.18408 14.9655Z" fill="#EB0203"></path>
                    <path fill-rule="evenodd" clip-rule="evenodd" d="M3.67139 5.77914C3.67139 5.46223 3.93094 5.20532 4.25111 5.20532H4.63759C4.95776 5.20532 5.21731 5.46223 5.21731 5.77914C5.21731 6.09606 4.95776 6.35297 4.63759 6.35297H4.25111C3.93094 6.35297 3.67139 6.09606 3.67139 5.77914Z" fill="#EB0203"></path>
                    <path fill-rule="evenodd" clip-rule="evenodd" d="M3.67139 11.9034C3.67139 11.5865 3.93094 11.3296 4.25111 11.3296H4.63759C4.95776 11.3296 5.21731 11.5865 5.21731 11.9034C5.21731 12.2202 4.95776 12.4771 4.63759 12.4771H4.25111C3.93094 12.4771 3.67139 12.2202 3.67139 11.9034Z" fill="#EB0203"></path>
                    <path fill-rule="evenodd" clip-rule="evenodd" d="M3.67139 8.84116C3.67139 8.52424 3.93094 8.26733 4.25111 8.26733H4.63759C4.95776 8.26733 5.21731 8.52424 5.21731 8.84116C5.21731 9.15807 4.95776 9.41498 4.63759 9.41498H4.25111C3.93094 9.41498 3.67139 9.15807 3.67139 8.84116Z" fill="#EB0203"></path>
                    <path fill-rule="evenodd" clip-rule="evenodd" d="M3.67139 14.9655C3.67139 14.6486 3.93094 14.3917 4.25111 14.3917H4.63759C4.95776 14.3917 5.21731 14.6486 5.21731 14.9655C5.21731 15.2825 4.95776 15.5394 4.63759 15.5394H4.25111C3.93094 15.5394 3.67139 15.2825 3.67139 14.9655Z" fill="#EB0203"></path>
                    <path fill-rule="evenodd" clip-rule="evenodd" d="M0 1.76033C0 0.914738 0.692131 0.229248 1.54592 0.229248H15.0727C15.9265 0.229248 16.6186 0.914738 16.6186 1.76033V11.2818C16.6186 11.5989 16.3591 11.8559 16.0389 11.8559C15.7187 11.8559 15.4592 11.5989 15.4592 11.2818V1.76033C15.4592 1.54893 15.2862 1.37756 15.0727 1.37756H1.54592C1.33247 1.37756 1.15944 1.54893 1.15944 1.76033V18.985C1.15944 19.1964 1.33247 19.3678 1.54592 19.3678H9.27551C9.59568 19.3678 9.85523 19.6249 9.85523 19.942C9.85523 20.2591 9.59568 20.5161 9.27551 20.5161H1.54592C0.692131 20.5161 0 19.8306 0 18.985V1.76033Z" fill="#EB0203"></path>
                    <path fill-rule="evenodd" clip-rule="evenodd" d="M14.6254 13.8718C13.4921 12.8567 11.7821 12.7615 10.6574 13.7147C9.12472 15.0124 9.34891 17.128 10.4413 18.2493L14.0161 21.9126C14.2199 22.1217 14.493 22.2386 14.7824 22.2386C15.0739 22.2386 15.3449 22.1238 15.5487 21.9147L19.1235 18.2514C20.2139 17.13 20.4422 15.0144 18.9075 13.7147C17.7827 12.7634 16.0726 12.8569 14.9392 13.872C14.8856 13.92 14.8333 13.9701 14.7824 14.0222C14.7314 13.97 14.6791 13.9199 14.6254 13.8718ZM18.1546 14.588C19.0972 15.3869 18.9961 16.7262 18.2891 17.4541C18.2888 17.4543 18.2886 17.4546 18.2884 17.4548L14.7834 21.0466L11.2757 17.452C11.2756 17.4519 11.2755 17.4517 11.2753 17.4516C10.5681 16.7252 10.4682 15.3856 11.4108 14.5876L11.4112 14.5872C12.0748 14.0248 13.202 14.0556 13.949 14.8205L14.7824 15.674L15.6158 14.8205C16.3618 14.0567 17.4896 14.0256 18.1545 14.5879" fill="#EB0203"></path>
                    </svg>
                    </button>
                    </div>
                    </div>
                    <p class="ct-tile--brand">Oikos</p>
                    <p class="ct-tile--quantity">emb. 440 gr (4 un)</p>
                    </div>
                    <div class="ct-tile-bottom row no-gutters justify-content-between">
                    <div class="ct-price-wrap col-8 col-sm-12">
                    <div class="price js-product-price">
                    <div class="prices-wrapper">
                    <span class="sales ct-tile--price-primary ">
                    <span class="value" content="2.39">
                    <span class="ct-price-formatted">
                    €2,39
                    </span>
                    <span class="ct-m-unit">
                    /un
                    </span>
                    </span>
                    </span>
                    </div>
                    <div class="ct-tile--price-secondary">
                    <span class="ct-price-value">
                    €5,43
                    </span>
                    <span class="ct-m-unit">
                    /kg
                    </span>
                    </div>
                    <p class="ct-discount-amount ct-discount-amount-pvpr">PVP Recomendado: €2,99/un</p>
                    </div>
                    </div>
                    <div class="ct-tile-buy-section d-flex justify-content-center no-gutters col-auto col-sm-12">
                    <div class="col-2 d-sm-flex d-none">
                    <button class="wishlist-toggler guest-mode inactive button button--tertiary" data-pid="7214151" data-add-url="https://www.continente.pt/on/demandware.store/Sites-continente-Site/default/Wishlist-AddProduct?pid=7214151" data-toggle="tooltip" aria-label="Adicionar aos favoritos " data-original-title="Adicionar aos favoritos" data-placement="top" tabindex="0">
                    <svg class="active-content" width="100%" height="100%" viewBox="0 0 20 22" fill="none" xmlns="http://www.w3.org/2000/svg">
                    <path fill-rule="evenodd" clip-rule="evenodd" d="M0 1.53052C0 0.685236 0.692171 0 1.54601 0H15.0736C15.9274 0 16.6196 0.685235 16.6196 1.53052V13.4064L15.8127 13.922L14.2658 14.2658L12.7189 13.4064L10.6054 14.3818C10.4994 14.2451 10.3327 14.157 10.1452 14.157H6.76329C6.4431 14.157 6.18354 14.414 6.18354 14.731C6.18354 15.0479 6.4431 15.3049 6.76329 15.3049H10.1452C10.2478 15.3049 10.3441 15.2785 10.4277 15.2322L10.3126 16.8439L13.2345 20.2793H1.54601C0.69217 20.2793 0 19.5941 0 18.7488V1.53052ZM6.18354 5.5483C6.18354 5.23132 6.4431 4.97436 6.76329 4.97436H12.3676C12.6878 4.97436 12.9473 5.23132 12.9473 5.5483C12.9473 5.86528 12.6878 6.12224 12.3676 6.12224H6.76329C6.4431 6.12224 6.18354 5.86528 6.18354 5.5483ZM6.76329 11.0961C6.4431 11.0961 6.18354 11.3531 6.18354 11.6701C6.18354 11.987 6.4431 12.244 6.76329 12.244H12.3676C12.6878 12.244 12.9473 11.987 12.9473 11.6701C12.9473 11.3531 12.6878 11.0961 12.3676 11.0961H6.76329ZM6.18354 8.60985C6.18354 8.29287 6.4431 8.03591 6.76329 8.03591H12.3676C12.6878 8.03591 12.9473 8.29287 12.9473 8.60985C12.9473 8.92684 12.6878 9.1838 12.3676 9.1838H6.76329C6.4431 9.1838 6.18354 8.92684 6.18354 8.60985ZM3.67118 5.5483C3.67118 5.23132 3.93075 4.97436 4.25093 4.97436H4.63743C4.95762 4.97436 5.21719 5.23132 5.21719 5.5483C5.21719 5.86528 4.95762 6.12224 4.63743 6.12224H4.25093C3.93075 6.12224 3.67118 5.86528 3.67118 5.5483ZM4.25093 11.0961C3.93075 11.0961 3.67118 11.3531 3.67118 11.6701C3.67118 11.987 3.93075 12.244 4.25093 12.244H4.63743C4.95762 12.244 5.21719 11.987 5.21719 11.6701C5.21719 11.3531 4.95762 11.0961 4.63743 11.0961H4.25093ZM3.67118 8.60985C3.67118 8.29287 3.93075 8.03591 4.25093 8.03591H4.63743C4.95762 8.03591 5.21719 8.29287 5.21719 8.60985C5.21719 8.92684 4.95762 9.1838 4.63743 9.1838H4.25093C3.93075 9.1838 3.67118 8.92684 3.67118 8.60985ZM4.25093 14.157C3.93075 14.157 3.67118 14.414 3.67118 14.731C3.67118 15.0479 3.93075 15.3049 4.25093 15.3049H4.63743C4.95762 15.3049 5.21719 15.0479 5.21719 14.731C5.21719 14.414 4.95762 14.157 4.63743 14.157H4.25093Z" fill="#EB0203"></path>
                    <path fill-rule="evenodd" clip-rule="evenodd" d="M14.6252 13.6363C13.4918 12.6215 11.7817 12.5264 10.6569 13.4792C9.12421 14.7764 9.34841 16.8912 10.4409 18.0122L14.0159 21.6742C14.2197 21.8832 14.4928 22 14.7822 22C15.0737 22 15.3448 21.8852 15.5486 21.6762L19.1236 18.0142C20.214 16.8933 20.4423 14.7785 18.9075 13.4792C17.7827 12.5283 16.0724 12.6217 14.9391 13.6365C14.8855 13.6845 14.8331 13.7345 14.7822 13.7866C14.7313 13.7345 14.6789 13.6843 14.6252 13.6363ZM18.1546 14.3522C19.0973 15.1508 18.9962 16.4896 18.2891 17.2173C18.2888 17.2175 18.2886 17.2177 18.2884 17.218L14.7832 20.8084L11.2753 17.2151C11.2752 17.215 11.2751 17.2149 11.2749 17.2148C10.5677 16.4887 10.4678 15.1495 11.4104 14.3518L11.4108 14.3514C12.0745 13.7892 13.2018 13.82 13.9488 14.5846L14.7822 15.4378L15.6157 14.5846C16.3617 13.8211 17.4896 13.79 18.1545 14.3521" fill="#EB0203"></path>
                    </svg>
                    <svg class="inactive-content" width="100%" height="100%" viewBox="0 0 20 23" fill="none" xmlns="http://www.w3.org/2000/svg">
                    <path fill-rule="evenodd" clip-rule="evenodd" d="M6.18408 5.77914C6.18408 5.46223 6.44363 5.20532 6.7638 5.20532H12.3678C12.6879 5.20532 12.9475 5.46223 12.9475 5.77914C12.9475 6.09606 12.6879 6.35297 12.3678 6.35297H6.7638C6.44363 6.35297 6.18408 6.09606 6.18408 5.77914Z" fill="#EB0203"></path>
                    <path fill-rule="evenodd" clip-rule="evenodd" d="M6.18408 11.9034C6.18408 11.5865 6.44363 11.3296 6.7638 11.3296H12.3678C12.6879 11.3296 12.9475 11.5865 12.9475 11.9034C12.9475 12.2202 12.6879 12.4771 12.3678 12.4771H6.7638C6.44363 12.4771 6.18408 12.2202 6.18408 11.9034Z" fill="#EB0203"></path>
                    <path fill-rule="evenodd" clip-rule="evenodd" d="M6.18408 8.84116C6.18408 8.52424 6.44363 8.26733 6.7638 8.26733H12.3678C12.6879 8.26733 12.9475 8.52424 12.9475 8.84116C12.9475 9.15807 12.6879 9.41498 12.3678 9.41498H6.7638C6.44363 9.41498 6.18408 9.15807 6.18408 8.84116Z" fill="#EB0203"></path>
                    <path fill-rule="evenodd" clip-rule="evenodd" d="M6.18408 14.9655C6.18408 14.6486 6.44363 14.3917 6.7638 14.3917H10.1455C10.4657 14.3917 10.7252 14.6486 10.7252 14.9655C10.7252 15.2825 10.4657 15.5394 10.1455 15.5394H6.7638C6.44363 15.5394 6.18408 15.2825 6.18408 14.9655Z" fill="#EB0203"></path>
                    <path fill-rule="evenodd" clip-rule="evenodd" d="M3.67139 5.77914C3.67139 5.46223 3.93094 5.20532 4.25111 5.20532H4.63759C4.95776 5.20532 5.21731 5.46223 5.21731 5.77914C5.21731 6.09606 4.95776 6.35297 4.63759 6.35297H4.25111C3.93094 6.35297 3.67139 6.09606 3.67139 5.77914Z" fill="#EB0203"></path>
                    <path fill-rule="evenodd" clip-rule="evenodd" d="M3.67139 11.9034C3.67139 11.5865 3.93094 11.3296 4.25111 11.3296H4.63759C4.95776 11.3296 5.21731 11.5865 5.21731 11.9034C5.21731 12.2202 4.95776 12.4771 4.63759 12.4771H4.25111C3.93094 12.4771 3.67139 12.2202 3.67139 11.9034Z" fill="#EB0203"></path>
                    <path fill-rule="evenodd" clip-rule="evenodd" d="M3.67139 8.84116C3.67139 8.52424 3.93094 8.26733 4.25111 8.26733H4.63759C4.95776 8.26733 5.21731 8.52424 5.21731 8.84116C5.21731 9.15807 4.95776 9.41498 4.63759 9.41498H4.25111C3.93094 9.41498 3.67139 9.15807 3.67139 8.84116Z" fill="#EB0203"></path>
                    <path fill-rule="evenodd" clip-rule="evenodd" d="M3.67139 14.9655C3.67139 14.6486 3.93094 14.3917 4.25111 14.3917H4.63759C4.95776 14.3917 5.21731 14.6486 5.21731 14.9655C5.21731 15.2825 4.95776 15.5394 4.63759 15.5394H4.25111C3.93094 15.5394 3.67139 15.2825 3.67139 14.9655Z" fill="#EB0203"></path>
                    <path fill-rule="evenodd" clip-rule="evenodd" d="M0 1.76033C0 0.914738 0.692131 0.229248 1.54592 0.229248H15.0727C15.9265 0.229248 16.6186 0.914738 16.6186 1.76033V11.2818C16.6186 11.5989 16.3591 11.8559 16.0389 11.8559C15.7187 11.8559 15.4592 11.5989 15.4592 11.2818V1.76033C15.4592 1.54893 15.2862 1.37756 15.0727 1.37756H1.54592C1.33247 1.37756 1.15944 1.54893 1.15944 1.76033V18.985C1.15944 19.1964 1.33247 19.3678 1.54592 19.3678H9.27551C9.59568 19.3678 9.85523 19.6249 9.85523 19.942C9.85523 20.2591 9.59568 20.5161 9.27551 20.5161H1.54592C0.692131 20.5161 0 19.8306 0 18.985V1.76033Z" fill="#EB0203"></path>
                    <path fill-rule="evenodd" clip-rule="evenodd" d="M14.6254 13.8718C13.4921 12.8567 11.7821 12.7615 10.6574 13.7147C9.12472 15.0124 9.34891 17.128 10.4413 18.2493L14.0161 21.9126C14.2199 22.1217 14.493 22.2386 14.7824 22.2386C15.0739 22.2386 15.3449 22.1238 15.5487 21.9147L19.1235 18.2514C20.2139 17.13 20.4422 15.0144 18.9075 13.7147C17.7827 12.7634 16.0726 12.8569 14.9392 13.872C14.8856 13.92 14.8333 13.9701 14.7824 14.0222C14.7314 13.97 14.6791 13.9199 14.6254 13.8718ZM18.1546 14.588C19.0972 15.3869 18.9961 16.7262 18.2891 17.4541C18.2888 17.4543 18.2886 17.4546 18.2884 17.4548L14.7834 21.0466L11.2757 17.452C11.2756 17.4519 11.2755 17.4517 11.2753 17.4516C10.5681 16.7252 10.4682 15.3856 11.4108 14.5876L11.4112 14.5872C12.0748 14.0248 13.202 14.0556 13.949 14.8205L14.7824 15.674L15.6158 14.8205C16.3618 14.0567 17.4896 14.0256 18.1545 14.5879" fill="#EB0203"></path>
                    </svg>
                    </button>
                    </div>
                    <div class="col-sm-10 col-12">
                    <div class="ct-tile-quantity d-none" data-pid="7214151">
                    <input type="hidden" class="add-to-cart-url" value="https://www.continente.pt/on/demandware.store/Sites-continente-Site/default/Cart-AddProduct" tabindex="0">
                    <div class="d-none tile-delete-confirmation-btn" data-pid="7214151" data-delay-time="3000" data-in-cart-msg="no carrinho" data-one-product-added="Adicionado ao carrinho" data-remove-from-cart-msg="Removido do carrinho" data-stay-open="6000.0" data-confirmation-image="{&quot;url&quot;:&quot;https://www.continente.pt/dw/image/v2/BDVS_PRD/on/demandware.static/-/Sites-col-master-catalog/default/dw2180ff1f/images/col/721/7214151-frente.jpg?sw=87&amp;sh=80&quot;,&quot;fallbackimage&quot;:{&quot;url&quot;:&quot;https://www.continente.pt/dw/image/v2/BDVS_PRD/on/demandware.static/Sites-continente-Site/-/default/dw7c42b4da/images/noimagelarge_product.png?sw=87&amp;sh=80&quot;,&quot;title&quot;:&quot;Iogurte Grego Natural Açucarado&quot;,&quot;alt&quot;:&quot;Iogurte Grego Natural Açucarado&quot;},&quot;title&quot;:&quot;Iogurte Grego Natural Açucarado&quot;,&quot;alt&quot;:&quot;Iogurte Grego Natural Açucarado&quot;}"></div>
                    <div class="ct-tile-quantity-update quantity-update product-qty-vue" data-remove-action="https://www.continente.pt/on/demandware.store/Sites-continente-Site/default/Cart-RemoveProductLineItem" data-action="https://www.continente.pt/on/demandware.store/Sites-continente-Site/default/Cart-UpdateQuantity" data-dimension-update="https://www.continente.pt/on/demandware.store/Sites-continente-Site/default/Cart-DimensionUpdate" data-pid="7214151" data-uuid="f8f64b9fb3a8954a8553d77325" data-add-delay="500.0" data-measure-options="{&quot;hasConversionRate&quot;:false,&quot;hasAlternativeSaleUnit&quot;:false,&quot;unitConversionRate&quot;:null,&quot;minOrderQuantity&quot;:1,&quot;stepQuantity&quot;:1,&quot;primaryunit&quot;:&quot;un&quot;,&quot;secondaryunit&quot;:&quot;kg&quot;,&quot;selectedunit&quot;:&quot;primary&quot;,&quot;maxNumberOfUnitsPerSale&quot;:50}" data-price-available="null" :data-has-error="isMaxQtyReached || isMinQtyReached || qtySelectedMoreThanOne">
                    <template v-show="prodUnits">
                    <div class="quantity-input-wrapper has-units">
                    <label class="visually-hidden" :for="'quantity-' + pid + additionalTag">
                    Quantidade no carrinho
                    </label>
                    <input :ref="'quantityInput-' + pid + additionalTag" class="add-to-cart-quantity form-control ct-form-input text-center" inputmode="numeric" :class="{'is-invalid': isInvalid}" :data-pid="pid + additionalTag" :name="'quantity-' + pid + additionalTag" type="text" aria-label="Insira a quantidade" title="" v-model="displayValue" @change="updateQuantity" @focus="updateQtyFormat" @blur="restoreQtyFormat" :disabled="!isPriceAvailable">
                    <span class="quantity-icon quantity-icon--minus">
                    <button class="decrease-quantity-btn" @click="updateQuantity" :disabled="!isPriceAvailable" role="button" aria-label="Reduzir quantidade">
                    <i class="css-math-minus"></i>
                    </button>
                    </span>
                    <span class="quantity-icon quantity-icon--plus">
                    <button class="increase-quantity-btn" @click="updateQuantity" :disabled="isMaxQtyReached || !isPriceAvailable" role="button" aria-label="Aumentar quantidade">
                    <i class="css-math-plus"></i>
                    </button>
                    <span class="quantity-btn-disabled-placeholder"></span>
                    </span>
                    <template v-if="isPDP">
                    <span class="quantity-error ct-span-error text-sm-center product-max-allocation" v-if="isMaxQtyReached">
                    Quantidade máxima atingida
                    </span>
                    <span class="quantity-error ct-span-product text-sm-center product-allocation" v-if="!isMinQtyReached &amp;&amp; !isMaxQtyReached">
                    {{quantitySelected}} no carrinho
                    </span>
                    <span class="quantity-error ct-span-error text-sm-center product-min-allocation" :data-pid="pid" v-if="isMinQtyReached &amp;&amp; !isMaxQtyReached">
                    Quantidade mínima atingida
                    </span>
                    </template>
                    </div>
                    <template v-if="showNotes">
                    <div class="add-note-link-container ">
                    <div class="add-note">
                    <a href="/produto/iogurte-grego-natural-acucarado-oikos-7214151.html?showNote=true" class="ct-add-note-redirect-pdp" aria-label="Adicionar comentário">
                    <span class="svg-wrapper svg-icon-notes" style="width:19px; height:20px">
                    <svg class="svg-inline icon-notes" viewBox="0 0 28 30" xmlns="http://www.w3.org/2000/svg" width="100%" height="100%"><path d="M21.738 0C22.985 0 24 1.04 24 2.319V12.47c0 .469-.37.848-.828.848-.457 0-.827-.38-.827-.848V2.32c0-.343-.273-.622-.607-.622H2.262c-.334 0-.607.279-.607.622V27.68c0 .343.273.622.607.622h7.81c.457 0 .827.38.827.849 0 .468-.37.848-.827.848h-7.81C1.015 30 0 28.96 0 27.681V2.32C0 1.04 1.015 0 2.262 0h19.476zm2.844 16.004l.227.007c.823.053 1.589.39 2.176.964.64.627.993 1.46.993 2.349 0 .888-.353 1.722-.993 2.348l-6.83 6.665c-.11.108-.247.186-.397.226l-5.032 1.363c-.078.021-.16.032-.241.032-.242 0-.478-.097-.647-.266-.23-.231-.314-.566-.218-.874l1.49-4.798c.044-.139.122-.266.227-.369l6.844-6.677c.64-.625 1.493-.97 2.401-.97zm-2.886 3.94l-4.922 4.802-.947 3.048 3.22-.872 4.897-4.78-2.248-2.197zm2.887-2.174c-.425 0-.824.162-1.124.455l-.484.472 2.248 2.197.484-.472c.62-.606.62-1.591 0-2.197l-.117-.104c-.283-.227-.636-.35-1.007-.35zm-10.839.022c.498 0 .904.396.904.883 0 .488-.406.884-.904.884H5.946c-.499 0-.904-.396-.904-.884 0-.487.405-.883.904-.883zm5.042-4.876c.498 0 .904.397.904.884s-.406.884-.904.884H5.946c-.499 0-.904-.397-.904-.884s.405-.884.904-.884zm0-4.875c.498 0 .904.396.904.884 0 .487-.406.883-.904.883H5.946c-.499 0-.904-.396-.904-.883 0-.488.405-.884.904-.884z" fill="#EB0203" fill-rule="evenodd"></path></svg>
                    </span>
                    <div class="available-note d-none"></div>
                    </a>
                    </div>
                    </div>
                    </template>
                    <div class="measurement-unit-section" v-if="isPriceAvailable &amp;&amp; prodUnits ? prodUnits.hasAlternativeUnit : false">
                    <div class="ct-form-radio" @click="setDimension">
                    <input type="radio" title="" class="ct-form-check-input product-measurement-unit" :data-type="prodUnits.selectedUnit == prodUnits.secondaryUnit ? 'primary' : ''" :id="prodUnits.secondaryUnit + '-' + pid + '-measurement-unit-ptile' + additionalTag" :name="'measurement-unit-' + pid + '-ptile' + additionalTag" :value="prodUnits.secondaryUnit" v-model="prodUnits.selectedUnit">
                    <label :class="prodUnits.secondaryUnit + '-label ct-form-check-label mb-0'" :for="prodUnits.secondaryUnit + '-' + pid + '-measurement-unit-ptile' + additionalTag">
                    {{prodUnits.secondaryUnit}}
                    </label>
                    <span class="checkmark"></span>
                    </div>
                    <div class="ct-form-radio" @click="setDimension">
                    <input type="radio" title="" class="ct-form-check-input product-measurement-unit" :data-type="prodUnits.selectedUnit == prodUnits.primaryUnit ? 'primary' : ''" :id="prodUnits.primaryUnit + '-' + pid + '-measurement-unit-ptile' + additionalTag" :name="'measurement-unit-' + pid + '-ptile' + additionalTag" :value="prodUnits.primaryUnit" v-model="prodUnits.selectedUnit">
                    <label :class="prodUnits.primaryUnit + '-label ct-form-check-label mb-0'" :for="prodUnits.primaryUnit + '-' + pid + '-measurement-unit-ptile' + additionalTag">
                    {{prodUnits.primaryUnit}}
                    </label>
                    <span class="checkmark"></span>
                    </div>
                    </div>
                    <template v-if="!isPDP &amp;&amp; isPriceAvailable">
                    <span class="quantity-error ct-span-error product-max-allocation" v-if="isMaxQtyReached">
                    Quantidade máxima atingida
                    </span>
                    <span class="quantity-error ct-span-product product-allocation" v-if="!isMinQtyReached &amp;&amp; !isMaxQtyReached">
                    {{quantitySelected}} no carrinho
                    </span>
                    <span class="quantity-error ct-span-error product-min-allocation" :data-pid="pid" v-if="isMinQtyReached &amp;&amp; !isMaxQtyReached">
                    Quantidade mínima atingida
                    </span>
                    </template>
                    </template>
                    </div>
                    <input class="quantity-value-mask d-none" name="quantity" type="number" min="0" value="" tabindex="0">
                    </div>
                    <button type="button" class="add-to-cart button js-add-to-cart js-add-to-cart-tile 7214151 button--primary dynamic-layout-btn" data-toggle="modal" data-target="#chooseBonusProductModal" data-pid="7214151" data-quantity-value="null" aria-label="Carrinho" tabindex="0">
                    <span class="d-block d-sm-none">
                    <span class="svg-wrapper svg-icon-cart" style="width:20px; height:20px">
                    <svg class="svg-inline icon-cart" xmlns="http://www.w3.org/2000/svg" viewBox="0 0 500 500" width="100%" height="100%"><path fill="#EB0203" fill-rule="evenodd" d="M 485.67317,94.386311 C 476.37798,83.847129 463.09468,78.03348 448.30404,78.03348 H 90.690813 L 87.079511,51.327997 C 83.185582,22.539551 62.962285,0 41.011841,0 H 14.727836 C 6.563151,0 0,6.5286975 0,14.580758 c 0,8.05206 6.5945535,14.580758 14.727836,14.580758 h 26.284005 c 4.710398,0 14.696435,9.855222 16.894619,26.021523 L 100.01739,368.0631 c 1.88416,13.77244 9.01256,26.70549 20.1605,36.37417 8.25889,7.15046 18.02511,11.9071 28.26237,13.89679 -4.17655,7.58572 -6.53175,16.25957 -6.53175,25.493 0,29.53459 24.27424,53.59751 54.13815,53.59751 29.8325,0 54.13814,-24.03184 54.13814,-53.59751 0,-8.79818 -2.19818,-17.09897 -5.9979,-24.43598 h 77.12488 c -3.79973,7.33701 -5.96652,15.6378 -5.96652,24.43598 0,29.53459 24.27424,53.59751 54.13817,53.59751 29.83249,0 54.13814,-24.03184 54.13814,-53.59751 0,-8.79818 -2.1982,-17.09897 -5.9979,-24.43598 h 38.56243 c 8.13328,0 14.72783,-6.5287 14.72783,-14.61183 0,-8.02098 -6.59455,-14.54967 -14.72783,-14.54967 H 159.24277 c -14.38241,0 -28.13677,-11.90711 -30.02092,-26.02153 l -3.07746,-22.88154 h 290.6314 c 14.03698,0 27.94834,-5.28513 39.06488,-14.95381 11.11652,-9.6376 18.27632,-22.57065 20.16048,-36.37417 l 21.10259,-156.78201 c 1.94694,-14.51858 -2.10398,-28.29103 -11.43057,-38.861299 z M 220.76053,443.82706 c 0,13.49265 -11.08513,24.46709 -24.68247,24.46709 -13.62874,0 -24.71387,-10.97444 -24.71387,-24.46709 0,-13.49262 11.08513,-24.43598 24.71387,-24.43598 13.59734,0 24.68247,10.94336 24.68247,24.43598 z m 173.43675,0 c 0,13.49265 -11.08512,24.46709 -24.68245,24.46709 -13.62876,0 -24.71388,-10.97444 -24.71388,-24.46709 0,-13.49262 11.08512,-24.43598 24.71388,-24.43598 13.59733,0 24.68245,10.94336 24.68245,24.43598 z m 73.7648,-314.46558 -21.13397,156.782 c -1.88416,14.11442 -15.63851,26.05261 -30.02091,26.05261 H 122.25046 L 94.616142,107.19499 H 448.33544 c 6.18632,0 11.61896,2.2695 15.23028,6.37326 3.64269,4.13484 5.21283,9.73086 4.39636,15.79323 z"></path></svg>
                    </span>
                    </span>
                    <span class="add-to-cart--text d-none d-sm-block">Carrinho</span>
                    </button>
                    </div>
                    </div>
                    </div>
                    </div>
                    
                    <div class="col-12 d-sm-none">
                    </div>
                    </div>
                    </div>
                    </div>
                    </div><div class="pd-tile-wrap slick-slide slick-active" data-idx="2" style="width: 276px; height: auto;" data-slick-index="1" aria-hidden="false" tabindex="0" role="tabpanel" id="slick-slide01">
                    
                    <script type="text/javascript">//<!--
                    /* <![CDATA[ */
                    (function(){
                    try {
                        if(window.CQuotient) {
                            var cq_params = {};
                            cq_params.cookieId = window.CQuotient.getCQCookieId();
                            cq_params.userId = window.CQuotient.getCQUserId();
                            cq_params.emailId = CQuotient.getCQHashedEmail();
                            cq_params.loginId = CQuotient.getCQHashedLogin();
                            cq_params.accumulate = true;
                            cq_params.products = [{
                                id: '5248728',
                                sku: '',
                                type: '',
                                alt_id: ''
                            }];
                            cq_params.recommenderName = '__UNDEFINED__';
                            cq_params.realm = "BDVS";
                            cq_params.siteId = "continente";
                            cq_params.instanceType = "prd";
                            cq_params.locale = window.CQuotient.locale;
                            cq_params.slotId = '';
                            cq_params.slotConfigId = '';
                            cq_params.slotConfigTemplate = '';
                            if(window.CQuotient.sendActivity)
                                window.CQuotient.sendActivity( CQuotient.clientId, 'viewReco', cq_params );
                            else
                                window.CQuotient.activities.push( {activityType: 'viewReco', parameters: cq_params} );
                        }
                    } catch(err) {}
                    })();
                    /* ]]> */
                    // -->
                    </script>
                    <script type="text/javascript">//<!--
                    /* <![CDATA[ (viewProduct-active_data.js) */
                    dw.ac._capture({id: "5248728", type: "recommendation"});
                    /* ]]> */
                    // -->
                    </script>
                    <div class="product" data-pid="5248728">
                    <div class="product-tile pid-5248728   ct-product-tile " data-delay-time="3000" data-variants-mapping="[]" data-in-cart-msg="no carrinho" data-one-product-added="Adicionado ao carrinho" data-remove-from-cart-msg="Removido do carrinho" data-stay-open="6000.0" data-product-tile-impression="{&quot;name&quot;:&quot;5248728&quot;,&quot;id&quot;:&quot;5248728&quot;,&quot;price&quot;:1.79,&quot;brand&quot;:&quot;Danonino&quot;,&quot;category&quot;:[{&quot;category_level_1&quot;:&quot;Laticínios e Ovos&quot;},{&quot;category_level_2&quot;:&quot;Iogurtes&quot;},{&quot;category_level_3&quot;:&quot;Iogurtes Infantis&quot;}],&quot;variant&quot;:&quot;&quot;}">
                    <div class="ct-inner-tile-wrap row no-gutters justify-content-center align-content-start">
                    <div class="ct-product-tile-badge ct-product-tile-badge--promotional">
                    <img class="img-fluid lazyloaded" loading="lazy" data-src="https://www.continente.pt/dw/image/v2/BDVS_PRD/on/demandware.static/-/Sites-continente-Library/default/dwf5980f2e/images/badges/pvpr/col/pvpr.png?sw=60&amp;sh=42" alt="PVP Recomendado: €2,29/un" title="PVP Recomendado: €2,29/un" src="https://www.continente.pt/dw/image/v2/BDVS_PRD/on/demandware.static/-/Sites-continente-Library/default/dwf5980f2e/images/badges/pvpr/col/pvpr.png?sw=60&amp;sh=42">
                    <div class="ct-product-tile-badge-value-wrapper ct-product-tile-badge-value-wrapper--pvpr  ">
                    <div class="ct-product-tile-badge-addition d-flex flex-column align-self-center text-center">
                    <span class="ct-product-tile-badge-addition--sign">
                    +
                    </span>
                    <span class="ct-product-tile-badge-addition--text">
                    DE
                    </span>
                    </div>
                    <span class="ct-product-tile-badge-value--pvpr">
                    20
                    </span>
                    <span class="ct-product-tile-badge-value--pvpr-quantifier ">
                    %
                    </span>
                    </div>
                    </div>
                    
                    <div class="ct-image-container col-4 col-sm" data-confirmation-image="{&quot;url&quot;:&quot;https://www.continente.pt/dw/image/v2/BDVS_PRD/on/demandware.static/-/Sites-col-master-catalog/default/dw02ce3162/images/col/524/5248728-frente.jpg?sw=87&amp;sh=80&quot;,&quot;fallbackimage&quot;:{&quot;url&quot;:&quot;https://www.continente.pt/dw/image/v2/BDVS_PRD/on/demandware.static/Sites-continente-Site/-/default/dw7c42b4da/images/noimagelarge_product.png?sw=87&amp;sh=80&quot;,&quot;title&quot;:&quot;Iogurte Líquido Morango Infantil&quot;,&quot;alt&quot;:&quot;Iogurte Líquido Morango Infantil&quot;},&quot;title&quot;:&quot;Iogurte Líquido Morango Infantil&quot;,&quot;alt&quot;:&quot;Iogurte Líquido Morango Infantil&quot;}">
                    <a href="https://www.continente.pt/produto/iogurte-liquido-morango-infantil-danonino-5248728.html?cgid=home" tabindex="0">
                    <picture class="intrinsic intrinsic--square">
                    <img class="ct-tile-image lazyloaded" loading="lazy" onerror="this.onerror=null;this.src='/on/demandware.static/Sites-continente-Site/-/default/dw7c42b4da/images/noimagelarge_product.png';" data-src="https://www.continente.pt/dw/image/v2/BDVS_PRD/on/demandware.static/-/Sites-col-master-catalog/default/dw02ce3162/images/col/524/5248728-frente.jpg?sw=280&amp;sh=280" alt="Iogurte Líquido Morango Infantil" title="Iogurte Líquido Morango Infantil" src="https://www.continente.pt/dw/image/v2/BDVS_PRD/on/demandware.static/-/Sites-col-master-catalog/default/dw02ce3162/images/col/524/5248728-frente.jpg?sw=280&amp;sh=280">
                    </picture>
                    </a>
                    <div class="color-swatches d-flex" style="margin-left: 5px;">
                    <div class="swatches d-flex">
                    </div>
                    </div>
                    </div>
                    <div class="ct-tile-body col col-sm-auto ">
                    <div class="ct-pdp-details">
                    <div class="ct-pdp-link">
                    <a class="ct-tile--description" href="https://www.continente.pt/produto/iogurte-liquido-morango-infantil-danonino-5248728.html?cgid=home" tabindex="0">Iogurte Líquido Morango Infantil</a>
                    <div class="ct-tile--favorite-top d-sm-none">
                    <button class="wishlist-toggler guest-mode inactive button button--tertiary" data-pid="5248728" data-add-url="https://www.continente.pt/on/demandware.store/Sites-continente-Site/default/Wishlist-AddProduct?pid=5248728" data-toggle="tooltip" aria-label="Adicionar aos favoritos " data-original-title="Adicionar aos favoritos" data-placement="top" tabindex="0">
                    <svg class="active-content" width="100%" height="100%" viewBox="0 0 20 22" fill="none" xmlns="http://www.w3.org/2000/svg">
                    <path fill-rule="evenodd" clip-rule="evenodd" d="M0 1.53052C0 0.685236 0.692171 0 1.54601 0H15.0736C15.9274 0 16.6196 0.685235 16.6196 1.53052V13.4064L15.8127 13.922L14.2658 14.2658L12.7189 13.4064L10.6054 14.3818C10.4994 14.2451 10.3327 14.157 10.1452 14.157H6.76329C6.4431 14.157 6.18354 14.414 6.18354 14.731C6.18354 15.0479 6.4431 15.3049 6.76329 15.3049H10.1452C10.2478 15.3049 10.3441 15.2785 10.4277 15.2322L10.3126 16.8439L13.2345 20.2793H1.54601C0.69217 20.2793 0 19.5941 0 18.7488V1.53052ZM6.18354 5.5483C6.18354 5.23132 6.4431 4.97436 6.76329 4.97436H12.3676C12.6878 4.97436 12.9473 5.23132 12.9473 5.5483C12.9473 5.86528 12.6878 6.12224 12.3676 6.12224H6.76329C6.4431 6.12224 6.18354 5.86528 6.18354 5.5483ZM6.76329 11.0961C6.4431 11.0961 6.18354 11.3531 6.18354 11.6701C6.18354 11.987 6.4431 12.244 6.76329 12.244H12.3676C12.6878 12.244 12.9473 11.987 12.9473 11.6701C12.9473 11.3531 12.6878 11.0961 12.3676 11.0961H6.76329ZM6.18354 8.60985C6.18354 8.29287 6.4431 8.03591 6.76329 8.03591H12.3676C12.6878 8.03591 12.9473 8.29287 12.9473 8.60985C12.9473 8.92684 12.6878 9.1838 12.3676 9.1838H6.76329C6.4431 9.1838 6.18354 8.92684 6.18354 8.60985ZM3.67118 5.5483C3.67118 5.23132 3.93075 4.97436 4.25093 4.97436H4.63743C4.95762 4.97436 5.21719 5.23132 5.21719 5.5483C5.21719 5.86528 4.95762 6.12224 4.63743 6.12224H4.25093C3.93075 6.12224 3.67118 5.86528 3.67118 5.5483ZM4.25093 11.0961C3.93075 11.0961 3.67118 11.3531 3.67118 11.6701C3.67118 11.987 3.93075 12.244 4.25093 12.244H4.63743C4.95762 12.244 5.21719 11.987 5.21719 11.6701C5.21719 11.3531 4.95762 11.0961 4.63743 11.0961H4.25093ZM3.67118 8.60985C3.67118 8.29287 3.93075 8.03591 4.25093 8.03591H4.63743C4.95762 8.03591 5.21719 8.29287 5.21719 8.60985C5.21719 8.92684 4.95762 9.1838 4.63743 9.1838H4.25093C3.93075 9.1838 3.67118 8.92684 3.67118 8.60985ZM4.25093 14.157C3.93075 14.157 3.67118 14.414 3.67118 14.731C3.67118 15.0479 3.93075 15.3049 4.25093 15.3049H4.63743C4.95762 15.3049 5.21719 15.0479 5.21719 14.731C5.21719 14.414 4.95762 14.157 4.63743 14.157H4.25093Z" fill="#EB0203"></path>
                    <path fill-rule="evenodd" clip-rule="evenodd" d="M14.6252 13.6363C13.4918 12.6215 11.7817 12.5264 10.6569 13.4792C9.12421 14.7764 9.34841 16.8912 10.4409 18.0122L14.0159 21.6742C14.2197 21.8832 14.4928 22 14.7822 22C15.0737 22 15.3448 21.8852 15.5486 21.6762L19.1236 18.0142C20.214 16.8933 20.4423 14.7785 18.9075 13.4792C17.7827 12.5283 16.0724 12.6217 14.9391 13.6365C14.8855 13.6845 14.8331 13.7345 14.7822 13.7866C14.7313 13.7345 14.6789 13.6843 14.6252 13.6363ZM18.1546 14.3522C19.0973 15.1508 18.9962 16.4896 18.2891 17.2173C18.2888 17.2175 18.2886 17.2177 18.2884 17.218L14.7832 20.8084L11.2753 17.2151C11.2752 17.215 11.2751 17.2149 11.2749 17.2148C10.5677 16.4887 10.4678 15.1495 11.4104 14.3518L11.4108 14.3514C12.0745 13.7892 13.2018 13.82 13.9488 14.5846L14.7822 15.4378L15.6157 14.5846C16.3617 13.8211 17.4896 13.79 18.1545 14.3521" fill="#EB0203"></path>
                    </svg>
                    <svg class="inactive-content" width="100%" height="100%" viewBox="0 0 20 23" fill="none" xmlns="http://www.w3.org/2000/svg">
                    <path fill-rule="evenodd" clip-rule="evenodd" d="M6.18408 5.77914C6.18408 5.46223 6.44363 5.20532 6.7638 5.20532H12.3678C12.6879 5.20532 12.9475 5.46223 12.9475 5.77914C12.9475 6.09606 12.6879 6.35297 12.3678 6.35297H6.7638C6.44363 6.35297 6.18408 6.09606 6.18408 5.77914Z" fill="#EB0203"></path>
                    <path fill-rule="evenodd" clip-rule="evenodd" d="M6.18408 11.9034C6.18408 11.5865 6.44363 11.3296 6.7638 11.3296H12.3678C12.6879 11.3296 12.9475 11.5865 12.9475 11.9034C12.9475 12.2202 12.6879 12.4771 12.3678 12.4771H6.7638C6.44363 12.4771 6.18408 12.2202 6.18408 11.9034Z" fill="#EB0203"></path>
                    <path fill-rule="evenodd" clip-rule="evenodd" d="M6.18408 8.84116C6.18408 8.52424 6.44363 8.26733 6.7638 8.26733H12.3678C12.6879 8.26733 12.9475 8.52424 12.9475 8.84116C12.9475 9.15807 12.6879 9.41498 12.3678 9.41498H6.7638C6.44363 9.41498 6.18408 9.15807 6.18408 8.84116Z" fill="#EB0203"></path>
                    <path fill-rule="evenodd" clip-rule="evenodd" d="M6.18408 14.9655C6.18408 14.6486 6.44363 14.3917 6.7638 14.3917H10.1455C10.4657 14.3917 10.7252 14.6486 10.7252 14.9655C10.7252 15.2825 10.4657 15.5394 10.1455 15.5394H6.7638C6.44363 15.5394 6.18408 15.2825 6.18408 14.9655Z" fill="#EB0203"></path>
                    <path fill-rule="evenodd" clip-rule="evenodd" d="M3.67139 5.77914C3.67139 5.46223 3.93094 5.20532 4.25111 5.20532H4.63759C4.95776 5.20532 5.21731 5.46223 5.21731 5.77914C5.21731 6.09606 4.95776 6.35297 4.63759 6.35297H4.25111C3.93094 6.35297 3.67139 6.09606 3.67139 5.77914Z" fill="#EB0203"></path>
                    <path fill-rule="evenodd" clip-rule="evenodd" d="M3.67139 11.9034C3.67139 11.5865 3.93094 11.3296 4.25111 11.3296H4.63759C4.95776 11.3296 5.21731 11.5865 5.21731 11.9034C5.21731 12.2202 4.95776 12.4771 4.63759 12.4771H4.25111C3.93094 12.4771 3.67139 12.2202 3.67139 11.9034Z" fill="#EB0203"></path>
                    <path fill-rule="evenodd" clip-rule="evenodd" d="M3.67139 8.84116C3.67139 8.52424 3.93094 8.26733 4.25111 8.26733H4.63759C4.95776 8.26733 5.21731 8.52424 5.21731 8.84116C5.21731 9.15807 4.95776 9.41498 4.63759 9.41498H4.25111C3.93094 9.41498 3.67139 9.15807 3.67139 8.84116Z" fill="#EB0203"></path>
                    <path fill-rule="evenodd" clip-rule="evenodd" d="M3.67139 14.9655C3.67139 14.6486 3.93094 14.3917 4.25111 14.3917H4.63759C4.95776 14.3917 5.21731 14.6486 5.21731 14.9655C5.21731 15.2825 4.95776 15.5394 4.63759 15.5394H4.25111C3.93094 15.5394 3.67139 15.2825 3.67139 14.9655Z" fill="#EB0203"></path>
                    <path fill-rule="evenodd" clip-rule="evenodd" d="M0 1.76033C0 0.914738 0.692131 0.229248 1.54592 0.229248H15.0727C15.9265 0.229248 16.6186 0.914738 16.6186 1.76033V11.2818C16.6186 11.5989 16.3591 11.8559 16.0389 11.8559C15.7187 11.8559 15.4592 11.5989 15.4592 11.2818V1.76033C15.4592 1.54893 15.2862 1.37756 15.0727 1.37756H1.54592C1.33247 1.37756 1.15944 1.54893 1.15944 1.76033V18.985C1.15944 19.1964 1.33247 19.3678 1.54592 19.3678H9.27551C9.59568 19.3678 9.85523 19.6249 9.85523 19.942C9.85523 20.2591 9.59568 20.5161 9.27551 20.5161H1.54592C0.692131 20.5161 0 19.8306 0 18.985V1.76033Z" fill="#EB0203"></path>
                    <path fill-rule="evenodd" clip-rule="evenodd" d="M14.6254 13.8718C13.4921 12.8567 11.7821 12.7615 10.6574 13.7147C9.12472 15.0124 9.34891 17.128 10.4413 18.2493L14.0161 21.9126C14.2199 22.1217 14.493 22.2386 14.7824 22.2386C15.0739 22.2386 15.3449 22.1238 15.5487 21.9147L19.1235 18.2514C20.2139 17.13 20.4422 15.0144 18.9075 13.7147C17.7827 12.7634 16.0726 12.8569 14.9392 13.872C14.8856 13.92 14.8333 13.9701 14.7824 14.0222C14.7314 13.97 14.6791 13.9199 14.6254 13.8718ZM18.1546 14.588C19.0972 15.3869 18.9961 16.7262 18.2891 17.4541C18.2888 17.4543 18.2886 17.4546 18.2884 17.4548L14.7834 21.0466L11.2757 17.452C11.2756 17.4519 11.2755 17.4517 11.2753 17.4516C10.5681 16.7252 10.4682 15.3856 11.4108 14.5876L11.4112 14.5872C12.0748 14.0248 13.202 14.0556 13.949 14.8205L14.7824 15.674L15.6158 14.8205C16.3618 14.0567 17.4896 14.0256 18.1545 14.5879" fill="#EB0203"></path>
                    </svg>
                    </button>
                    </div>
                    </div>
                    <p class="ct-tile--brand">Danonino</p>
                    <p class="ct-tile--quantity">emb. 400 gr (4 un)</p>
                    </div>
                    <div class="ct-tile-bottom row no-gutters justify-content-between">
                    <div class="ct-price-wrap col-8 col-sm-12">
                    <div class="price js-product-price">
                    <div class="prices-wrapper">
                    <span class="sales ct-tile--price-primary ">
                    <span class="value" content="1.79">
                    <span class="ct-price-formatted">
                    €1,79
                    </span>
                    <span class="ct-m-unit">
                    /un
                    </span>
                    </span>
                    </span>
                    </div>
                    <div class="ct-tile--price-secondary">
                    <span class="ct-price-value">
                    €4,48
                    </span>
                    <span class="ct-m-unit">
                    /kg
                    </span>
                    </div>
                    <p class="ct-discount-amount ct-discount-amount-pvpr">PVP Recomendado: €2,29/un</p>
                    </div>
                    </div>
                    <div class="ct-tile-buy-section d-flex justify-content-center no-gutters col-auto col-sm-12">
                    <div class="col-2 d-sm-flex d-none">
                    <button class="wishlist-toggler guest-mode inactive button button--tertiary" data-pid="5248728" data-add-url="https://www.continente.pt/on/demandware.store/Sites-continente-Site/default/Wishlist-AddProduct?pid=5248728" data-toggle="tooltip" aria-label="Adicionar aos favoritos " data-original-title="Adicionar aos favoritos" data-placement="top" tabindex="0">
                    <svg class="active-content" width="100%" height="100%" viewBox="0 0 20 22" fill="none" xmlns="http://www.w3.org/2000/svg">
                    <path fill-rule="evenodd" clip-rule="evenodd" d="M0 1.53052C0 0.685236 0.692171 0 1.54601 0H15.0736C15.9274 0 16.6196 0.685235 16.6196 1.53052V13.4064L15.8127 13.922L14.2658 14.2658L12.7189 13.4064L10.6054 14.3818C10.4994 14.2451 10.3327 14.157 10.1452 14.157H6.76329C6.4431 14.157 6.18354 14.414 6.18354 14.731C6.18354 15.0479 6.4431 15.3049 6.76329 15.3049H10.1452C10.2478 15.3049 10.3441 15.2785 10.4277 15.2322L10.3126 16.8439L13.2345 20.2793H1.54601C0.69217 20.2793 0 19.5941 0 18.7488V1.53052ZM6.18354 5.5483C6.18354 5.23132 6.4431 4.97436 6.76329 4.97436H12.3676C12.6878 4.97436 12.9473 5.23132 12.9473 5.5483C12.9473 5.86528 12.6878 6.12224 12.3676 6.12224H6.76329C6.4431 6.12224 6.18354 5.86528 6.18354 5.5483ZM6.76329 11.0961C6.4431 11.0961 6.18354 11.3531 6.18354 11.6701C6.18354 11.987 6.4431 12.244 6.76329 12.244H12.3676C12.6878 12.244 12.9473 11.987 12.9473 11.6701C12.9473 11.3531 12.6878 11.0961 12.3676 11.0961H6.76329ZM6.18354 8.60985C6.18354 8.29287 6.4431 8.03591 6.76329 8.03591H12.3676C12.6878 8.03591 12.9473 8.29287 12.9473 8.60985C12.9473 8.92684 12.6878 9.1838 12.3676 9.1838H6.76329C6.4431 9.1838 6.18354 8.92684 6.18354 8.60985ZM3.67118 5.5483C3.67118 5.23132 3.93075 4.97436 4.25093 4.97436H4.63743C4.95762 4.97436 5.21719 5.23132 5.21719 5.5483C5.21719 5.86528 4.95762 6.12224 4.63743 6.12224H4.25093C3.93075 6.12224 3.67118 5.86528 3.67118 5.5483ZM4.25093 11.0961C3.93075 11.0961 3.67118 11.3531 3.67118 11.6701C3.67118 11.987 3.93075 12.244 4.25093 12.244H4.63743C4.95762 12.244 5.21719 11.987 5.21719 11.6701C5.21719 11.3531 4.95762 11.0961 4.63743 11.0961H4.25093ZM3.67118 8.60985C3.67118 8.29287 3.93075 8.03591 4.25093 8.03591H4.63743C4.95762 8.03591 5.21719 8.29287 5.21719 8.60985C5.21719 8.92684 4.95762 9.1838 4.63743 9.1838H4.25093C3.93075 9.1838 3.67118 8.92684 3.67118 8.60985ZM4.25093 14.157C3.93075 14.157 3.67118 14.414 3.67118 14.731C3.67118 15.0479 3.93075 15.3049 4.25093 15.3049H4.63743C4.95762 15.3049 5.21719 15.0479 5.21719 14.731C5.21719 14.414 4.95762 14.157 4.63743 14.157H4.25093Z" fill="#EB0203"></path>
                    <path fill-rule="evenodd" clip-rule="evenodd" d="M14.6252 13.6363C13.4918 12.6215 11.7817 12.5264 10.6569 13.4792C9.12421 14.7764 9.34841 16.8912 10.4409 18.0122L14.0159 21.6742C14.2197 21.8832 14.4928 22 14.7822 22C15.0737 22 15.3448 21.8852 15.5486 21.6762L19.1236 18.0142C20.214 16.8933 20.4423 14.7785 18.9075 13.4792C17.7827 12.5283 16.0724 12.6217 14.9391 13.6365C14.8855 13.6845 14.8331 13.7345 14.7822 13.7866C14.7313 13.7345 14.6789 13.6843 14.6252 13.6363ZM18.1546 14.3522C19.0973 15.1508 18.9962 16.4896 18.2891 17.2173C18.2888 17.2175 18.2886 17.2177 18.2884 17.218L14.7832 20.8084L11.2753 17.2151C11.2752 17.215 11.2751 17.2149 11.2749 17.2148C10.5677 16.4887 10.4678 15.1495 11.4104 14.3518L11.4108 14.3514C12.0745 13.7892 13.2018 13.82 13.9488 14.5846L14.7822 15.4378L15.6157 14.5846C16.3617 13.8211 17.4896 13.79 18.1545 14.3521" fill="#EB0203"></path>
                    </svg>
                    <svg class="inactive-content" width="100%" height="100%" viewBox="0 0 20 23" fill="none" xmlns="http://www.w3.org/2000/svg">
                    <path fill-rule="evenodd" clip-rule="evenodd" d="M6.18408 5.77914C6.18408 5.46223 6.44363 5.20532 6.7638 5.20532H12.3678C12.6879 5.20532 12.9475 5.46223 12.9475 5.77914C12.9475 6.09606 12.6879 6.35297 12.3678 6.35297H6.7638C6.44363 6.35297 6.18408 6.09606 6.18408 5.77914Z" fill="#EB0203"></path>
                    <path fill-rule="evenodd" clip-rule="evenodd" d="M6.18408 11.9034C6.18408 11.5865 6.44363 11.3296 6.7638 11.3296H12.3678C12.6879 11.3296 12.9475 11.5865 12.9475 11.9034C12.9475 12.2202 12.6879 12.4771 12.3678 12.4771H6.7638C6.44363 12.4771 6.18408 12.2202 6.18408 11.9034Z" fill="#EB0203"></path>
                    <path fill-rule="evenodd" clip-rule="evenodd" d="M6.18408 8.84116C6.18408 8.52424 6.44363 8.26733 6.7638 8.26733H12.3678C12.6879 8.26733 12.9475 8.52424 12.9475 8.84116C12.9475 9.15807 12.6879 9.41498 12.3678 9.41498H6.7638C6.44363 9.41498 6.18408 9.15807 6.18408 8.84116Z" fill="#EB0203"></path>
                    <path fill-rule="evenodd" clip-rule="evenodd" d="M6.18408 14.9655C6.18408 14.6486 6.44363 14.3917 6.7638 14.3917H10.1455C10.4657 14.3917 10.7252 14.6486 10.7252 14.9655C10.7252 15.2825 10.4657 15.5394 10.1455 15.5394H6.7638C6.44363 15.5394 6.18408 15.2825 6.18408 14.9655Z" fill="#EB0203"></path>
                    <path fill-rule="evenodd" clip-rule="evenodd" d="M3.67139 5.77914C3.67139 5.46223 3.93094 5.20532 4.25111 5.20532H4.63759C4.95776 5.20532 5.21731 5.46223 5.21731 5.77914C5.21731 6.09606 4.95776 6.35297 4.63759 6.35297H4.25111C3.93094 6.35297 3.67139 6.09606 3.67139 5.77914Z" fill="#EB0203"></path>
                    <path fill-rule="evenodd" clip-rule="evenodd" d="M3.67139 11.9034C3.67139 11.5865 3.93094 11.3296 4.25111 11.3296H4.63759C4.95776 11.3296 5.21731 11.5865 5.21731 11.9034C5.21731 12.2202 4.95776 12.4771 4.63759 12.4771H4.25111C3.93094 12.4771 3.67139 12.2202 3.67139 11.9034Z" fill="#EB0203"></path>
                    <path fill-rule="evenodd" clip-rule="evenodd" d="M3.67139 8.84116C3.67139 8.52424 3.93094 8.26733 4.25111 8.26733H4.63759C4.95776 8.26733 5.21731 8.52424 5.21731 8.84116C5.21731 9.15807 4.95776 9.41498 4.63759 9.41498H4.25111C3.93094 9.41498 3.67139 9.15807 3.67139 8.84116Z" fill="#EB0203"></path>
                    <path fill-rule="evenodd" clip-rule="evenodd" d="M3.67139 14.9655C3.67139 14.6486 3.93094 14.3917 4.25111 14.3917H4.63759C4.95776 14.3917 5.21731 14.6486 5.21731 14.9655C5.21731 15.2825 4.95776 15.5394 4.63759 15.5394H4.25111C3.93094 15.5394 3.67139 15.2825 3.67139 14.9655Z" fill="#EB0203"></path>
                    <path fill-rule="evenodd" clip-rule="evenodd" d="M0 1.76033C0 0.914738 0.692131 0.229248 1.54592 0.229248H15.0727C15.9265 0.229248 16.6186 0.914738 16.6186 1.76033V11.2818C16.6186 11.5989 16.3591 11.8559 16.0389 11.8559C15.7187 11.8559 15.4592 11.5989 15.4592 11.2818V1.76033C15.4592 1.54893 15.2862 1.37756 15.0727 1.37756H1.54592C1.33247 1.37756 1.15944 1.54893 1.15944 1.76033V18.985C1.15944 19.1964 1.33247 19.3678 1.54592 19.3678H9.27551C9.59568 19.3678 9.85523 19.6249 9.85523 19.942C9.85523 20.2591 9.59568 20.5161 9.27551 20.5161H1.54592C0.692131 20.5161 0 19.8306 0 18.985V1.76033Z" fill="#EB0203"></path>
                    <path fill-rule="evenodd" clip-rule="evenodd" d="M14.6254 13.8718C13.4921 12.8567 11.7821 12.7615 10.6574 13.7147C9.12472 15.0124 9.34891 17.128 10.4413 18.2493L14.0161 21.9126C14.2199 22.1217 14.493 22.2386 14.7824 22.2386C15.0739 22.2386 15.3449 22.1238 15.5487 21.9147L19.1235 18.2514C20.2139 17.13 20.4422 15.0144 18.9075 13.7147C17.7827 12.7634 16.0726 12.8569 14.9392 13.872C14.8856 13.92 14.8333 13.9701 14.7824 14.0222C14.7314 13.97 14.6791 13.9199 14.6254 13.8718ZM18.1546 14.588C19.0972 15.3869 18.9961 16.7262 18.2891 17.4541C18.2888 17.4543 18.2886 17.4546 18.2884 17.4548L14.7834 21.0466L11.2757 17.452C11.2756 17.4519 11.2755 17.4517 11.2753 17.4516C10.5681 16.7252 10.4682 15.3856 11.4108 14.5876L11.4112 14.5872C12.0748 14.0248 13.202 14.0556 13.949 14.8205L14.7824 15.674L15.6158 14.8205C16.3618 14.0567 17.4896 14.0256 18.1545 14.5879" fill="#EB0203"></path>
                    </svg>
                    </button>
                    </div>
                    <div class="col-sm-10 col-12">
                    <div class="ct-tile-quantity d-none" data-pid="5248728">
                    <input type="hidden" class="add-to-cart-url" value="https://www.continente.pt/on/demandware.store/Sites-continente-Site/default/Cart-AddProduct" tabindex="0">
                    <div class="d-none tile-delete-confirmation-btn" data-pid="5248728" data-delay-time="3000" data-in-cart-msg="no carrinho" data-one-product-added="Adicionado ao carrinho" data-remove-from-cart-msg="Removido do carrinho" data-stay-open="6000.0" data-confirmation-image="{&quot;url&quot;:&quot;https://www.continente.pt/dw/image/v2/BDVS_PRD/on/demandware.static/-/Sites-col-master-catalog/default/dw02ce3162/images/col/524/5248728-frente.jpg?sw=87&amp;sh=80&quot;,&quot;fallbackimage&quot;:{&quot;url&quot;:&quot;https://www.continente.pt/dw/image/v2/BDVS_PRD/on/demandware.static/Sites-continente-Site/-/default/dw7c42b4da/images/noimagelarge_product.png?sw=87&amp;sh=80&quot;,&quot;title&quot;:&quot;Iogurte Líquido Morango Infantil&quot;,&quot;alt&quot;:&quot;Iogurte Líquido Morango Infantil&quot;},&quot;title&quot;:&quot;Iogurte Líquido Morango Infantil&quot;,&quot;alt&quot;:&quot;Iogurte Líquido Morango Infantil&quot;}"></div>
                    <div class="ct-tile-quantity-update quantity-update product-qty-vue" data-remove-action="https://www.continente.pt/on/demandware.store/Sites-continente-Site/default/Cart-RemoveProductLineItem" data-action="https://www.continente.pt/on/demandware.store/Sites-continente-Site/default/Cart-UpdateQuantity" data-dimension-update="https://www.continente.pt/on/demandware.store/Sites-continente-Site/default/Cart-DimensionUpdate" data-pid="5248728" data-uuid="04654da971dec7b5419fcd1302" data-add-delay="500.0" data-measure-options="{&quot;hasConversionRate&quot;:false,&quot;hasAlternativeSaleUnit&quot;:false,&quot;unitConversionRate&quot;:0,&quot;minOrderQuantity&quot;:1,&quot;stepQuantity&quot;:1,&quot;primaryunit&quot;:&quot;un&quot;,&quot;secondaryunit&quot;:&quot;kg&quot;,&quot;selectedunit&quot;:&quot;primary&quot;,&quot;maxNumberOfUnitsPerSale&quot;:50}" data-price-available="null" :data-has-error="isMaxQtyReached || isMinQtyReached || qtySelectedMoreThanOne">
                    <template v-show="prodUnits">
                    <div class="quantity-input-wrapper has-units">
                    <label class="visually-hidden" :for="'quantity-' + pid + additionalTag">
                    Quantidade no carrinho
                    </label>
                    <input :ref="'quantityInput-' + pid + additionalTag" class="add-to-cart-quantity form-control ct-form-input text-center" inputmode="numeric" :class="{'is-invalid': isInvalid}" :data-pid="pid + additionalTag" :name="'quantity-' + pid + additionalTag" type="text" aria-label="Insira a quantidade" title="" v-model="displayValue" @change="updateQuantity" @focus="updateQtyFormat" @blur="restoreQtyFormat" :disabled="!isPriceAvailable">
                    <span class="quantity-icon quantity-icon--minus">
                    <button class="decrease-quantity-btn" @click="updateQuantity" :disabled="!isPriceAvailable" role="button" aria-label="Reduzir quantidade">
                    <i class="css-math-minus"></i>
                    </button>
                    </span>
                    <span class="quantity-icon quantity-icon--plus">
                    <button class="increase-quantity-btn" @click="updateQuantity" :disabled="isMaxQtyReached || !isPriceAvailable" role="button" aria-label="Aumentar quantidade">
                    <i class="css-math-plus"></i>
                    </button>
                    <span class="quantity-btn-disabled-placeholder"></span>
                    </span>
                    <template v-if="isPDP">
                    <span class="quantity-error ct-span-error text-sm-center product-max-allocation" v-if="isMaxQtyReached">
                    Quantidade máxima atingida
                    </span>
                    <span class="quantity-error ct-span-product text-sm-center product-allocation" v-if="!isMinQtyReached &amp;&amp; !isMaxQtyReached">
                    {{quantitySelected}} no carrinho
                    </span>
                    <span class="quantity-error ct-span-error text-sm-center product-min-allocation" :data-pid="pid" v-if="isMinQtyReached &amp;&amp; !isMaxQtyReached">
                    Quantidade mínima atingida
                    </span>
                    </template>
                    </div>
                    <template v-if="showNotes">
                    <div class="add-note-link-container ">
                    <div class="add-note">
                    <a href="/produto/iogurte-liquido-morango-infantil-danonino-5248728.html?showNote=true" class="ct-add-note-redirect-pdp" aria-label="Adicionar comentário">
                    <span class="svg-wrapper svg-icon-notes" style="width:19px; height:20px">
                    <svg class="svg-inline icon-notes" viewBox="0 0 28 30" xmlns="http://www.w3.org/2000/svg" width="100%" height="100%"><path d="M21.738 0C22.985 0 24 1.04 24 2.319V12.47c0 .469-.37.848-.828.848-.457 0-.827-.38-.827-.848V2.32c0-.343-.273-.622-.607-.622H2.262c-.334 0-.607.279-.607.622V27.68c0 .343.273.622.607.622h7.81c.457 0 .827.38.827.849 0 .468-.37.848-.827.848h-7.81C1.015 30 0 28.96 0 27.681V2.32C0 1.04 1.015 0 2.262 0h19.476zm2.844 16.004l.227.007c.823.053 1.589.39 2.176.964.64.627.993 1.46.993 2.349 0 .888-.353 1.722-.993 2.348l-6.83 6.665c-.11.108-.247.186-.397.226l-5.032 1.363c-.078.021-.16.032-.241.032-.242 0-.478-.097-.647-.266-.23-.231-.314-.566-.218-.874l1.49-4.798c.044-.139.122-.266.227-.369l6.844-6.677c.64-.625 1.493-.97 2.401-.97zm-2.886 3.94l-4.922 4.802-.947 3.048 3.22-.872 4.897-4.78-2.248-2.197zm2.887-2.174c-.425 0-.824.162-1.124.455l-.484.472 2.248 2.197.484-.472c.62-.606.62-1.591 0-2.197l-.117-.104c-.283-.227-.636-.35-1.007-.35zm-10.839.022c.498 0 .904.396.904.883 0 .488-.406.884-.904.884H5.946c-.499 0-.904-.396-.904-.884 0-.487.405-.883.904-.883zm5.042-4.876c.498 0 .904.397.904.884s-.406.884-.904.884H5.946c-.499 0-.904-.397-.904-.884s.405-.884.904-.884zm0-4.875c.498 0 .904.396.904.884 0 .487-.406.883-.904.883H5.946c-.499 0-.904-.396-.904-.883 0-.488.405-.884.904-.884z" fill="#EB0203" fill-rule="evenodd"></path></svg>
                    </span>
                    <div class="available-note d-none"></div>
                    </a>
                    </div>
                    </div>
                    </template>
                    <div class="measurement-unit-section" v-if="isPriceAvailable &amp;&amp; prodUnits ? prodUnits.hasAlternativeUnit : false">
                    <div class="ct-form-radio" @click="setDimension">
                    <input type="radio" title="" class="ct-form-check-input product-measurement-unit" :data-type="prodUnits.selectedUnit == prodUnits.secondaryUnit ? 'primary' : ''" :id="prodUnits.secondaryUnit + '-' + pid + '-measurement-unit-ptile' + additionalTag" :name="'measurement-unit-' + pid + '-ptile' + additionalTag" :value="prodUnits.secondaryUnit" v-model="prodUnits.selectedUnit">
                    <label :class="prodUnits.secondaryUnit + '-label ct-form-check-label mb-0'" :for="prodUnits.secondaryUnit + '-' + pid + '-measurement-unit-ptile' + additionalTag">
                    {{prodUnits.secondaryUnit}}
                    </label>
                    <span class="checkmark"></span>
                    </div>
                    <div class="ct-form-radio" @click="setDimension">
                    <input type="radio" title="" class="ct-form-check-input product-measurement-unit" :data-type="prodUnits.selectedUnit == prodUnits.primaryUnit ? 'primary' : ''" :id="prodUnits.primaryUnit + '-' + pid + '-measurement-unit-ptile' + additionalTag" :name="'measurement-unit-' + pid + '-ptile' + additionalTag" :value="prodUnits.primaryUnit" v-model="prodUnits.selectedUnit">
                    <label :class="prodUnits.primaryUnit + '-label ct-form-check-label mb-0'" :for="prodUnits.primaryUnit + '-' + pid + '-measurement-unit-ptile' + additionalTag">
                    {{prodUnits.primaryUnit}}
                    </label>
                    <span class="checkmark"></span>
                    </div>
                    </div>
                    <template v-if="!isPDP &amp;&amp; isPriceAvailable">
                    <span class="quantity-error ct-span-error product-max-allocation" v-if="isMaxQtyReached">
                    Quantidade máxima atingida
                    </span>
                    <span class="quantity-error ct-span-product product-allocation" v-if="!isMinQtyReached &amp;&amp; !isMaxQtyReached">
                    {{quantitySelected}} no carrinho
                    </span>
                    <span class="quantity-error ct-span-error product-min-allocation" :data-pid="pid" v-if="isMinQtyReached &amp;&amp; !isMaxQtyReached">
                    Quantidade mínima atingida
                     </span>
                    </template>
                    </template>
                    </div>
                    <input class="quantity-value-mask d-none" name="quantity" type="number" min="0" value="" tabindex="0">
                    </div>
                    <button type="button" class="add-to-cart button js-add-to-cart js-add-to-cart-tile 5248728 button--primary dynamic-layout-btn" data-toggle="modal" data-target="#chooseBonusProductModal" data-pid="5248728" data-quantity-value="null" aria-label="Carrinho" tabindex="0">
                    <span class="d-block d-sm-none">
                    <span class="svg-wrapper svg-icon-cart" style="width:20px; height:20px">
                    <svg class="svg-inline icon-cart" xmlns="http://www.w3.org/2000/svg" viewBox="0 0 500 500" width="100%" height="100%"><path fill="#EB0203" fill-rule="evenodd" d="M 485.67317,94.386311 C 476.37798,83.847129 463.09468,78.03348 448.30404,78.03348 H 90.690813 L 87.079511,51.327997 C 83.185582,22.539551 62.962285,0 41.011841,0 H 14.727836 C 6.563151,0 0,6.5286975 0,14.580758 c 0,8.05206 6.5945535,14.580758 14.727836,14.580758 h 26.284005 c 4.710398,0 14.696435,9.855222 16.894619,26.021523 L 100.01739,368.0631 c 1.88416,13.77244 9.01256,26.70549 20.1605,36.37417 8.25889,7.15046 18.02511,11.9071 28.26237,13.89679 -4.17655,7.58572 -6.53175,16.25957 -6.53175,25.493 0,29.53459 24.27424,53.59751 54.13815,53.59751 29.8325,0 54.13814,-24.03184 54.13814,-53.59751 0,-8.79818 -2.19818,-17.09897 -5.9979,-24.43598 h 77.12488 c -3.79973,7.33701 -5.96652,15.6378 -5.96652,24.43598 0,29.53459 24.27424,53.59751 54.13817,53.59751 29.83249,0 54.13814,-24.03184 54.13814,-53.59751 0,-8.79818 -2.1982,-17.09897 -5.9979,-24.43598 h 38.56243 c 8.13328,0 14.72783,-6.5287 14.72783,-14.61183 0,-8.02098 -6.59455,-14.54967 -14.72783,-14.54967 H 159.24277 c -14.38241,0 -28.13677,-11.90711 -30.02092,-26.02153 l -3.07746,-22.88154 h 290.6314 c 14.03698,0 27.94834,-5.28513 39.06488,-14.95381 11.11652,-9.6376 18.27632,-22.57065 20.16048,-36.37417 l 21.10259,-156.78201 c 1.94694,-14.51858 -2.10398,-28.29103 -11.43057,-38.861299 z M 220.76053,443.82706 c 0,13.49265 -11.08513,24.46709 -24.68247,24.46709 -13.62874,0 -24.71387,-10.97444 -24.71387,-24.46709 0,-13.49262 11.08513,-24.43598 24.71387,-24.43598 13.59734,0 24.68247,10.94336 24.68247,24.43598 z m 173.43675,0 c 0,13.49265 -11.08512,24.46709 -24.68245,24.46709 -13.62876,0 -24.71388,-10.97444 -24.71388,-24.46709 0,-13.49262 11.08512,-24.43598 24.71388,-24.43598 13.59733,0 24.68245,10.94336 24.68245,24.43598 z m 73.7648,-314.46558 -21.13397,156.782 c -1.88416,14.11442 -15.63851,26.05261 -30.02091,26.05261 H 122.25046 L 94.616142,107.19499 H 448.33544 c 6.18632,0 11.61896,2.2695 15.23028,6.37326 3.64269,4.13484 5.21283,9.73086 4.39636,15.79323 z"></path></svg>
                    </span>
                    </span>
                    <span class="add-to-cart--text d-none d-sm-block">Carrinho</span>
                    </button>
                    </div>
                    </div>
                    </div>
                    </div>
                    
                    <div class="col-12 d-sm-none">
                    </div>
                    </div>
                    </div>
                    </div>
                    </div><div class="pd-tile-wrap slick-slide slick-active" data-idx="3" style="width: 276px; height: auto;" data-slick-index="2" aria-hidden="false" tabindex="0" role="tabpanel" id="slick-slide02">
                    
                    <script type="text/javascript">//<!--
                    /* <![CDATA[ */
                    (function(){
                    try {
                        if(window.CQuotient) {
                            var cq_params = {};
                            cq_params.cookieId = window.CQuotient.getCQCookieId();
                            cq_params.userId = window.CQuotient.getCQUserId();
                            cq_params.emailId = CQuotient.getCQHashedEmail();
                            cq_params.loginId = CQuotient.getCQHashedLogin();
                            cq_params.accumulate = true;
                            cq_params.products = [{
                                id: '7214149',
                                sku: '',
                                type: '',
                                alt_id: ''
                            }];
                            cq_params.recommenderName = '__UNDEFINED__';
                            cq_params.realm = "BDVS";
                            cq_params.siteId = "continente";
                            cq_params.instanceType = "prd";
                            cq_params.locale = window.CQuotient.locale;
                            cq_params.slotId = '';
                            cq_params.slotConfigId = '';
                            cq_params.slotConfigTemplate = '';
                            if(window.CQuotient.sendActivity)
                                window.CQuotient.sendActivity( CQuotient.clientId, 'viewReco', cq_params );
                            else
                                window.CQuotient.activities.push( {activityType: 'viewReco', parameters: cq_params} );
                        }
                    } catch(err) {}
                    })();
                    /* ]]> */
                    // -->
                    </script>
                    <script type="text/javascript">//<!--
                    /* <![CDATA[ (viewProduct-active_data.js) */
                    dw.ac._capture({id: "7214149", type: "recommendation"});
                    /* ]]> */
                    // -->
                    </script>
                    <div class="product" data-pid="7214149">
                    <div class="product-tile pid-7214149   ct-product-tile " data-delay-time="3000" data-variants-mapping="[]" data-in-cart-msg="no carrinho" data-one-product-added="Adicionado ao carrinho" data-remove-from-cart-msg="Removido do carrinho" data-stay-open="6000.0" data-product-tile-impression="{&quot;name&quot;:&quot;7214149&quot;,&quot;id&quot;:&quot;7214149&quot;,&quot;price&quot;:2.39,&quot;brand&quot;:&quot;Oikos&quot;,&quot;category&quot;:[{&quot;category_level_1&quot;:&quot;Laticínios e Ovos&quot;},{&quot;category_level_2&quot;:&quot;Iogurtes&quot;},{&quot;category_level_3&quot;:&quot;Iogurtes Gregos&quot;}],&quot;variant&quot;:&quot;&quot;}">
                    <div class="ct-inner-tile-wrap row no-gutters justify-content-center align-content-start">
                    <div class="ct-product-tile-badge ct-product-tile-badge--promotional">
                    <img class="img-fluid lazyloaded" loading="lazy" data-src="https://www.continente.pt/dw/image/v2/BDVS_PRD/on/demandware.static/-/Sites-continente-Library/default/dwf5980f2e/images/badges/pvpr/col/pvpr.png?sw=60&amp;sh=42" alt="PVP Recomendado: €2,99/un" title="PVP Recomendado: €2,99/un" src="https://www.continente.pt/dw/image/v2/BDVS_PRD/on/demandware.static/-/Sites-continente-Library/default/dwf5980f2e/images/badges/pvpr/col/pvpr.png?sw=60&amp;sh=42">
                    <div class="ct-product-tile-badge-value-wrapper ct-product-tile-badge-value-wrapper--pvpr  ">
                    <span class="ct-product-tile-badge-value--pvpr">
                    20
                    </span>
                    <span class="ct-product-tile-badge-value--pvpr-quantifier ">
                    %
                    </span>
                    </div>
                    </div>
                    
                    <div class="ct-image-container col-4 col-sm" data-confirmation-image="{&quot;url&quot;:&quot;https://www.continente.pt/dw/image/v2/BDVS_PRD/on/demandware.static/-/Sites-col-master-catalog/default/dw0c7b8407/images/col/721/7214149-frente.jpg?sw=87&amp;sh=80&quot;,&quot;fallbackimage&quot;:{&quot;url&quot;:&quot;https://www.continente.pt/dw/image/v2/BDVS_PRD/on/demandware.static/Sites-continente-Site/-/default/dw7c42b4da/images/noimagelarge_product.png?sw=87&amp;sh=80&quot;,&quot;title&quot;:&quot;Iogurte Grego Morango&quot;,&quot;alt&quot;:&quot;Iogurte Grego Morango&quot;},&quot;title&quot;:&quot;Iogurte Grego Morango&quot;,&quot;alt&quot;:&quot;Iogurte Grego Morango&quot;}">
                    <a href="https://www.continente.pt/produto/iogurte-grego-morango-oikos-7214149.html?cgid=home" tabindex="0">
                    <picture class="intrinsic intrinsic--square">
                    <img class="ct-tile-image lazyloaded" loading="lazy" onerror="this.onerror=null;this.src='/on/demandware.static/Sites-continente-Site/-/default/dw7c42b4da/images/noimagelarge_product.png';" data-src="https://www.continente.pt/dw/image/v2/BDVS_PRD/on/demandware.static/-/Sites-col-master-catalog/default/dw0c7b8407/images/col/721/7214149-frente.jpg?sw=280&amp;sh=280" alt="Iogurte Grego Morango" title="Iogurte Grego Morango" src="https://www.continente.pt/dw/image/v2/BDVS_PRD/on/demandware.static/-/Sites-col-master-catalog/default/dw0c7b8407/images/col/721/7214149-frente.jpg?sw=280&amp;sh=280">
                    </picture>
                    </a>
                    <div class="color-swatches d-flex" style="margin-left: 5px;">
                    <div class="swatches d-flex">
                    </div>
                    </div>
                    </div>
                    <div class="ct-tile-body col col-sm-auto ">
                    <div class="ct-pdp-details">
                    <div class="ct-pdp-link">
                    <a class="ct-tile--description" href="https://www.continente.pt/produto/iogurte-grego-morango-oikos-7214149.html?cgid=home" tabindex="0">Iogurte Grego Morango</a>
                    <div class="ct-tile--favorite-top d-sm-none">
                    <button class="wishlist-toggler guest-mode inactive button button--tertiary" data-pid="7214149" data-add-url="https://www.continente.pt/on/demandware.store/Sites-continente-Site/default/Wishlist-AddProduct?pid=7214149" data-toggle="tooltip" aria-label="Adicionar aos favoritos " data-original-title="Adicionar aos favoritos" data-placement="top" tabindex="0">
                    <svg class="active-content" width="100%" height="100%" viewBox="0 0 20 22" fill="none" xmlns="http://www.w3.org/2000/svg">
                    <path fill-rule="evenodd" clip-rule="evenodd" d="M0 1.53052C0 0.685236 0.692171 0 1.54601 0H15.0736C15.9274 0 16.6196 0.685235 16.6196 1.53052V13.4064L15.8127 13.922L14.2658 14.2658L12.7189 13.4064L10.6054 14.3818C10.4994 14.2451 10.3327 14.157 10.1452 14.157H6.76329C6.4431 14.157 6.18354 14.414 6.18354 14.731C6.18354 15.0479 6.4431 15.3049 6.76329 15.3049H10.1452C10.2478 15.3049 10.3441 15.2785 10.4277 15.2322L10.3126 16.8439L13.2345 20.2793H1.54601C0.69217 20.2793 0 19.5941 0 18.7488V1.53052ZM6.18354 5.5483C6.18354 5.23132 6.4431 4.97436 6.76329 4.97436H12.3676C12.6878 4.97436 12.9473 5.23132 12.9473 5.5483C12.9473 5.86528 12.6878 6.12224 12.3676 6.12224H6.76329C6.4431 6.12224 6.18354 5.86528 6.18354 5.5483ZM6.76329 11.0961C6.4431 11.0961 6.18354 11.3531 6.18354 11.6701C6.18354 11.987 6.4431 12.244 6.76329 12.244H12.3676C12.6878 12.244 12.9473 11.987 12.9473 11.6701C12.9473 11.3531 12.6878 11.0961 12.3676 11.0961H6.76329ZM6.18354 8.60985C6.18354 8.29287 6.4431 8.03591 6.76329 8.03591H12.3676C12.6878 8.03591 12.9473 8.29287 12.9473 8.60985C12.9473 8.92684 12.6878 9.1838 12.3676 9.1838H6.76329C6.4431 9.1838 6.18354 8.92684 6.18354 8.60985ZM3.67118 5.5483C3.67118 5.23132 3.93075 4.97436 4.25093 4.97436H4.63743C4.95762 4.97436 5.21719 5.23132 5.21719 5.5483C5.21719 5.86528 4.95762 6.12224 4.63743 6.12224H4.25093C3.93075 6.12224 3.67118 5.86528 3.67118 5.5483ZM4.25093 11.0961C3.93075 11.0961 3.67118 11.3531 3.67118 11.6701C3.67118 11.987 3.93075 12.244 4.25093 12.244H4.63743C4.95762 12.244 5.21719 11.987 5.21719 11.6701C5.21719 11.3531 4.95762 11.0961 4.63743 11.0961H4.25093ZM3.67118 8.60985C3.67118 8.29287 3.93075 8.03591 4.25093 8.03591H4.63743C4.95762 8.03591 5.21719 8.29287 5.21719 8.60985C5.21719 8.92684 4.95762 9.1838 4.63743 9.1838H4.25093C3.93075 9.1838 3.67118 8.92684 3.67118 8.60985ZM4.25093 14.157C3.93075 14.157 3.67118 14.414 3.67118 14.731C3.67118 15.0479 3.93075 15.3049 4.25093 15.3049H4.63743C4.95762 15.3049 5.21719 15.0479 5.21719 14.731C5.21719 14.414 4.95762 14.157 4.63743 14.157H4.25093Z" fill="#EB0203"></path>
                    <path fill-rule="evenodd" clip-rule="evenodd" d="M14.6252 13.6363C13.4918 12.6215 11.7817 12.5264 10.6569 13.4792C9.12421 14.7764 9.34841 16.8912 10.4409 18.0122L14.0159 21.6742C14.2197 21.8832 14.4928 22 14.7822 22C15.0737 22 15.3448 21.8852 15.5486 21.6762L19.1236 18.0142C20.214 16.8933 20.4423 14.7785 18.9075 13.4792C17.7827 12.5283 16.0724 12.6217 14.9391 13.6365C14.8855 13.6845 14.8331 13.7345 14.7822 13.7866C14.7313 13.7345 14.6789 13.6843 14.6252 13.6363ZM18.1546 14.3522C19.0973 15.1508 18.9962 16.4896 18.2891 17.2173C18.2888 17.2175 18.2886 17.2177 18.2884 17.218L14.7832 20.8084L11.2753 17.2151C11.2752 17.215 11.2751 17.2149 11.2749 17.2148C10.5677 16.4887 10.4678 15.1495 11.4104 14.3518L11.4108 14.3514C12.0745 13.7892 13.2018 13.82 13.9488 14.5846L14.7822 15.4378L15.6157 14.5846C16.3617 13.8211 17.4896 13.79 18.1545 14.3521" fill="#EB0203"></path>
                    </svg>
                    <svg class="inactive-content" width="100%" height="100%" viewBox="0 0 20 23" fill="none" xmlns="http://www.w3.org/2000/svg">
                    <path fill-rule="evenodd" clip-rule="evenodd" d="M6.18408 5.77914C6.18408 5.46223 6.44363 5.20532 6.7638 5.20532H12.3678C12.6879 5.20532 12.9475 5.46223 12.9475 5.77914C12.9475 6.09606 12.6879 6.35297 12.3678 6.35297H6.7638C6.44363 6.35297 6.18408 6.09606 6.18408 5.77914Z" fill="#EB0203"></path>
                    <path fill-rule="evenodd" clip-rule="evenodd" d="M6.18408 11.9034C6.18408 11.5865 6.44363 11.3296 6.7638 11.3296H12.3678C12.6879 11.3296 12.9475 11.5865 12.9475 11.9034C12.9475 12.2202 12.6879 12.4771 12.3678 12.4771H6.7638C6.44363 12.4771 6.18408 12.2202 6.18408 11.9034Z" fill="#EB0203"></path>
                    <path fill-rule="evenodd" clip-rule="evenodd" d="M6.18408 8.84116C6.18408 8.52424 6.44363 8.26733 6.7638 8.26733H12.3678C12.6879 8.26733 12.9475 8.52424 12.9475 8.84116C12.9475 9.15807 12.6879 9.41498 12.3678 9.41498H6.7638C6.44363 9.41498 6.18408 9.15807 6.18408 8.84116Z" fill="#EB0203"></path>
                    <path fill-rule="evenodd" clip-rule="evenodd" d="M6.18408 14.9655C6.18408 14.6486 6.44363 14.3917 6.7638 14.3917H10.1455C10.4657 14.3917 10.7252 14.6486 10.7252 14.9655C10.7252 15.2825 10.4657 15.5394 10.1455 15.5394H6.7638C6.44363 15.5394 6.18408 15.2825 6.18408 14.9655Z" fill="#EB0203"></path>
                    <path fill-rule="evenodd" clip-rule="evenodd" d="M3.67139 5.77914C3.67139 5.46223 3.93094 5.20532 4.25111 5.20532H4.63759C4.95776 5.20532 5.21731 5.46223 5.21731 5.77914C5.21731 6.09606 4.95776 6.35297 4.63759 6.35297H4.25111C3.93094 6.35297 3.67139 6.09606 3.67139 5.77914Z" fill="#EB0203"></path>
                    <path fill-rule="evenodd" clip-rule="evenodd" d="M3.67139 11.9034C3.67139 11.5865 3.93094 11.3296 4.25111 11.3296H4.63759C4.95776 11.3296 5.21731 11.5865 5.21731 11.9034C5.21731 12.2202 4.95776 12.4771 4.63759 12.4771H4.25111C3.93094 12.4771 3.67139 12.2202 3.67139 11.9034Z" fill="#EB0203"></path>
                    <path fill-rule="evenodd" clip-rule="evenodd" d="M3.67139 8.84116C3.67139 8.52424 3.93094 8.26733 4.25111 8.26733H4.63759C4.95776 8.26733 5.21731 8.52424 5.21731 8.84116C5.21731 9.15807 4.95776 9.41498 4.63759 9.41498H4.25111C3.93094 9.41498 3.67139 9.15807 3.67139 8.84116Z" fill="#EB0203"></path>
                    <path fill-rule="evenodd" clip-rule="evenodd" d="M3.67139 14.9655C3.67139 14.6486 3.93094 14.3917 4.25111 14.3917H4.63759C4.95776 14.3917 5.21731 14.6486 5.21731 14.9655C5.21731 15.2825 4.95776 15.5394 4.63759 15.5394H4.25111C3.93094 15.5394 3.67139 15.2825 3.67139 14.9655Z" fill="#EB0203"></path>
                    <path fill-rule="evenodd" clip-rule="evenodd" d="M0 1.76033C0 0.914738 0.692131 0.229248 1.54592 0.229248H15.0727C15.9265 0.229248 16.6186 0.914738 16.6186 1.76033V11.2818C16.6186 11.5989 16.3591 11.8559 16.0389 11.8559C15.7187 11.8559 15.4592 11.5989 15.4592 11.2818V1.76033C15.4592 1.54893 15.2862 1.37756 15.0727 1.37756H1.54592C1.33247 1.37756 1.15944 1.54893 1.15944 1.76033V18.985C1.15944 19.1964 1.33247 19.3678 1.54592 19.3678H9.27551C9.59568 19.3678 9.85523 19.6249 9.85523 19.942C9.85523 20.2591 9.59568 20.5161 9.27551 20.5161H1.54592C0.692131 20.5161 0 19.8306 0 18.985V1.76033Z" fill="#EB0203"></path>
                    <path fill-rule="evenodd" clip-rule="evenodd" d="M14.6254 13.8718C13.4921 12.8567 11.7821 12.7615 10.6574 13.7147C9.12472 15.0124 9.34891 17.128 10.4413 18.2493L14.0161 21.9126C14.2199 22.1217 14.493 22.2386 14.7824 22.2386C15.0739 22.2386 15.3449 22.1238 15.5487 21.9147L19.1235 18.2514C20.2139 17.13 20.4422 15.0144 18.9075 13.7147C17.7827 12.7634 16.0726 12.8569 14.9392 13.872C14.8856 13.92 14.8333 13.9701 14.7824 14.0222C14.7314 13.97 14.6791 13.9199 14.6254 13.8718ZM18.1546 14.588C19.0972 15.3869 18.9961 16.7262 18.2891 17.4541C18.2888 17.4543 18.2886 17.4546 18.2884 17.4548L14.7834 21.0466L11.2757 17.452C11.2756 17.4519 11.2755 17.4517 11.2753 17.4516C10.5681 16.7252 10.4682 15.3856 11.4108 14.5876L11.4112 14.5872C12.0748 14.0248 13.202 14.0556 13.949 14.8205L14.7824 15.674L15.6158 14.8205C16.3618 14.0567 17.4896 14.0256 18.1545 14.5879" fill="#EB0203"></path>
                    </svg>
                    </button>
                    </div>
                    </div>
                    <p class="ct-tile--brand">Oikos</p>
                    <p class="ct-tile--quantity">emb. 440 gr (4 un)</p>
                    </div>
                    <div class="ct-tile-bottom row no-gutters justify-content-between">
                    <div class="ct-price-wrap col-8 col-sm-12">
                    <div class="price js-product-price">
                    <div class="prices-wrapper">
                    <span class="sales ct-tile--price-primary ">
                    <span class="value" content="2.39">
                    <span class="ct-price-formatted">
                    €2,39
                    </span>
                    <span class="ct-m-unit">
                    /un
                    </span>
                    </span>
                    </span>
                    </div>
                    <div class="ct-tile--price-secondary">
                    <span class="ct-price-value">
                    €5,43
                    </span>
                    <span class="ct-m-unit">
                    /kg
                    </span>
                    </div>
                    <p class="ct-discount-amount ct-discount-amount-pvpr">PVP Recomendado: €2,99/un</p>
                    </div>
                    </div>
                    <div class="ct-tile-buy-section d-flex justify-content-center no-gutters col-auto col-sm-12">
                    <div class="col-2 d-sm-flex d-none">
                    <button class="wishlist-toggler guest-mode inactive button button--tertiary" data-pid="7214149" data-add-url="https://www.continente.pt/on/demandware.store/Sites-continente-Site/default/Wishlist-AddProduct?pid=7214149" data-toggle="tooltip" aria-label="Adicionar aos favoritos " data-original-title="Adicionar aos favoritos" data-placement="top" tabindex="0">
                    <svg class="active-content" width="100%" height="100%" viewBox="0 0 20 22" fill="none" xmlns="http://www.w3.org/2000/svg">
                    <path fill-rule="evenodd" clip-rule="evenodd" d="M0 1.53052C0 0.685236 0.692171 0 1.54601 0H15.0736C15.9274 0 16.6196 0.685235 16.6196 1.53052V13.4064L15.8127 13.922L14.2658 14.2658L12.7189 13.4064L10.6054 14.3818C10.4994 14.2451 10.3327 14.157 10.1452 14.157H6.76329C6.4431 14.157 6.18354 14.414 6.18354 14.731C6.18354 15.0479 6.4431 15.3049 6.76329 15.3049H10.1452C10.2478 15.3049 10.3441 15.2785 10.4277 15.2322L10.3126 16.8439L13.2345 20.2793H1.54601C0.69217 20.2793 0 19.5941 0 18.7488V1.53052ZM6.18354 5.5483C6.18354 5.23132 6.4431 4.97436 6.76329 4.97436H12.3676C12.6878 4.97436 12.9473 5.23132 12.9473 5.5483C12.9473 5.86528 12.6878 6.12224 12.3676 6.12224H6.76329C6.4431 6.12224 6.18354 5.86528 6.18354 5.5483ZM6.76329 11.0961C6.4431 11.0961 6.18354 11.3531 6.18354 11.6701C6.18354 11.987 6.4431 12.244 6.76329 12.244H12.3676C12.6878 12.244 12.9473 11.987 12.9473 11.6701C12.9473 11.3531 12.6878 11.0961 12.3676 11.0961H6.76329ZM6.18354 8.60985C6.18354 8.29287 6.4431 8.03591 6.76329 8.03591H12.3676C12.6878 8.03591 12.9473 8.29287 12.9473 8.60985C12.9473 8.92684 12.6878 9.1838 12.3676 9.1838H6.76329C6.4431 9.1838 6.18354 8.92684 6.18354 8.60985ZM3.67118 5.5483C3.67118 5.23132 3.93075 4.97436 4.25093 4.97436H4.63743C4.95762 4.97436 5.21719 5.23132 5.21719 5.5483C5.21719 5.86528 4.95762 6.12224 4.63743 6.12224H4.25093C3.93075 6.12224 3.67118 5.86528 3.67118 5.5483ZM4.25093 11.0961C3.93075 11.0961 3.67118 11.3531 3.67118 11.6701C3.67118 11.987 3.93075 12.244 4.25093 12.244H4.63743C4.95762 12.244 5.21719 11.987 5.21719 11.6701C5.21719 11.3531 4.95762 11.0961 4.63743 11.0961H4.25093ZM3.67118 8.60985C3.67118 8.29287 3.93075 8.03591 4.25093 8.03591H4.63743C4.95762 8.03591 5.21719 8.29287 5.21719 8.60985C5.21719 8.92684 4.95762 9.1838 4.63743 9.1838H4.25093C3.93075 9.1838 3.67118 8.92684 3.67118 8.60985ZM4.25093 14.157C3.93075 14.157 3.67118 14.414 3.67118 14.731C3.67118 15.0479 3.93075 15.3049 4.25093 15.3049H4.63743C4.95762 15.3049 5.21719 15.0479 5.21719 14.731C5.21719 14.414 4.95762 14.157 4.63743 14.157H4.25093Z" fill="#EB0203"></path>
                    <path fill-rule="evenodd" clip-rule="evenodd" d="M14.6252 13.6363C13.4918 12.6215 11.7817 12.5264 10.6569 13.4792C9.12421 14.7764 9.34841 16.8912 10.4409 18.0122L14.0159 21.6742C14.2197 21.8832 14.4928 22 14.7822 22C15.0737 22 15.3448 21.8852 15.5486 21.6762L19.1236 18.0142C20.214 16.8933 20.4423 14.7785 18.9075 13.4792C17.7827 12.5283 16.0724 12.6217 14.9391 13.6365C14.8855 13.6845 14.8331 13.7345 14.7822 13.7866C14.7313 13.7345 14.6789 13.6843 14.6252 13.6363ZM18.1546 14.3522C19.0973 15.1508 18.9962 16.4896 18.2891 17.2173C18.2888 17.2175 18.2886 17.2177 18.2884 17.218L14.7832 20.8084L11.2753 17.2151C11.2752 17.215 11.2751 17.2149 11.2749 17.2148C10.5677 16.4887 10.4678 15.1495 11.4104 14.3518L11.4108 14.3514C12.0745 13.7892 13.2018 13.82 13.9488 14.5846L14.7822 15.4378L15.6157 14.5846C16.3617 13.8211 17.4896 13.79 18.1545 14.3521" fill="#EB0203"></path>
                    </svg>
                    <svg class="inactive-content" width="100%" height="100%" viewBox="0 0 20 23" fill="none" xmlns="http://www.w3.org/2000/svg">
                    <path fill-rule="evenodd" clip-rule="evenodd" d="M6.18408 5.77914C6.18408 5.46223 6.44363 5.20532 6.7638 5.20532H12.3678C12.6879 5.20532 12.9475 5.46223 12.9475 5.77914C12.9475 6.09606 12.6879 6.35297 12.3678 6.35297H6.7638C6.44363 6.35297 6.18408 6.09606 6.18408 5.77914Z" fill="#EB0203"></path>
                    <path fill-rule="evenodd" clip-rule="evenodd" d="M6.18408 11.9034C6.18408 11.5865 6.44363 11.3296 6.7638 11.3296H12.3678C12.6879 11.3296 12.9475 11.5865 12.9475 11.9034C12.9475 12.2202 12.6879 12.4771 12.3678 12.4771H6.7638C6.44363 12.4771 6.18408 12.2202 6.18408 11.9034Z" fill="#EB0203"></path>
                    <path fill-rule="evenodd" clip-rule="evenodd" d="M6.18408 8.84116C6.18408 8.52424 6.44363 8.26733 6.7638 8.26733H12.3678C12.6879 8.26733 12.9475 8.52424 12.9475 8.84116C12.9475 9.15807 12.6879 9.41498 12.3678 9.41498H6.7638C6.44363 9.41498 6.18408 9.15807 6.18408 8.84116Z" fill="#EB0203"></path>
                    <path fill-rule="evenodd" clip-rule="evenodd" d="M6.18408 14.9655C6.18408 14.6486 6.44363 14.3917 6.7638 14.3917H10.1455C10.4657 14.3917 10.7252 14.6486 10.7252 14.9655C10.7252 15.2825 10.4657 15.5394 10.1455 15.5394H6.7638C6.44363 15.5394 6.18408 15.2825 6.18408 14.9655Z" fill="#EB0203"></path>
                    <path fill-rule="evenodd" clip-rule="evenodd" d="M3.67139 5.77914C3.67139 5.46223 3.93094 5.20532 4.25111 5.20532H4.63759C4.95776 5.20532 5.21731 5.46223 5.21731 5.77914C5.21731 6.09606 4.95776 6.35297 4.63759 6.35297H4.25111C3.93094 6.35297 3.67139 6.09606 3.67139 5.77914Z" fill="#EB0203"></path>
                    <path fill-rule="evenodd" clip-rule="evenodd" d="M3.67139 11.9034C3.67139 11.5865 3.93094 11.3296 4.25111 11.3296H4.63759C4.95776 11.3296 5.21731 11.5865 5.21731 11.9034C5.21731 12.2202 4.95776 12.4771 4.63759 12.4771H4.25111C3.93094 12.4771 3.67139 12.2202 3.67139 11.9034Z" fill="#EB0203"></path>
                    <path fill-rule="evenodd" clip-rule="evenodd" d="M3.67139 8.84116C3.67139 8.52424 3.93094 8.26733 4.25111 8.26733H4.63759C4.95776 8.26733 5.21731 8.52424 5.21731 8.84116C5.21731 9.15807 4.95776 9.41498 4.63759 9.41498H4.25111C3.93094 9.41498 3.67139 9.15807 3.67139 8.84116Z" fill="#EB0203"></path>
                    <path fill-rule="evenodd" clip-rule="evenodd" d="M3.67139 14.9655C3.67139 14.6486 3.93094 14.3917 4.25111 14.3917H4.63759C4.95776 14.3917 5.21731 14.6486 5.21731 14.9655C5.21731 15.2825 4.95776 15.5394 4.63759 15.5394H4.25111C3.93094 15.5394 3.67139 15.2825 3.67139 14.9655Z" fill="#EB0203"></path>
                    <path fill-rule="evenodd" clip-rule="evenodd" d="M0 1.76033C0 0.914738 0.692131 0.229248 1.54592 0.229248H15.0727C15.9265 0.229248 16.6186 0.914738 16.6186 1.76033V11.2818C16.6186 11.5989 16.3591 11.8559 16.0389 11.8559C15.7187 11.8559 15.4592 11.5989 15.4592 11.2818V1.76033C15.4592 1.54893 15.2862 1.37756 15.0727 1.37756H1.54592C1.33247 1.37756 1.15944 1.54893 1.15944 1.76033V18.985C1.15944 19.1964 1.33247 19.3678 1.54592 19.3678H9.27551C9.59568 19.3678 9.85523 19.6249 9.85523 19.942C9.85523 20.2591 9.59568 20.5161 9.27551 20.5161H1.54592C0.692131 20.5161 0 19.8306 0 18.985V1.76033Z" fill="#EB0203"></path>
                    <path fill-rule="evenodd" clip-rule="evenodd" d="M14.6254 13.8718C13.4921 12.8567 11.7821 12.7615 10.6574 13.7147C9.12472 15.0124 9.34891 17.128 10.4413 18.2493L14.0161 21.9126C14.2199 22.1217 14.493 22.2386 14.7824 22.2386C15.0739 22.2386 15.3449 22.1238 15.5487 21.9147L19.1235 18.2514C20.2139 17.13 20.4422 15.0144 18.9075 13.7147C17.7827 12.7634 16.0726 12.8569 14.9392 13.872C14.8856 13.92 14.8333 13.9701 14.7824 14.0222C14.7314 13.97 14.6791 13.9199 14.6254 13.8718ZM18.1546 14.588C19.0972 15.3869 18.9961 16.7262 18.2891 17.4541C18.2888 17.4543 18.2886 17.4546 18.2884 17.4548L14.7834 21.0466L11.2757 17.452C11.2756 17.4519 11.2755 17.4517 11.2753 17.4516C10.5681 16.7252 10.4682 15.3856 11.4108 14.5876L11.4112 14.5872C12.0748 14.0248 13.202 14.0556 13.949 14.8205L14.7824 15.674L15.6158 14.8205C16.3618 14.0567 17.4896 14.0256 18.1545 14.5879" fill="#EB0203"></path>
                    </svg>
                    </button>
                    </div>
                    <div class="col-sm-10 col-12">
                    <div class="ct-tile-quantity d-none" data-pid="7214149">
                    <input type="hidden" class="add-to-cart-url" value="https://www.continente.pt/on/demandware.store/Sites-continente-Site/default/Cart-AddProduct" tabindex="0">
                    <div class="d-none tile-delete-confirmation-btn" data-pid="7214149" data-delay-time="3000" data-in-cart-msg="no carrinho" data-one-product-added="Adicionado ao carrinho" data-remove-from-cart-msg="Removido do carrinho" data-stay-open="6000.0" data-confirmation-image="{&quot;url&quot;:&quot;https://www.continente.pt/dw/image/v2/BDVS_PRD/on/demandware.static/-/Sites-col-master-catalog/default/dw0c7b8407/images/col/721/7214149-frente.jpg?sw=87&amp;sh=80&quot;,&quot;fallbackimage&quot;:{&quot;url&quot;:&quot;https://www.continente.pt/dw/image/v2/BDVS_PRD/on/demandware.static/Sites-continente-Site/-/default/dw7c42b4da/images/noimagelarge_product.png?sw=87&amp;sh=80&quot;,&quot;title&quot;:&quot;Iogurte Grego Morango&quot;,&quot;alt&quot;:&quot;Iogurte Grego Morango&quot;},&quot;title&quot;:&quot;Iogurte Grego Morango&quot;,&quot;alt&quot;:&quot;Iogurte Grego Morango&quot;}"></div>
                    <div class="ct-tile-quantity-update quantity-update product-qty-vue" data-remove-action="https://www.continente.pt/on/demandware.store/Sites-continente-Site/default/Cart-RemoveProductLineItem" data-action="https://www.continente.pt/on/demandware.store/Sites-continente-Site/default/Cart-UpdateQuantity" data-dimension-update="https://www.continente.pt/on/demandware.store/Sites-continente-Site/default/Cart-DimensionUpdate" data-pid="7214149" data-uuid="67bf0d6004bd2e29d3660ac4e1" data-add-delay="500.0" data-measure-options="{&quot;hasConversionRate&quot;:false,&quot;hasAlternativeSaleUnit&quot;:false,&quot;unitConversionRate&quot;:null,&quot;minOrderQuantity&quot;:1,&quot;stepQuantity&quot;:1,&quot;primaryunit&quot;:&quot;un&quot;,&quot;secondaryunit&quot;:&quot;kg&quot;,&quot;selectedunit&quot;:&quot;primary&quot;,&quot;maxNumberOfUnitsPerSale&quot;:50}" data-price-available="null" :data-has-error="isMaxQtyReached || isMinQtyReached || qtySelectedMoreThanOne">
                    <template v-show="prodUnits">
                    <div class="quantity-input-wrapper has-units">
                    <label class="visually-hidden" :for="'quantity-' + pid + additionalTag">
                    Quantidade no carrinho
                    </label>
                    <input :ref="'quantityInput-' + pid + additionalTag" class="add-to-cart-quantity form-control ct-form-input text-center" inputmode="numeric" :class="{'is-invalid': isInvalid}" :data-pid="pid + additionalTag" :name="'quantity-' + pid + additionalTag" type="text" aria-label="Insira a quantidade" title="" v-model="displayValue" @change="updateQuantity" @focus="updateQtyFormat" @blur="restoreQtyFormat" :disabled="!isPriceAvailable">
                    <span class="quantity-icon quantity-icon--minus">
                    <button class="decrease-quantity-btn" @click="updateQuantity" :disabled="!isPriceAvailable" role="button" aria-label="Reduzir quantidade">
                    <i class="css-math-minus"></i>
                    </button>
                    </span>
                    <span class="quantity-icon quantity-icon--plus">
                    <button class="increase-quantity-btn" @click="updateQuantity" :disabled="isMaxQtyReached || !isPriceAvailable" role="button" aria-label="Aumentar quantidade">
                    <i class="css-math-plus"></i>
                    </button>
                    <span class="quantity-btn-disabled-placeholder"></span>
                    </span>
                    <template v-if="isPDP">
                    <span class="quantity-error ct-span-error text-sm-center product-max-allocation" v-if="isMaxQtyReached">
                    Quantidade máxima atingida
                    </span>
                    <span class="quantity-error ct-span-product text-sm-center product-allocation" v-if="!isMinQtyReached &amp;&amp; !isMaxQtyReached">
                    {{quantitySelected}} no carrinho
                    </span>
                    <span class="quantity-error ct-span-error text-sm-center product-min-allocation" :data-pid="pid" v-if="isMinQtyReached &amp;&amp; !isMaxQtyReached">
                    Quantidade mínima atingida
                    </span>
                    </template>
                    </div>
                    <template v-if="showNotes">
                    <div class="add-note-link-container ">
                    <div class="add-note">
                    <a href="/produto/iogurte-grego-morango-oikos-7214149.html?showNote=true" class="ct-add-note-redirect-pdp" aria-label="Adicionar comentário">
                    <span class="svg-wrapper svg-icon-notes" style="width:19px; height:20px">
                    <svg class="svg-inline icon-notes" viewBox="0 0 28 30" xmlns="http://www.w3.org/2000/svg" width="100%" height="100%"><path d="M21.738 0C22.985 0 24 1.04 24 2.319V12.47c0 .469-.37.848-.828.848-.457 0-.827-.38-.827-.848V2.32c0-.343-.273-.622-.607-.622H2.262c-.334 0-.607.279-.607.622V27.68c0 .343.273.622.607.622h7.81c.457 0 .827.38.827.849 0 .468-.37.848-.827.848h-7.81C1.015 30 0 28.96 0 27.681V2.32C0 1.04 1.015 0 2.262 0h19.476zm2.844 16.004l.227.007c.823.053 1.589.39 2.176.964.64.627.993 1.46.993 2.349 0 .888-.353 1.722-.993 2.348l-6.83 6.665c-.11.108-.247.186-.397.226l-5.032 1.363c-.078.021-.16.032-.241.032-.242 0-.478-.097-.647-.266-.23-.231-.314-.566-.218-.874l1.49-4.798c.044-.139.122-.266.227-.369l6.844-6.677c.64-.625 1.493-.97 2.401-.97zm-2.886 3.94l-4.922 4.802-.947 3.048 3.22-.872 4.897-4.78-2.248-2.197zm2.887-2.174c-.425 0-.824.162-1.124.455l-.484.472 2.248 2.197.484-.472c.62-.606.62-1.591 0-2.197l-.117-.104c-.283-.227-.636-.35-1.007-.35zm-10.839.022c.498 0 .904.396.904.883 0 .488-.406.884-.904.884H5.946c-.499 0-.904-.396-.904-.884 0-.487.405-.883.904-.883zm5.042-4.876c.498 0 .904.397.904.884s-.406.884-.904.884H5.946c-.499 0-.904-.397-.904-.884s.405-.884.904-.884zm0-4.875c.498 0 .904.396.904.884 0 .487-.406.883-.904.883H5.946c-.499 0-.904-.396-.904-.883 0-.488.405-.884.904-.884z" fill="#EB0203" fill-rule="evenodd"></path></svg>
                    </span>
                    <div class="available-note d-none"></div>
                    </a>
                    </div>
                    </div>
                    </template>
                    <div class="measurement-unit-section" v-if="isPriceAvailable &amp;&amp; prodUnits ? prodUnits.hasAlternativeUnit : false">
                    <div class="ct-form-radio" @click="setDimension">
                    <input type="radio" title="" class="ct-form-check-input product-measurement-unit" :data-type="prodUnits.selectedUnit == prodUnits.secondaryUnit ? 'primary' : ''" :id="prodUnits.secondaryUnit + '-' + pid + '-measurement-unit-ptile' + additionalTag" :name="'measurement-unit-' + pid + '-ptile' + additionalTag" :value="prodUnits.secondaryUnit" v-model="prodUnits.selectedUnit">
                    <label :class="prodUnits.secondaryUnit + '-label ct-form-check-label mb-0'" :for="prodUnits.secondaryUnit + '-' + pid + '-measurement-unit-ptile' + additionalTag">
                    {{prodUnits.secondaryUnit}}
                    </label>
                    <span class="checkmark"></span>
                    </div>
                    <div class="ct-form-radio" @click="setDimension">
                    <input type="radio" title="" class="ct-form-check-input product-measurement-unit" :data-type="prodUnits.selectedUnit == prodUnits.primaryUnit ? 'primary' : ''" :id="prodUnits.primaryUnit + '-' + pid + '-measurement-unit-ptile' + additionalTag" :name="'measurement-unit-' + pid + '-ptile' + additionalTag" :value="prodUnits.primaryUnit" v-model="prodUnits.selectedUnit">
                    <label :class="prodUnits.primaryUnit + '-label ct-form-check-label mb-0'" :for="prodUnits.primaryUnit + '-' + pid + '-measurement-unit-ptile' + additionalTag">
                    {{prodUnits.primaryUnit}}
                    </label>
                    <span class="checkmark"></span>
                    </div>
                    </div>
                    <template v-if="!isPDP &amp;&amp; isPriceAvailable">
                    <span class="quantity-error ct-span-error product-max-allocation" v-if="isMaxQtyReached">
                    Quantidade máxima atingida
                    </span>
                    <span class="quantity-error ct-span-product product-allocation" v-if="!isMinQtyReached &amp;&amp; !isMaxQtyReached">
                    {{quantitySelected}} no carrinho
                    </span>
                    <span class="quantity-error ct-span-error product-min-allocation" :data-pid="pid" v-if="isMinQtyReached &amp;&amp; !isMaxQtyReached">
                    Quantidade mínima atingida
                    </span>
                    </template>
                    </template>
                    </div>
                    <input class="quantity-value-mask d-none" name="quantity" type="number" min="0" value="" tabindex="0">
                    </div>
                    <button type="button" class="add-to-cart button js-add-to-cart js-add-to-cart-tile 7214149 button--primary dynamic-layout-btn" data-toggle="modal" data-target="#chooseBonusProductModal" data-pid="7214149" data-quantity-value="null" aria-label="Carrinho" tabindex="0">
                    <span class="d-block d-sm-none">
                    <span class="svg-wrapper svg-icon-cart" style="width:20px; height:20px">
                    <svg class="svg-inline icon-cart" xmlns="http://www.w3.org/2000/svg" viewBox="0 0 500 500" width="100%" height="100%"><path fill="#EB0203" fill-rule="evenodd" d="M 485.67317,94.386311 C 476.37798,83.847129 463.09468,78.03348 448.30404,78.03348 H 90.690813 L 87.079511,51.327997 C 83.185582,22.539551 62.962285,0 41.011841,0 H 14.727836 C 6.563151,0 0,6.5286975 0,14.580758 c 0,8.05206 6.5945535,14.580758 14.727836,14.580758 h 26.284005 c 4.710398,0 14.696435,9.855222 16.894619,26.021523 L 100.01739,368.0631 c 1.88416,13.77244 9.01256,26.70549 20.1605,36.37417 8.25889,7.15046 18.02511,11.9071 28.26237,13.89679 -4.17655,7.58572 -6.53175,16.25957 -6.53175,25.493 0,29.53459 24.27424,53.59751 54.13815,53.59751 29.8325,0 54.13814,-24.03184 54.13814,-53.59751 0,-8.79818 -2.19818,-17.09897 -5.9979,-24.43598 h 77.12488 c -3.79973,7.33701 -5.96652,15.6378 -5.96652,24.43598 0,29.53459 24.27424,53.59751 54.13817,53.59751 29.83249,0 54.13814,-24.03184 54.13814,-53.59751 0,-8.79818 -2.1982,-17.09897 -5.9979,-24.43598 h 38.56243 c 8.13328,0 14.72783,-6.5287 14.72783,-14.61183 0,-8.02098 -6.59455,-14.54967 -14.72783,-14.54967 H 159.24277 c -14.38241,0 -28.13677,-11.90711 -30.02092,-26.02153 l -3.07746,-22.88154 h 290.6314 c 14.03698,0 27.94834,-5.28513 39.06488,-14.95381 11.11652,-9.6376 18.27632,-22.57065 20.16048,-36.37417 l 21.10259,-156.78201 c 1.94694,-14.51858 -2.10398,-28.29103 -11.43057,-38.861299 z M 220.76053,443.82706 c 0,13.49265 -11.08513,24.46709 -24.68247,24.46709 -13.62874,0 -24.71387,-10.97444 -24.71387,-24.46709 0,-13.49262 11.08513,-24.43598 24.71387,-24.43598 13.59734,0 24.68247,10.94336 24.68247,24.43598 z m 173.43675,0 c 0,13.49265 -11.08512,24.46709 -24.68245,24.46709 -13.62876,0 -24.71388,-10.97444 -24.71388,-24.46709 0,-13.49262 11.08512,-24.43598 24.71388,-24.43598 13.59733,0 24.68245,10.94336 24.68245,24.43598 z m 73.7648,-314.46558 -21.13397,156.782 c -1.88416,14.11442 -15.63851,26.05261 -30.02091,26.05261 H 122.25046 L 94.616142,107.19499 H 448.33544 c 6.18632,0 11.61896,2.2695 15.23028,6.37326 3.64269,4.13484 5.21283,9.73086 4.39636,15.79323 z"></path></svg>
                    </span>
                    </span>
                    <span class="add-to-cart--text d-none d-sm-block">Carrinho</span>
                    </button>
                    </div>
                    </div>
                    </div>
                    </div>
                    
                    <div class="col-12 d-sm-none">
                    </div>
                    </div>
                    </div>
                    </div>
                    </div><div class="pd-tile-wrap slick-slide slick-active" data-idx="4" style="width: 276px; height: auto;" data-slick-index="3" aria-hidden="false" tabindex="0" role="tabpanel" id="slick-slide03">
                    
                    <script type="text/javascript">//<!--
                    /* <![CDATA[ */
                    (function(){
                    try {
                        if(window.CQuotient) {
                            var cq_params = {};
                            cq_params.cookieId = window.CQuotient.getCQCookieId();
                            cq_params.userId = window.CQuotient.getCQUserId();
                            cq_params.emailId = CQuotient.getCQHashedEmail();
                            cq_params.loginId = CQuotient.getCQHashedLogin();
                            cq_params.accumulate = true;
                            cq_params.products = [{
                                id: '2528757',
                                sku: '',
                                type: '',
                                alt_id: ''
                            }];
                            cq_params.recommenderName = '__UNDEFINED__';
                            cq_params.realm = "BDVS";
                            cq_params.siteId = "continente";
                            cq_params.instanceType = "prd";
                            cq_params.locale = window.CQuotient.locale;
                            cq_params.slotId = '';
                            cq_params.slotConfigId = '';
                            cq_params.slotConfigTemplate = '';
                            if(window.CQuotient.sendActivity)
                                window.CQuotient.sendActivity( CQuotient.clientId, 'viewReco', cq_params );
                            else
                                window.CQuotient.activities.push( {activityType: 'viewReco', parameters: cq_params} );
                        }
                    } catch(err) {}
                    })();
                    /* ]]> */
                    // -->
                    </script>
                    <script type="text/javascript">//<!--
                    /* <![CDATA[ (viewProduct-active_data.js) */
                    dw.ac._capture({id: "2528757", type: "recommendation"});
                    /* ]]> */
                    // -->
                    </script>
                    <div class="product" data-pid="2528757">
                    <div class="product-tile pid-2528757   ct-product-tile " data-delay-time="3000" data-variants-mapping="[]" data-in-cart-msg="no carrinho" data-one-product-added="Adicionado ao carrinho" data-remove-from-cart-msg="Removido do carrinho" data-stay-open="6000.0" data-product-tile-impression="{&quot;name&quot;:&quot;2528757&quot;,&quot;id&quot;:&quot;2528757&quot;,&quot;price&quot;:2.95,&quot;brand&quot;:&quot;Vaqueiro&quot;,&quot;category&quot;:[{&quot;category_level_1&quot;:&quot;Laticínios e Ovos&quot;},{&quot;category_level_2&quot;:&quot;Natas e Bechamel&quot;},{&quot;category_level_3&quot;:&quot;Cremes Vegetais&quot;}],&quot;variant&quot;:&quot;&quot;}">
                    <div class="ct-inner-tile-wrap row no-gutters justify-content-center align-content-start">
                    <div class="ct-product-tile-badge ct-product-tile-badge--promotional">
                    <img class="img-fluid lazyloaded" loading="lazy" data-src="https://www.continente.pt/dw/image/v2/BDVS_PRD/on/demandware.static/-/Sites-continente-Library/default/dwf5980f2e/images/badges/pvpr/col/pvpr.png?sw=60&amp;sh=42" alt="PVP Recomendado: €3,49/un" title="PVP Recomendado: €3,49/un" src="https://www.continente.pt/dw/image/v2/BDVS_PRD/on/demandware.static/-/Sites-continente-Library/default/dwf5980f2e/images/badges/pvpr/col/pvpr.png?sw=60&amp;sh=42">
                    <div class="ct-product-tile-badge-value-wrapper ct-product-tile-badge-value-wrapper--pvpr  ">
                    <span class="ct-product-tile-badge-value--pvpr">
                    15
                    </span>
                    <span class="ct-product-tile-badge-value--pvpr-quantifier ">
                    %
                    </span>
                    </div>
                    </div>
                    
                    <div class="ct-image-container col-4 col-sm" data-confirmation-image="{&quot;url&quot;:&quot;https://www.continente.pt/dw/image/v2/BDVS_PRD/on/demandware.static/-/Sites-col-master-catalog/default/dw3514f4a6/images/col/252/2528757-hero.jpg?sw=87&amp;sh=80&quot;,&quot;fallbackimage&quot;:{&quot;url&quot;:&quot;https://www.continente.pt/dw/image/v2/BDVS_PRD/on/demandware.static/Sites-continente-Site/-/default/dw7c42b4da/images/noimagelarge_product.png?sw=87&amp;sh=80&quot;,&quot;title&quot;:&quot;Creme Culinário Líquido&quot;,&quot;alt&quot;:&quot;Creme Culinário Líquido&quot;},&quot;title&quot;:&quot;Creme Culinário Líquido&quot;,&quot;alt&quot;:&quot;Creme Culinário Líquido&quot;}">
                    <a href="https://www.continente.pt/produto/creme-culinario-liquido-vaqueiro-2528757.html?cgid=home" tabindex="0">
                    <picture class="intrinsic intrinsic--square">
                    <img class="ct-tile-image lazyloaded" loading="lazy" onerror="this.onerror=null;this.src='/on/demandware.static/Sites-continente-Site/-/default/dw7c42b4da/images/noimagelarge_product.png';" data-src="https://www.continente.pt/dw/image/v2/BDVS_PRD/on/demandware.static/-/Sites-col-master-catalog/default/dw3514f4a6/images/col/252/2528757-hero.jpg?sw=280&amp;sh=280" alt="Creme Culinário Líquido" title="Creme Culinário Líquido" src="https://www.continente.pt/dw/image/v2/BDVS_PRD/on/demandware.static/-/Sites-col-master-catalog/default/dw3514f4a6/images/col/252/2528757-hero.jpg?sw=280&amp;sh=280">
                    </picture>
                    </a>
                    <div class="color-swatches d-flex" style="margin-left: 5px;">
                    <div class="swatches d-flex">
                    </div>
                    </div>
                    </div>
                    <div class="ct-tile-body col col-sm-auto ">
                    <div class="ct-pdp-details">
                    <div class="ct-pdp-link">
                    <a class="ct-tile--description" href="https://www.continente.pt/produto/creme-culinario-liquido-vaqueiro-2528757.html?cgid=home" tabindex="0">Creme Culinário Líquido</a>
                    <div class="ct-tile--favorite-top d-sm-none">
                    <button class="wishlist-toggler guest-mode inactive button button--tertiary" data-pid="2528757" data-add-url="https://www.continente.pt/on/demandware.store/Sites-continente-Site/default/Wishlist-AddProduct?pid=2528757" data-toggle="tooltip" aria-label="Adicionar aos favoritos " data-original-title="Adicionar aos favoritos" data-placement="top" tabindex="0">
                    <svg class="active-content" width="100%" height="100%" viewBox="0 0 20 22" fill="none" xmlns="http://www.w3.org/2000/svg">
                    <path fill-rule="evenodd" clip-rule="evenodd" d="M0 1.53052C0 0.685236 0.692171 0 1.54601 0H15.0736C15.9274 0 16.6196 0.685235 16.6196 1.53052V13.4064L15.8127 13.922L14.2658 14.2658L12.7189 13.4064L10.6054 14.3818C10.4994 14.2451 10.3327 14.157 10.1452 14.157H6.76329C6.4431 14.157 6.18354 14.414 6.18354 14.731C6.18354 15.0479 6.4431 15.3049 6.76329 15.3049H10.1452C10.2478 15.3049 10.3441 15.2785 10.4277 15.2322L10.3126 16.8439L13.2345 20.2793H1.54601C0.69217 20.2793 0 19.5941 0 18.7488V1.53052ZM6.18354 5.5483C6.18354 5.23132 6.4431 4.97436 6.76329 4.97436H12.3676C12.6878 4.97436 12.9473 5.23132 12.9473 5.5483C12.9473 5.86528 12.6878 6.12224 12.3676 6.12224H6.76329C6.4431 6.12224 6.18354 5.86528 6.18354 5.5483ZM6.76329 11.0961C6.4431 11.0961 6.18354 11.3531 6.18354 11.6701C6.18354 11.987 6.4431 12.244 6.76329 12.244H12.3676C12.6878 12.244 12.9473 11.987 12.9473 11.6701C12.9473 11.3531 12.6878 11.0961 12.3676 11.0961H6.76329ZM6.18354 8.60985C6.18354 8.29287 6.4431 8.03591 6.76329 8.03591H12.3676C12.6878 8.03591 12.9473 8.29287 12.9473 8.60985C12.9473 8.92684 12.6878 9.1838 12.3676 9.1838H6.76329C6.4431 9.1838 6.18354 8.92684 6.18354 8.60985ZM3.67118 5.5483C3.67118 5.23132 3.93075 4.97436 4.25093 4.97436H4.63743C4.95762 4.97436 5.21719 5.23132 5.21719 5.5483C5.21719 5.86528 4.95762 6.12224 4.63743 6.12224H4.25093C3.93075 6.12224 3.67118 5.86528 3.67118 5.5483ZM4.25093 11.0961C3.93075 11.0961 3.67118 11.3531 3.67118 11.6701C3.67118 11.987 3.93075 12.244 4.25093 12.244H4.63743C4.95762 12.244 5.21719 11.987 5.21719 11.6701C5.21719 11.3531 4.95762 11.0961 4.63743 11.0961H4.25093ZM3.67118 8.60985C3.67118 8.29287 3.93075 8.03591 4.25093 8.03591H4.63743C4.95762 8.03591 5.21719 8.29287 5.21719 8.60985C5.21719 8.92684 4.95762 9.1838 4.63743 9.1838H4.25093C3.93075 9.1838 3.67118 8.92684 3.67118 8.60985ZM4.25093 14.157C3.93075 14.157 3.67118 14.414 3.67118 14.731C3.67118 15.0479 3.93075 15.3049 4.25093 15.3049H4.63743C4.95762 15.3049 5.21719 15.0479 5.21719 14.731C5.21719 14.414 4.95762 14.157 4.63743 14.157H4.25093Z" fill="#EB0203"></path>
                    <path fill-rule="evenodd" clip-rule="evenodd" d="M14.6252 13.6363C13.4918 12.6215 11.7817 12.5264 10.6569 13.4792C9.12421 14.7764 9.34841 16.8912 10.4409 18.0122L14.0159 21.6742C14.2197 21.8832 14.4928 22 14.7822 22C15.0737 22 15.3448 21.8852 15.5486 21.6762L19.1236 18.0142C20.214 16.8933 20.4423 14.7785 18.9075 13.4792C17.7827 12.5283 16.0724 12.6217 14.9391 13.6365C14.8855 13.6845 14.8331 13.7345 14.7822 13.7866C14.7313 13.7345 14.6789 13.6843 14.6252 13.6363ZM18.1546 14.3522C19.0973 15.1508 18.9962 16.4896 18.2891 17.2173C18.2888 17.2175 18.2886 17.2177 18.2884 17.218L14.7832 20.8084L11.2753 17.2151C11.2752 17.215 11.2751 17.2149 11.2749 17.2148C10.5677 16.4887 10.4678 15.1495 11.4104 14.3518L11.4108 14.3514C12.0745 13.7892 13.2018 13.82 13.9488 14.5846L14.7822 15.4378L15.6157 14.5846C16.3617 13.8211 17.4896 13.79 18.1545 14.3521" fill="#EB0203"></path>
                    </svg>
                    <svg class="inactive-content" width="100%" height="100%" viewBox="0 0 20 23" fill="none" xmlns="http://www.w3.org/2000/svg">
                    <path fill-rule="evenodd" clip-rule="evenodd" d="M6.18408 5.77914C6.18408 5.46223 6.44363 5.20532 6.7638 5.20532H12.3678C12.6879 5.20532 12.9475 5.46223 12.9475 5.77914C12.9475 6.09606 12.6879 6.35297 12.3678 6.35297H6.7638C6.44363 6.35297 6.18408 6.09606 6.18408 5.77914Z" fill="#EB0203"></path>
                    <path fill-rule="evenodd" clip-rule="evenodd" d="M6.18408 11.9034C6.18408 11.5865 6.44363 11.3296 6.7638 11.3296H12.3678C12.6879 11.3296 12.9475 11.5865 12.9475 11.9034C12.9475 12.2202 12.6879 12.4771 12.3678 12.4771H6.7638C6.44363 12.4771 6.18408 12.2202 6.18408 11.9034Z" fill="#EB0203"></path>
                    <path fill-rule="evenodd" clip-rule="evenodd" d="M6.18408 8.84116C6.18408 8.52424 6.44363 8.26733 6.7638 8.26733H12.3678C12.6879 8.26733 12.9475 8.52424 12.9475 8.84116C12.9475 9.15807 12.6879 9.41498 12.3678 9.41498H6.7638C6.44363 9.41498 6.18408 9.15807 6.18408 8.84116Z" fill="#EB0203"></path>
                    <path fill-rule="evenodd" clip-rule="evenodd" d="M6.18408 14.9655C6.18408 14.6486 6.44363 14.3917 6.7638 14.3917H10.1455C10.4657 14.3917 10.7252 14.6486 10.7252 14.9655C10.7252 15.2825 10.4657 15.5394 10.1455 15.5394H6.7638C6.44363 15.5394 6.18408 15.2825 6.18408 14.9655Z" fill="#EB0203"></path>
                    <path fill-rule="evenodd" clip-rule="evenodd" d="M3.67139 5.77914C3.67139 5.46223 3.93094 5.20532 4.25111 5.20532H4.63759C4.95776 5.20532 5.21731 5.46223 5.21731 5.77914C5.21731 6.09606 4.95776 6.35297 4.63759 6.35297H4.25111C3.93094 6.35297 3.67139 6.09606 3.67139 5.77914Z" fill="#EB0203"></path>
                    <path fill-rule="evenodd" clip-rule="evenodd" d="M3.67139 11.9034C3.67139 11.5865 3.93094 11.3296 4.25111 11.3296H4.63759C4.95776 11.3296 5.21731 11.5865 5.21731 11.9034C5.21731 12.2202 4.95776 12.4771 4.63759 12.4771H4.25111C3.93094 12.4771 3.67139 12.2202 3.67139 11.9034Z" fill="#EB0203"></path>
                    <path fill-rule="evenodd" clip-rule="evenodd" d="M3.67139 8.84116C3.67139 8.52424 3.93094 8.26733 4.25111 8.26733H4.63759C4.95776 8.26733 5.21731 8.52424 5.21731 8.84116C5.21731 9.15807 4.95776 9.41498 4.63759 9.41498H4.25111C3.93094 9.41498 3.67139 9.15807 3.67139 8.84116Z" fill="#EB0203"></path>
                    <path fill-rule="evenodd" clip-rule="evenodd" d="M3.67139 14.9655C3.67139 14.6486 3.93094 14.3917 4.25111 14.3917H4.63759C4.95776 14.3917 5.21731 14.6486 5.21731 14.9655C5.21731 15.2825 4.95776 15.5394 4.63759 15.5394H4.25111C3.93094 15.5394 3.67139 15.2825 3.67139 14.9655Z" fill="#EB0203"></path>
                    <path fill-rule="evenodd" clip-rule="evenodd" d="M0 1.76033C0 0.914738 0.692131 0.229248 1.54592 0.229248H15.0727C15.9265 0.229248 16.6186 0.914738 16.6186 1.76033V11.2818C16.6186 11.5989 16.3591 11.8559 16.0389 11.8559C15.7187 11.8559 15.4592 11.5989 15.4592 11.2818V1.76033C15.4592 1.54893 15.2862 1.37756 15.0727 1.37756H1.54592C1.33247 1.37756 1.15944 1.54893 1.15944 1.76033V18.985C1.15944 19.1964 1.33247 19.3678 1.54592 19.3678H9.27551C9.59568 19.3678 9.85523 19.6249 9.85523 19.942C9.85523 20.2591 9.59568 20.5161 9.27551 20.5161H1.54592C0.692131 20.5161 0 19.8306 0 18.985V1.76033Z" fill="#EB0203"></path>
                    <path fill-rule="evenodd" clip-rule="evenodd" d="M14.6254 13.8718C13.4921 12.8567 11.7821 12.7615 10.6574 13.7147C9.12472 15.0124 9.34891 17.128 10.4413 18.2493L14.0161 21.9126C14.2199 22.1217 14.493 22.2386 14.7824 22.2386C15.0739 22.2386 15.3449 22.1238 15.5487 21.9147L19.1235 18.2514C20.2139 17.13 20.4422 15.0144 18.9075 13.7147C17.7827 12.7634 16.0726 12.8569 14.9392 13.872C14.8856 13.92 14.8333 13.9701 14.7824 14.0222C14.7314 13.97 14.6791 13.9199 14.6254 13.8718ZM18.1546 14.588C19.0972 15.3869 18.9961 16.7262 18.2891 17.4541C18.2888 17.4543 18.2886 17.4546 18.2884 17.4548L14.7834 21.0466L11.2757 17.452C11.2756 17.4519 11.2755 17.4517 11.2753 17.4516C10.5681 16.7252 10.4682 15.3856 11.4108 14.5876L11.4112 14.5872C12.0748 14.0248 13.202 14.0556 13.949 14.8205L14.7824 15.674L15.6158 14.8205C16.3618 14.0567 17.4896 14.0256 18.1545 14.5879" fill="#EB0203"></path>
                    </svg>
                    </button>
                    </div>
                    </div>
                    <p class="ct-tile--brand">Vaqueiro</p>
                    <p class="ct-tile--quantity">emb. 500 ml</p>
                    </div>
                    <div class="ct-tile-bottom row no-gutters justify-content-between">
                    <div class="ct-price-wrap col-8 col-sm-12">
                    <div class="price js-product-price">
                    <div class="prices-wrapper">
                    <span class="sales ct-tile--price-primary ">
                    <span class="value" content="2.95">
                    <span class="ct-price-formatted">
                    €2,95
                    </span>
                    <span class="ct-m-unit">
                    /un
                    </span>
                    </span>
                    </span>
                    </div>
                    <div class="ct-tile--price-secondary">
                    <span class="ct-price-value">
                    €5,90
                    </span>
                    <span class="ct-m-unit">
                    /lt
                    </span>
                    </div>
                    <p class="ct-discount-amount ct-discount-amount-pvpr">PVP Recomendado: €3,49/un</p>
                    </div>
                    </div>
                    <div class="ct-tile-buy-section d-flex justify-content-center no-gutters col-auto col-sm-12">
                    <div class="col-2 d-sm-flex d-none">
                    <button class="wishlist-toggler guest-mode inactive button button--tertiary" data-pid="2528757" data-add-url="https://www.continente.pt/on/demandware.store/Sites-continente-Site/default/Wishlist-AddProduct?pid=2528757" data-toggle="tooltip" aria-label="Adicionar aos favoritos " data-original-title="Adicionar aos favoritos" data-placement="top" tabindex="0">
                    <svg class="active-content" width="100%" height="100%" viewBox="0 0 20 22" fill="none" xmlns="http://www.w3.org/2000/svg">
                    <path fill-rule="evenodd" clip-rule="evenodd" d="M0 1.53052C0 0.685236 0.692171 0 1.54601 0H15.0736C15.9274 0 16.6196 0.685235 16.6196 1.53052V13.4064L15.8127 13.922L14.2658 14.2658L12.7189 13.4064L10.6054 14.3818C10.4994 14.2451 10.3327 14.157 10.1452 14.157H6.76329C6.4431 14.157 6.18354 14.414 6.18354 14.731C6.18354 15.0479 6.4431 15.3049 6.76329 15.3049H10.1452C10.2478 15.3049 10.3441 15.2785 10.4277 15.2322L10.3126 16.8439L13.2345 20.2793H1.54601C0.69217 20.2793 0 19.5941 0 18.7488V1.53052ZM6.18354 5.5483C6.18354 5.23132 6.4431 4.97436 6.76329 4.97436H12.3676C12.6878 4.97436 12.9473 5.23132 12.9473 5.5483C12.9473 5.86528 12.6878 6.12224 12.3676 6.12224H6.76329C6.4431 6.12224 6.18354 5.86528 6.18354 5.5483ZM6.76329 11.0961C6.4431 11.0961 6.18354 11.3531 6.18354 11.6701C6.18354 11.987 6.4431 12.244 6.76329 12.244H12.3676C12.6878 12.244 12.9473 11.987 12.9473 11.6701C12.9473 11.3531 12.6878 11.0961 12.3676 11.0961H6.76329ZM6.18354 8.60985C6.18354 8.29287 6.4431 8.03591 6.76329 8.03591H12.3676C12.6878 8.03591 12.9473 8.29287 12.9473 8.60985C12.9473 8.92684 12.6878 9.1838 12.3676 9.1838H6.76329C6.4431 9.1838 6.18354 8.92684 6.18354 8.60985ZM3.67118 5.5483C3.67118 5.23132 3.93075 4.97436 4.25093 4.97436H4.63743C4.95762 4.97436 5.21719 5.23132 5.21719 5.5483C5.21719 5.86528 4.95762 6.12224 4.63743 6.12224H4.25093C3.93075 6.12224 3.67118 5.86528 3.67118 5.5483ZM4.25093 11.0961C3.93075 11.0961 3.67118 11.3531 3.67118 11.6701C3.67118 11.987 3.93075 12.244 4.25093 12.244H4.63743C4.95762 12.244 5.21719 11.987 5.21719 11.6701C5.21719 11.3531 4.95762 11.0961 4.63743 11.0961H4.25093ZM3.67118 8.60985C3.67118 8.29287 3.93075 8.03591 4.25093 8.03591H4.63743C4.95762 8.03591 5.21719 8.29287 5.21719 8.60985C5.21719 8.92684 4.95762 9.1838 4.63743 9.1838H4.25093C3.93075 9.1838 3.67118 8.92684 3.67118 8.60985ZM4.25093 14.157C3.93075 14.157 3.67118 14.414 3.67118 14.731C3.67118 15.0479 3.93075 15.3049 4.25093 15.3049H4.63743C4.95762 15.3049 5.21719 15.0479 5.21719 14.731C5.21719 14.414 4.95762 14.157 4.63743 14.157H4.25093Z" fill="#EB0203"></path>
                    <path fill-rule="evenodd" clip-rule="evenodd" d="M14.6252 13.6363C13.4918 12.6215 11.7817 12.5264 10.6569 13.4792C9.12421 14.7764 9.34841 16.8912 10.4409 18.0122L14.0159 21.6742C14.2197 21.8832 14.4928 22 14.7822 22C15.0737 22 15.3448 21.8852 15.5486 21.6762L19.1236 18.0142C20.214 16.8933 20.4423 14.7785 18.9075 13.4792C17.7827 12.5283 16.0724 12.6217 14.9391 13.6365C14.8855 13.6845 14.8331 13.7345 14.7822 13.7866C14.7313 13.7345 14.6789 13.6843 14.6252 13.6363ZM18.1546 14.3522C19.0973 15.1508 18.9962 16.4896 18.2891 17.2173C18.2888 17.2175 18.2886 17.2177 18.2884 17.218L14.7832 20.8084L11.2753 17.2151C11.2752 17.215 11.2751 17.2149 11.2749 17.2148C10.5677 16.4887 10.4678 15.1495 11.4104 14.3518L11.4108 14.3514C12.0745 13.7892 13.2018 13.82 13.9488 14.5846L14.7822 15.4378L15.6157 14.5846C16.3617 13.8211 17.4896 13.79 18.1545 14.3521" fill="#EB0203"></path>
                    </svg>
                    <svg class="inactive-content" width="100%" height="100%" viewBox="0 0 20 23" fill="none" xmlns="http://www.w3.org/2000/svg">
                    <path fill-rule="evenodd" clip-rule="evenodd" d="M6.18408 5.77914C6.18408 5.46223 6.44363 5.20532 6.7638 5.20532H12.3678C12.6879 5.20532 12.9475 5.46223 12.9475 5.77914C12.9475 6.09606 12.6879 6.35297 12.3678 6.35297H6.7638C6.44363 6.35297 6.18408 6.09606 6.18408 5.77914Z" fill="#EB0203"></path>
                    <path fill-rule="evenodd" clip-rule="evenodd" d="M6.18408 11.9034C6.18408 11.5865 6.44363 11.3296 6.7638 11.3296H12.3678C12.6879 11.3296 12.9475 11.5865 12.9475 11.9034C12.9475 12.2202 12.6879 12.4771 12.3678 12.4771H6.7638C6.44363 12.4771 6.18408 12.2202 6.18408 11.9034Z" fill="#EB0203"></path>
                    <path fill-rule="evenodd" clip-rule="evenodd" d="M6.18408 8.84116C6.18408 8.52424 6.44363 8.26733 6.7638 8.26733H12.3678C12.6879 8.26733 12.9475 8.52424 12.9475 8.84116C12.9475 9.15807 12.6879 9.41498 12.3678 9.41498H6.7638C6.44363 9.41498 6.18408 9.15807 6.18408 8.84116Z" fill="#EB0203"></path>
                    <path fill-rule="evenodd" clip-rule="evenodd" d="M6.18408 14.9655C6.18408 14.6486 6.44363 14.3917 6.7638 14.3917H10.1455C10.4657 14.3917 10.7252 14.6486 10.7252 14.9655C10.7252 15.2825 10.4657 15.5394 10.1455 15.5394H6.7638C6.44363 15.5394 6.18408 15.2825 6.18408 14.9655Z" fill="#EB0203"></path>
                    <path fill-rule="evenodd" clip-rule="evenodd" d="M3.67139 5.77914C3.67139 5.46223 3.93094 5.20532 4.25111 5.20532H4.63759C4.95776 5.20532 5.21731 5.46223 5.21731 5.77914C5.21731 6.09606 4.95776 6.35297 4.63759 6.35297H4.25111C3.93094 6.35297 3.67139 6.09606 3.67139 5.77914Z" fill="#EB0203"></path>
                    <path fill-rule="evenodd" clip-rule="evenodd" d="M3.67139 11.9034C3.67139 11.5865 3.93094 11.3296 4.25111 11.3296H4.63759C4.95776 11.3296 5.21731 11.5865 5.21731 11.9034C5.21731 12.2202 4.95776 12.4771 4.63759 12.4771H4.25111C3.93094 12.4771 3.67139 12.2202 3.67139 11.9034Z" fill="#EB0203"></path>
                    <path fill-rule="evenodd" clip-rule="evenodd" d="M3.67139 8.84116C3.67139 8.52424 3.93094 8.26733 4.25111 8.26733H4.63759C4.95776 8.26733 5.21731 8.52424 5.21731 8.84116C5.21731 9.15807 4.95776 9.41498 4.63759 9.41498H4.25111C3.93094 9.41498 3.67139 9.15807 3.67139 8.84116Z" fill="#EB0203"></path>
                    <path fill-rule="evenodd" clip-rule="evenodd" d="M3.67139 14.9655C3.67139 14.6486 3.93094 14.3917 4.25111 14.3917H4.63759C4.95776 14.3917 5.21731 14.6486 5.21731 14.9655C5.21731 15.2825 4.95776 15.5394 4.63759 15.5394H4.25111C3.93094 15.5394 3.67139 15.2825 3.67139 14.9655Z" fill="#EB0203"></path>
                    <path fill-rule="evenodd" clip-rule="evenodd" d="M0 1.76033C0 0.914738 0.692131 0.229248 1.54592 0.229248H15.0727C15.9265 0.229248 16.6186 0.914738 16.6186 1.76033V11.2818C16.6186 11.5989 16.3591 11.8559 16.0389 11.8559C15.7187 11.8559 15.4592 11.5989 15.4592 11.2818V1.76033C15.4592 1.54893 15.2862 1.37756 15.0727 1.37756H1.54592C1.33247 1.37756 1.15944 1.54893 1.15944 1.76033V18.985C1.15944 19.1964 1.33247 19.3678 1.54592 19.3678H9.27551C9.59568 19.3678 9.85523 19.6249 9.85523 19.942C9.85523 20.2591 9.59568 20.5161 9.27551 20.5161H1.54592C0.692131 20.5161 0 19.8306 0 18.985V1.76033Z" fill="#EB0203"></path>
                    <path fill-rule="evenodd" clip-rule="evenodd" d="M14.6254 13.8718C13.4921 12.8567 11.7821 12.7615 10.6574 13.7147C9.12472 15.0124 9.34891 17.128 10.4413 18.2493L14.0161 21.9126C14.2199 22.1217 14.493 22.2386 14.7824 22.2386C15.0739 22.2386 15.3449 22.1238 15.5487 21.9147L19.1235 18.2514C20.2139 17.13 20.4422 15.0144 18.9075 13.7147C17.7827 12.7634 16.0726 12.8569 14.9392 13.872C14.8856 13.92 14.8333 13.9701 14.7824 14.0222C14.7314 13.97 14.6791 13.9199 14.6254 13.8718ZM18.1546 14.588C19.0972 15.3869 18.9961 16.7262 18.2891 17.4541C18.2888 17.4543 18.2886 17.4546 18.2884 17.4548L14.7834 21.0466L11.2757 17.452C11.2756 17.4519 11.2755 17.4517 11.2753 17.4516C10.5681 16.7252 10.4682 15.3856 11.4108 14.5876L11.4112 14.5872C12.0748 14.0248 13.202 14.0556 13.949 14.8205L14.7824 15.674L15.6158 14.8205C16.3618 14.0567 17.4896 14.0256 18.1545 14.5879" fill="#EB0203"></path>
                    </svg>
                    </button>
                    </div>
                    <div class="col-sm-10 col-12">
                    <div class="ct-tile-quantity d-none" data-pid="2528757">
                    <input type="hidden" class="add-to-cart-url" value="https://www.continente.pt/on/demandware.store/Sites-continente-Site/default/Cart-AddProduct" tabindex="0">
                    <div class="d-none tile-delete-confirmation-btn" data-pid="2528757" data-delay-time="3000" data-in-cart-msg="no carrinho" data-one-product-added="Adicionado ao carrinho" data-remove-from-cart-msg="Removido do carrinho" data-stay-open="6000.0" data-confirmation-image="{&quot;url&quot;:&quot;https://www.continente.pt/dw/image/v2/BDVS_PRD/on/demandware.static/-/Sites-col-master-catalog/default/dw3514f4a6/images/col/252/2528757-hero.jpg?sw=87&amp;sh=80&quot;,&quot;fallbackimage&quot;:{&quot;url&quot;:&quot;https://www.continente.pt/dw/image/v2/BDVS_PRD/on/demandware.static/Sites-continente-Site/-/default/dw7c42b4da/images/noimagelarge_product.png?sw=87&amp;sh=80&quot;,&quot;title&quot;:&quot;Creme Culinário Líquido&quot;,&quot;alt&quot;:&quot;Creme Culinário Líquido&quot;},&quot;title&quot;:&quot;Creme Culinário Líquido&quot;,&quot;alt&quot;:&quot;Creme Culinário Líquido&quot;}"></div>
                    <div class="ct-tile-quantity-update quantity-update product-qty-vue" data-remove-action="https://www.continente.pt/on/demandware.store/Sites-continente-Site/default/Cart-RemoveProductLineItem" data-action="https://www.continente.pt/on/demandware.store/Sites-continente-Site/default/Cart-UpdateQuantity" data-dimension-update="https://www.continente.pt/on/demandware.store/Sites-continente-Site/default/Cart-DimensionUpdate" data-pid="2528757" data-uuid="471c35f0ef79cf859da474e99e" data-add-delay="500.0" data-measure-options="{&quot;hasConversionRate&quot;:false,&quot;hasAlternativeSaleUnit&quot;:false,&quot;unitConversionRate&quot;:0,&quot;minOrderQuantity&quot;:1,&quot;stepQuantity&quot;:1,&quot;primaryunit&quot;:&quot;un&quot;,&quot;secondaryunit&quot;:&quot;lt&quot;,&quot;selectedunit&quot;:&quot;primary&quot;,&quot;maxNumberOfUnitsPerSale&quot;:50}" data-price-available="null" :data-has-error="isMaxQtyReached || isMinQtyReached || qtySelectedMoreThanOne">
                    <template v-show="prodUnits">
                    <div class="quantity-input-wrapper has-units">
                    <label class="visually-hidden" :for="'quantity-' + pid + additionalTag">
                    Quantidade no carrinho
                    </label>
                    <input :ref="'quantityInput-' + pid + additionalTag" class="add-to-cart-quantity form-control ct-form-input text-center" inputmode="numeric" :class="{'is-invalid': isInvalid}" :data-pid="pid + additionalTag" :name="'quantity-' + pid + additionalTag" type="text" aria-label="Insira a quantidade" title="" v-model="displayValue" @change="updateQuantity" @focus="updateQtyFormat" @blur="restoreQtyFormat" :disabled="!isPriceAvailable">
                    <span class="quantity-icon quantity-icon--minus">
                    <button class="decrease-quantity-btn" @click="updateQuantity" :disabled="!isPriceAvailable" role="button" aria-label="Reduzir quantidade">
                    <i class="css-math-minus"></i>
                    </button>
                    </span>
                    <span class="quantity-icon quantity-icon--plus">
                    <button class="increase-quantity-btn" @click="updateQuantity" :disabled="isMaxQtyReached || !isPriceAvailable" role="button" aria-label="Aumentar quantidade">
                    <i class="css-math-plus"></i>
                    </button>
                    <span class="quantity-btn-disabled-placeholder"></span>
                    </span>
                    <template v-if="isPDP">
                    <span class="quantity-error ct-span-error text-sm-center product-max-allocation" v-if="isMaxQtyReached">
                    Quantidade máxima atingida
                    </span>
                    <span class="quantity-error ct-span-product text-sm-center product-allocation" v-if="!isMinQtyReached &amp;&amp; !isMaxQtyReached">
                    {{quantitySelected}} no carrinho
                    </span>
                    <span class="quantity-error ct-span-error text-sm-center product-min-allocation" :data-pid="pid" v-if="isMinQtyReached &amp;&amp; !isMaxQtyReached">
                    Quantidade mínima atingida
                    </span>
                    </template>
                    </div>
                    <template v-if="showNotes">
                    <div class="add-note-link-container ">
                    <div class="add-note">
                    <a href="/produto/creme-culinario-liquido-vaqueiro-2528757.html?showNote=true" class="ct-add-note-redirect-pdp" aria-label="Adicionar comentário">
                    <span class="svg-wrapper svg-icon-notes" style="width:19px; height:20px">
                    <svg class="svg-inline icon-notes" viewBox="0 0 28 30" xmlns="http://www.w3.org/2000/svg" width="100%" height="100%"><path d="M21.738 0C22.985 0 24 1.04 24 2.319V12.47c0 .469-.37.848-.828.848-.457 0-.827-.38-.827-.848V2.32c0-.343-.273-.622-.607-.622H2.262c-.334 0-.607.279-.607.622V27.68c0 .343.273.622.607.622h7.81c.457 0 .827.38.827.849 0 .468-.37.848-.827.848h-7.81C1.015 30 0 28.96 0 27.681V2.32C0 1.04 1.015 0 2.262 0h19.476zm2.844 16.004l.227.007c.823.053 1.589.39 2.176.964.64.627.993 1.46.993 2.349 0 .888-.353 1.722-.993 2.348l-6.83 6.665c-.11.108-.247.186-.397.226l-5.032 1.363c-.078.021-.16.032-.241.032-.242 0-.478-.097-.647-.266-.23-.231-.314-.566-.218-.874l1.49-4.798c.044-.139.122-.266.227-.369l6.844-6.677c.64-.625 1.493-.97 2.401-.97zm-2.886 3.94l-4.922 4.802-.947 3.048 3.22-.872 4.897-4.78-2.248-2.197zm2.887-2.174c-.425 0-.824.162-1.124.455l-.484.472 2.248 2.197.484-.472c.62-.606.62-1.591 0-2.197l-.117-.104c-.283-.227-.636-.35-1.007-.35zm-10.839.022c.498 0 .904.396.904.883 0 .488-.406.884-.904.884H5.946c-.499 0-.904-.396-.904-.884 0-.487.405-.883.904-.883zm5.042-4.876c.498 0 .904.397.904.884s-.406.884-.904.884H5.946c-.499 0-.904-.397-.904-.884s.405-.884.904-.884zm0-4.875c.498 0 .904.396.904.884 0 .487-.406.883-.904.883H5.946c-.499 0-.904-.396-.904-.883 0-.488.405-.884.904-.884z" fill="#EB0203" fill-rule="evenodd"></path></svg>
                    </span>
                    <div class="available-note d-none"></div>
                    </a>
                    </div>
                    </div>
                    </template>
                    <div class="measurement-unit-section" v-if="isPriceAvailable &amp;&amp; prodUnits ? prodUnits.hasAlternativeUnit : false">
                    <div class="ct-form-radio" @click="setDimension">
                    <input type="radio" title="" class="ct-form-check-input product-measurement-unit" :data-type="prodUnits.selectedUnit == prodUnits.secondaryUnit ? 'primary' : ''" :id="prodUnits.secondaryUnit + '-' + pid + '-measurement-unit-ptile' + additionalTag" :name="'measurement-unit-' + pid + '-ptile' + additionalTag" :value="prodUnits.secondaryUnit" v-model="prodUnits.selectedUnit">
                    <label :class="prodUnits.secondaryUnit + '-label ct-form-check-label mb-0'" :for="prodUnits.secondaryUnit + '-' + pid + '-measurement-unit-ptile' + additionalTag">
                    {{prodUnits.secondaryUnit}}
                    </label>
                    <span class="checkmark"></span>
                    </div>
                    <div class="ct-form-radio" @click="setDimension">
                    <input type="radio" title="" class="ct-form-check-input product-measurement-unit" :data-type="prodUnits.selectedUnit == prodUnits.primaryUnit ? 'primary' : ''" :id="prodUnits.primaryUnit + '-' + pid + '-measurement-unit-ptile' + additionalTag" :name="'measurement-unit-' + pid + '-ptile' + additionalTag" :value="prodUnits.primaryUnit" v-model="prodUnits.selectedUnit">
                    <label :class="prodUnits.primaryUnit + '-label ct-form-check-label mb-0'" :for="prodUnits.primaryUnit + '-' + pid + '-measurement-unit-ptile' + additionalTag">
                    {{prodUnits.primaryUnit}}
                    </label>
                    <span class="checkmark"></span>
                    </div>
                    </div>
                    <template v-if="!isPDP &amp;&amp; isPriceAvailable">
                    <span class="quantity-error ct-span-error product-max-allocation" v-if="isMaxQtyReached">
                    Quantidade máxima atingida
                    </span>
                    <span class="quantity-error ct-span-product product-allocation" v-if="!isMinQtyReached &amp;&amp; !isMaxQtyReached">
                    {{quantitySelected}} no carrinho
                    </span>
                    <span class="quantity-error ct-span-error product-min-allocation" :data-pid="pid" v-if="isMinQtyReached &amp;&amp; !isMaxQtyReached">
                    Quantidade mínima atingida
                    </span>
                    </template>
                    </template>
                    </div>
                    <input class="quantity-value-mask d-none" name="quantity" type="number" min="0" value="" tabindex="0">
                    </div>
                    <button type="button" class="add-to-cart button js-add-to-cart js-add-to-cart-tile 2528757 button--primary dynamic-layout-btn" data-toggle="modal" data-target="#chooseBonusProductModal" data-pid="2528757" data-quantity-value="null" aria-label="Carrinho" tabindex="0">
                    <span class="d-block d-sm-none">
                    <span class="svg-wrapper svg-icon-cart" style="width:20px; height:20px">
                    <svg class="svg-inline icon-cart" xmlns="http://www.w3.org/2000/svg" viewBox="0 0 500 500" width="100%" height="100%"><path fill="#EB0203" fill-rule="evenodd" d="M 485.67317,94.386311 C 476.37798,83.847129 463.09468,78.03348 448.30404,78.03348 H 90.690813 L 87.079511,51.327997 C 83.185582,22.539551 62.962285,0 41.011841,0 H 14.727836 C 6.563151,0 0,6.5286975 0,14.580758 c 0,8.05206 6.5945535,14.580758 14.727836,14.580758 h 26.284005 c 4.710398,0 14.696435,9.855222 16.894619,26.021523 L 100.01739,368.0631 c 1.88416,13.77244 9.01256,26.70549 20.1605,36.37417 8.25889,7.15046 18.02511,11.9071 28.26237,13.89679 -4.17655,7.58572 -6.53175,16.25957 -6.53175,25.493 0,29.53459 24.27424,53.59751 54.13815,53.59751 29.8325,0 54.13814,-24.03184 54.13814,-53.59751 0,-8.79818 -2.19818,-17.09897 -5.9979,-24.43598 h 77.12488 c -3.79973,7.33701 -5.96652,15.6378 -5.96652,24.43598 0,29.53459 24.27424,53.59751 54.13817,53.59751 29.83249,0 54.13814,-24.03184 54.13814,-53.59751 0,-8.79818 -2.1982,-17.09897 -5.9979,-24.43598 h 38.56243 c 8.13328,0 14.72783,-6.5287 14.72783,-14.61183 0,-8.02098 -6.59455,-14.54967 -14.72783,-14.54967 H 159.24277 c -14.38241,0 -28.13677,-11.90711 -30.02092,-26.02153 l -3.07746,-22.88154 h 290.6314 c 14.03698,0 27.94834,-5.28513 39.06488,-14.95381 11.11652,-9.6376 18.27632,-22.57065 20.16048,-36.37417 l 21.10259,-156.78201 c 1.94694,-14.51858 -2.10398,-28.29103 -11.43057,-38.861299 z M 220.76053,443.82706 c 0,13.49265 -11.08513,24.46709 -24.68247,24.46709 -13.62874,0 -24.71387,-10.97444 -24.71387,-24.46709 0,-13.49262 11.08513,-24.43598 24.71387,-24.43598 13.59734,0 24.68247,10.94336 24.68247,24.43598 z m 173.43675,0 c 0,13.49265 -11.08512,24.46709 -24.68245,24.46709 -13.62876,0 -24.71388,-10.97444 -24.71388,-24.46709 0,-13.49262 11.08512,-24.43598 24.71388,-24.43598 13.59733,0 24.68245,10.94336 24.68245,24.43598 z m 73.7648,-314.46558 -21.13397,156.782 c -1.88416,14.11442 -15.63851,26.05261 -30.02091,26.05261 H 122.25046 L 94.616142,107.19499 H 448.33544 c 6.18632,0 11.61896,2.2695 15.23028,6.37326 3.64269,4.13484 5.21283,9.73086 4.39636,15.79323 z"></path></svg>
                    </span>
                    </span>
                    <span class="add-to-cart--text d-none d-sm-block">Carrinho</span>
                    </button>
                    </div>
                    </div>
                    </div>
                    </div>
                    
                    <div class="col-12 d-sm-none">
                    </div>
                    </div>
                    </div>
                    </div>
                    </div><div class="pd-tile-wrap slick-slide" data-idx="5" style="width: 276px; height: auto;" data-slick-index="4" aria-hidden="true" tabindex="-1" role="tabpanel" id="slick-slide04" aria-describedby="slick-slide-control01">
                    
                    <script type="text/javascript">//<!--
                    /* <![CDATA[ */
                    (function(){
                    try {
                        if(window.CQuotient) {
                            var cq_params = {};
                            cq_params.cookieId = window.CQuotient.getCQCookieId();
                            cq_params.userId = window.CQuotient.getCQUserId();
                            cq_params.emailId = CQuotient.getCQHashedEmail();
                            cq_params.loginId = CQuotient.getCQHashedLogin();
                            cq_params.accumulate = true;
                            cq_params.products = [{
                                id: '4951989',
                                sku: '',
                                type: '',
                                alt_id: ''
                            }];
                            cq_params.recommenderName = '__UNDEFINED__';
                            cq_params.realm = "BDVS";
                            cq_params.siteId = "continente";
                            cq_params.instanceType = "prd";
                            cq_params.locale = window.CQuotient.locale;
                            cq_params.slotId = '';
                            cq_params.slotConfigId = '';
                            cq_params.slotConfigTemplate = '';
                            if(window.CQuotient.sendActivity)
                                window.CQuotient.sendActivity( CQuotient.clientId, 'viewReco', cq_params );
                            else
                                window.CQuotient.activities.push( {activityType: 'viewReco', parameters: cq_params} );
                        }
                    } catch(err) {}
                    })();
                    /* ]]> */
                    // -->
                    </script>
                    <script type="text/javascript">//<!--
                    /* <![CDATA[ (viewProduct-active_data.js) */
                    dw.ac._capture({id: "4951989", type: "recommendation"});
                    /* ]]> */
                    // -->
                    </script>
                    <div class="product" data-pid="4951989">
                    <div class="product-tile pid-4951989   ct-product-tile " data-delay-time="3000" data-variants-mapping="[]" data-in-cart-msg="no carrinho" data-one-product-added="Adicionado ao carrinho" data-remove-from-cart-msg="Removido do carrinho" data-stay-open="6000.0" data-product-tile-impression="{&quot;name&quot;:&quot;4951989&quot;,&quot;id&quot;:&quot;4951989&quot;,&quot;price&quot;:2.59,&quot;brand&quot;:&quot;Actimel&quot;,&quot;category&quot;:[{&quot;category_level_1&quot;:&quot;Laticínios e Ovos&quot;},{&quot;category_level_2&quot;:&quot;Iogurtes&quot;},{&quot;category_level_3&quot;:&quot;Iogurtes Líquidos&quot;}],&quot;variant&quot;:&quot;&quot;}">
                    <div class="ct-inner-tile-wrap row no-gutters justify-content-center align-content-start">
                    <div class="ct-product-tile-badge ct-product-tile-badge--promotional">
                    <img class="img-fluid lazyloaded" loading="lazy" data-src="https://www.continente.pt/dw/image/v2/BDVS_PRD/on/demandware.static/-/Sites-continente-Library/default/dwf5980f2e/images/badges/pvpr/col/pvpr.png?sw=60&amp;sh=42" alt="PVP Recomendado: €3,29/un" title="PVP Recomendado: €3,29/un" src="https://www.continente.pt/dw/image/v2/BDVS_PRD/on/demandware.static/-/Sites-continente-Library/default/dwf5980f2e/images/badges/pvpr/col/pvpr.png?sw=60&amp;sh=42">
                    <div class="ct-product-tile-badge-value-wrapper ct-product-tile-badge-value-wrapper--pvpr  ">
                    <div class="ct-product-tile-badge-addition d-flex flex-column align-self-center text-center">
                    <span class="ct-product-tile-badge-addition--sign">
                    +
                    </span>
                    <span class="ct-product-tile-badge-addition--text">
                    DE
                    </span>
                    </div>
                    <span class="ct-product-tile-badge-value--pvpr">
                    20
                    </span>
                    <span class="ct-product-tile-badge-value--pvpr-quantifier ">
                    %
                    </span>
                    </div>
                    </div>
                    
                    <div class="ct-image-container col-4 col-sm" data-confirmation-image="{&quot;url&quot;:&quot;https://www.continente.pt/dw/image/v2/BDVS_PRD/on/demandware.static/-/Sites-col-master-catalog/default/dw31e10e66/images/col/495/4951989-frente.jpg?sw=87&amp;sh=80&quot;,&quot;fallbackimage&quot;:{&quot;url&quot;:&quot;https://www.continente.pt/dw/image/v2/BDVS_PRD/on/demandware.static/Sites-continente-Site/-/default/dw7c42b4da/images/noimagelarge_product.png?sw=87&amp;sh=80&quot;,&quot;title&quot;:&quot;Iogurte Líquido Defesa Tutti Frutti&quot;,&quot;alt&quot;:&quot;Iogurte Líquido Defesa Tutti Frutti&quot;},&quot;title&quot;:&quot;Iogurte Líquido Defesa Tutti Frutti&quot;,&quot;alt&quot;:&quot;Iogurte Líquido Defesa Tutti Frutti&quot;}">
                    <a href="https://www.continente.pt/produto/iogurte-liquido-defesa-tutti-frutti-actimel-4951989.html?cgid=home" tabindex="-1">
                    <picture class="intrinsic intrinsic--square">
                    <img class="ct-tile-image lazyloaded" loading="lazy" onerror="this.onerror=null;this.src='/on/demandware.static/Sites-continente-Site/-/default/dw7c42b4da/images/noimagelarge_product.png';" data-src="https://www.continente.pt/dw/image/v2/BDVS_PRD/on/demandware.static/-/Sites-col-master-catalog/default/dw31e10e66/images/col/495/4951989-frente.jpg?sw=280&amp;sh=280" alt="Iogurte Líquido Defesa Tutti Frutti" title="Iogurte Líquido Defesa Tutti Frutti" src="https://www.continente.pt/dw/image/v2/BDVS_PRD/on/demandware.static/-/Sites-col-master-catalog/default/dw31e10e66/images/col/495/4951989-frente.jpg?sw=280&amp;sh=280">
                    </picture>
                    </a>
                    <div class="color-swatches d-flex" style="margin-left: 5px;">
                    <div class="swatches d-flex">
                    </div>
                    </div>
                    </div>
                    <div class="ct-tile-body col col-sm-auto ">
                    <div class="ct-pdp-details">
                    <div class="ct-pdp-link">
                    <a class="ct-tile--description" href="https://www.continente.pt/produto/iogurte-liquido-defesa-tutti-frutti-actimel-4951989.html?cgid=home" tabindex="-1">Iogurte Líquido Defesa Tutti Frutti</a>
                    <div class="ct-tile--favorite-top d-sm-none">
                    <button class="wishlist-toggler guest-mode inactive button button--tertiary" data-pid="4951989" data-add-url="https://www.continente.pt/on/demandware.store/Sites-continente-Site/default/Wishlist-AddProduct?pid=4951989" data-toggle="tooltip" aria-label="Adicionar aos favoritos " data-original-title="Adicionar aos favoritos" data-placement="top" tabindex="-1">
                    <svg class="active-content" width="100%" height="100%" viewBox="0 0 20 22" fill="none" xmlns="http://www.w3.org/2000/svg">
                    <path fill-rule="evenodd" clip-rule="evenodd" d="M0 1.53052C0 0.685236 0.692171 0 1.54601 0H15.0736C15.9274 0 16.6196 0.685235 16.6196 1.53052V13.4064L15.8127 13.922L14.2658 14.2658L12.7189 13.4064L10.6054 14.3818C10.4994 14.2451 10.3327 14.157 10.1452 14.157H6.76329C6.4431 14.157 6.18354 14.414 6.18354 14.731C6.18354 15.0479 6.4431 15.3049 6.76329 15.3049H10.1452C10.2478 15.3049 10.3441 15.2785 10.4277 15.2322L10.3126 16.8439L13.2345 20.2793H1.54601C0.69217 20.2793 0 19.5941 0 18.7488V1.53052ZM6.18354 5.5483C6.18354 5.23132 6.4431 4.97436 6.76329 4.97436H12.3676C12.6878 4.97436 12.9473 5.23132 12.9473 5.5483C12.9473 5.86528 12.6878 6.12224 12.3676 6.12224H6.76329C6.4431 6.12224 6.18354 5.86528 6.18354 5.5483ZM6.76329 11.0961C6.4431 11.0961 6.18354 11.3531 6.18354 11.6701C6.18354 11.987 6.4431 12.244 6.76329 12.244H12.3676C12.6878 12.244 12.9473 11.987 12.9473 11.6701C12.9473 11.3531 12.6878 11.0961 12.3676 11.0961H6.76329ZM6.18354 8.60985C6.18354 8.29287 6.4431 8.03591 6.76329 8.03591H12.3676C12.6878 8.03591 12.9473 8.29287 12.9473 8.60985C12.9473 8.92684 12.6878 9.1838 12.3676 9.1838H6.76329C6.4431 9.1838 6.18354 8.92684 6.18354 8.60985ZM3.67118 5.5483C3.67118 5.23132 3.93075 4.97436 4.25093 4.97436H4.63743C4.95762 4.97436 5.21719 5.23132 5.21719 5.5483C5.21719 5.86528 4.95762 6.12224 4.63743 6.12224H4.25093C3.93075 6.12224 3.67118 5.86528 3.67118 5.5483ZM4.25093 11.0961C3.93075 11.0961 3.67118 11.3531 3.67118 11.6701C3.67118 11.987 3.93075 12.244 4.25093 12.244H4.63743C4.95762 12.244 5.21719 11.987 5.21719 11.6701C5.21719 11.3531 4.95762 11.0961 4.63743 11.0961H4.25093ZM3.67118 8.60985C3.67118 8.29287 3.93075 8.03591 4.25093 8.03591H4.63743C4.95762 8.03591 5.21719 8.29287 5.21719 8.60985C5.21719 8.92684 4.95762 9.1838 4.63743 9.1838H4.25093C3.93075 9.1838 3.67118 8.92684 3.67118 8.60985ZM4.25093 14.157C3.93075 14.157 3.67118 14.414 3.67118 14.731C3.67118 15.0479 3.93075 15.3049 4.25093 15.3049H4.63743C4.95762 15.3049 5.21719 15.0479 5.21719 14.731C5.21719 14.414 4.95762 14.157 4.63743 14.157H4.25093Z" fill="#EB0203"></path>
                    <path fill-rule="evenodd" clip-rule="evenodd" d="M14.6252 13.6363C13.4918 12.6215 11.7817 12.5264 10.6569 13.4792C9.12421 14.7764 9.34841 16.8912 10.4409 18.0122L14.0159 21.6742C14.2197 21.8832 14.4928 22 14.7822 22C15.0737 22 15.3448 21.8852 15.5486 21.6762L19.1236 18.0142C20.214 16.8933 20.4423 14.7785 18.9075 13.4792C17.7827 12.5283 16.0724 12.6217 14.9391 13.6365C14.8855 13.6845 14.8331 13.7345 14.7822 13.7866C14.7313 13.7345 14.6789 13.6843 14.6252 13.6363ZM18.1546 14.3522C19.0973 15.1508 18.9962 16.4896 18.2891 17.2173C18.2888 17.2175 18.2886 17.2177 18.2884 17.218L14.7832 20.8084L11.2753 17.2151C11.2752 17.215 11.2751 17.2149 11.2749 17.2148C10.5677 16.4887 10.4678 15.1495 11.4104 14.3518L11.4108 14.3514C12.0745 13.7892 13.2018 13.82 13.9488 14.5846L14.7822 15.4378L15.6157 14.5846C16.3617 13.8211 17.4896 13.79 18.1545 14.3521" fill="#EB0203"></path>
                    </svg>
                    <svg class="inactive-content" width="100%" height="100%" viewBox="0 0 20 23" fill="none" xmlns="http://www.w3.org/2000/svg">
                    <path fill-rule="evenodd" clip-rule="evenodd" d="M6.18408 5.77914C6.18408 5.46223 6.44363 5.20532 6.7638 5.20532H12.3678C12.6879 5.20532 12.9475 5.46223 12.9475 5.77914C12.9475 6.09606 12.6879 6.35297 12.3678 6.35297H6.7638C6.44363 6.35297 6.18408 6.09606 6.18408 5.77914Z" fill="#EB0203"></path>
                    <path fill-rule="evenodd" clip-rule="evenodd" d="M6.18408 11.9034C6.18408 11.5865 6.44363 11.3296 6.7638 11.3296H12.3678C12.6879 11.3296 12.9475 11.5865 12.9475 11.9034C12.9475 12.2202 12.6879 12.4771 12.3678 12.4771H6.7638C6.44363 12.4771 6.18408 12.2202 6.18408 11.9034Z" fill="#EB0203"></path>
                    <path fill-rule="evenodd" clip-rule="evenodd" d="M6.18408 8.84116C6.18408 8.52424 6.44363 8.26733 6.7638 8.26733H12.3678C12.6879 8.26733 12.9475 8.52424 12.9475 8.84116C12.9475 9.15807 12.6879 9.41498 12.3678 9.41498H6.7638C6.44363 9.41498 6.18408 9.15807 6.18408 8.84116Z" fill="#EB0203"></path>
                    <path fill-rule="evenodd" clip-rule="evenodd" d="M6.18408 14.9655C6.18408 14.6486 6.44363 14.3917 6.7638 14.3917H10.1455C10.4657 14.3917 10.7252 14.6486 10.7252 14.9655C10.7252 15.2825 10.4657 15.5394 10.1455 15.5394H6.7638C6.44363 15.5394 6.18408 15.2825 6.18408 14.9655Z" fill="#EB0203"></path>
                    <path fill-rule="evenodd" clip-rule="evenodd" d="M3.67139 5.77914C3.67139 5.46223 3.93094 5.20532 4.25111 5.20532H4.63759C4.95776 5.20532 5.21731 5.46223 5.21731 5.77914C5.21731 6.09606 4.95776 6.35297 4.63759 6.35297H4.25111C3.93094 6.35297 3.67139 6.09606 3.67139 5.77914Z" fill="#EB0203"></path>
                    <path fill-rule="evenodd" clip-rule="evenodd" d="M3.67139 11.9034C3.67139 11.5865 3.93094 11.3296 4.25111 11.3296H4.63759C4.95776 11.3296 5.21731 11.5865 5.21731 11.9034C5.21731 12.2202 4.95776 12.4771 4.63759 12.4771H4.25111C3.93094 12.4771 3.67139 12.2202 3.67139 11.9034Z" fill="#EB0203"></path>
                    <path fill-rule="evenodd" clip-rule="evenodd" d="M3.67139 8.84116C3.67139 8.52424 3.93094 8.26733 4.25111 8.26733H4.63759C4.95776 8.26733 5.21731 8.52424 5.21731 8.84116C5.21731 9.15807 4.95776 9.41498 4.63759 9.41498H4.25111C3.93094 9.41498 3.67139 9.15807 3.67139 8.84116Z" fill="#EB0203"></path>
                    <path fill-rule="evenodd" clip-rule="evenodd" d="M3.67139 14.9655C3.67139 14.6486 3.93094 14.3917 4.25111 14.3917H4.63759C4.95776 14.3917 5.21731 14.6486 5.21731 14.9655C5.21731 15.2825 4.95776 15.5394 4.63759 15.5394H4.25111C3.93094 15.5394 3.67139 15.2825 3.67139 14.9655Z" fill="#EB0203"></path>
                    <path fill-rule="evenodd" clip-rule="evenodd" d="M0 1.76033C0 0.914738 0.692131 0.229248 1.54592 0.229248H15.0727C15.9265 0.229248 16.6186 0.914738 16.6186 1.76033V11.2818C16.6186 11.5989 16.3591 11.8559 16.0389 11.8559C15.7187 11.8559 15.4592 11.5989 15.4592 11.2818V1.76033C15.4592 1.54893 15.2862 1.37756 15.0727 1.37756H1.54592C1.33247 1.37756 1.15944 1.54893 1.15944 1.76033V18.985C1.15944 19.1964 1.33247 19.3678 1.54592 19.3678H9.27551C9.59568 19.3678 9.85523 19.6249 9.85523 19.942C9.85523 20.2591 9.59568 20.5161 9.27551 20.5161H1.54592C0.692131 20.5161 0 19.8306 0 18.985V1.76033Z" fill="#EB0203"></path>
                    <path fill-rule="evenodd" clip-rule="evenodd" d="M14.6254 13.8718C13.4921 12.8567 11.7821 12.7615 10.6574 13.7147C9.12472 15.0124 9.34891 17.128 10.4413 18.2493L14.0161 21.9126C14.2199 22.1217 14.493 22.2386 14.7824 22.2386C15.0739 22.2386 15.3449 22.1238 15.5487 21.9147L19.1235 18.2514C20.2139 17.13 20.4422 15.0144 18.9075 13.7147C17.7827 12.7634 16.0726 12.8569 14.9392 13.872C14.8856 13.92 14.8333 13.9701 14.7824 14.0222C14.7314 13.97 14.6791 13.9199 14.6254 13.8718ZM18.1546 14.588C19.0972 15.3869 18.9961 16.7262 18.2891 17.4541C18.2888 17.4543 18.2886 17.4546 18.2884 17.4548L14.7834 21.0466L11.2757 17.452C11.2756 17.4519 11.2755 17.4517 11.2753 17.4516C10.5681 16.7252 10.4682 15.3856 11.4108 14.5876L11.4112 14.5872C12.0748 14.0248 13.202 14.0556 13.949 14.8205L14.7824 15.674L15.6158 14.8205C16.3618 14.0567 17.4896 14.0256 18.1545 14.5879" fill="#EB0203"></path>
                    </svg>
                    </button>
                    </div>
                    </div>
                    <p class="ct-tile--brand">Actimel</p>
                    <p class="ct-tile--quantity">emb. 600 gr (6 un)</p>
                    </div>
                    <div class="ct-tile-bottom row no-gutters justify-content-between">
                    <div class="ct-price-wrap col-8 col-sm-12">
                    <div class="price js-product-price">
                    <div class="prices-wrapper">
                    <span class="sales ct-tile--price-primary ">
                    <span class="value" content="2.59">
                    <span class="ct-price-formatted">
                    €2,59
                    </span>
                    <span class="ct-m-unit">
                    /un
                    </span>
                    </span>
                    </span>
                    </div>
                    <div class="ct-tile--price-secondary">
                    <span class="ct-price-value">
                    €4,32
                    </span>
                    <span class="ct-m-unit">
                    /kg
                    </span>
                    </div>
                    <p class="ct-discount-amount ct-discount-amount-pvpr">PVP Recomendado: €3,29/un</p>
                    </div>
                    </div>
                    <div class="ct-tile-buy-section d-flex justify-content-center no-gutters col-auto col-sm-12">
                    <div class="col-2 d-sm-flex d-none">
                    <button class="wishlist-toggler guest-mode inactive button button--tertiary" data-pid="4951989" data-add-url="https://www.continente.pt/on/demandware.store/Sites-continente-Site/default/Wishlist-AddProduct?pid=4951989" data-toggle="tooltip" aria-label="Adicionar aos favoritos " data-original-title="Adicionar aos favoritos" data-placement="top" tabindex="-1">
                    <svg class="active-content" width="100%" height="100%" viewBox="0 0 20 22" fill="none" xmlns="http://www.w3.org/2000/svg">
                    <path fill-rule="evenodd" clip-rule="evenodd" d="M0 1.53052C0 0.685236 0.692171 0 1.54601 0H15.0736C15.9274 0 16.6196 0.685235 16.6196 1.53052V13.4064L15.8127 13.922L14.2658 14.2658L12.7189 13.4064L10.6054 14.3818C10.4994 14.2451 10.3327 14.157 10.1452 14.157H6.76329C6.4431 14.157 6.18354 14.414 6.18354 14.731C6.18354 15.0479 6.4431 15.3049 6.76329 15.3049H10.1452C10.2478 15.3049 10.3441 15.2785 10.4277 15.2322L10.3126 16.8439L13.2345 20.2793H1.54601C0.69217 20.2793 0 19.5941 0 18.7488V1.53052ZM6.18354 5.5483C6.18354 5.23132 6.4431 4.97436 6.76329 4.97436H12.3676C12.6878 4.97436 12.9473 5.23132 12.9473 5.5483C12.9473 5.86528 12.6878 6.12224 12.3676 6.12224H6.76329C6.4431 6.12224 6.18354 5.86528 6.18354 5.5483ZM6.76329 11.0961C6.4431 11.0961 6.18354 11.3531 6.18354 11.6701C6.18354 11.987 6.4431 12.244 6.76329 12.244H12.3676C12.6878 12.244 12.9473 11.987 12.9473 11.6701C12.9473 11.3531 12.6878 11.0961 12.3676 11.0961H6.76329ZM6.18354 8.60985C6.18354 8.29287 6.4431 8.03591 6.76329 8.03591H12.3676C12.6878 8.03591 12.9473 8.29287 12.9473 8.60985C12.9473 8.92684 12.6878 9.1838 12.3676 9.1838H6.76329C6.4431 9.1838 6.18354 8.92684 6.18354 8.60985ZM3.67118 5.5483C3.67118 5.23132 3.93075 4.97436 4.25093 4.97436H4.63743C4.95762 4.97436 5.21719 5.23132 5.21719 5.5483C5.21719 5.86528 4.95762 6.12224 4.63743 6.12224H4.25093C3.93075 6.12224 3.67118 5.86528 3.67118 5.5483ZM4.25093 11.0961C3.93075 11.0961 3.67118 11.3531 3.67118 11.6701C3.67118 11.987 3.93075 12.244 4.25093 12.244H4.63743C4.95762 12.244 5.21719 11.987 5.21719 11.6701C5.21719 11.3531 4.95762 11.0961 4.63743 11.0961H4.25093ZM3.67118 8.60985C3.67118 8.29287 3.93075 8.03591 4.25093 8.03591H4.63743C4.95762 8.03591 5.21719 8.29287 5.21719 8.60985C5.21719 8.92684 4.95762 9.1838 4.63743 9.1838H4.25093C3.93075 9.1838 3.67118 8.92684 3.67118 8.60985ZM4.25093 14.157C3.93075 14.157 3.67118 14.414 3.67118 14.731C3.67118 15.0479 3.93075 15.3049 4.25093 15.3049H4.63743C4.95762 15.3049 5.21719 15.0479 5.21719 14.731C5.21719 14.414 4.95762 14.157 4.63743 14.157H4.25093Z" fill="#EB0203"></path>
                    <path fill-rule="evenodd" clip-rule="evenodd" d="M14.6252 13.6363C13.4918 12.6215 11.7817 12.5264 10.6569 13.4792C9.12421 14.7764 9.34841 16.8912 10.4409 18.0122L14.0159 21.6742C14.2197 21.8832 14.4928 22 14.7822 22C15.0737 22 15.3448 21.8852 15.5486 21.6762L19.1236 18.0142C20.214 16.8933 20.4423 14.7785 18.9075 13.4792C17.7827 12.5283 16.0724 12.6217 14.9391 13.6365C14.8855 13.6845 14.8331 13.7345 14.7822 13.7866C14.7313 13.7345 14.6789 13.6843 14.6252 13.6363ZM18.1546 14.3522C19.0973 15.1508 18.9962 16.4896 18.2891 17.2173C18.2888 17.2175 18.2886 17.2177 18.2884 17.218L14.7832 20.8084L11.2753 17.2151C11.2752 17.215 11.2751 17.2149 11.2749 17.2148C10.5677 16.4887 10.4678 15.1495 11.4104 14.3518L11.4108 14.3514C12.0745 13.7892 13.2018 13.82 13.9488 14.5846L14.7822 15.4378L15.6157 14.5846C16.3617 13.8211 17.4896 13.79 18.1545 14.3521" fill="#EB0203"></path>
                    </svg>
                    <svg class="inactive-content" width="100%" height="100%" viewBox="0 0 20 23" fill="none" xmlns="http://www.w3.org/2000/svg">
                    <path fill-rule="evenodd" clip-rule="evenodd" d="M6.18408 5.77914C6.18408 5.46223 6.44363 5.20532 6.7638 5.20532H12.3678C12.6879 5.20532 12.9475 5.46223 12.9475 5.77914C12.9475 6.09606 12.6879 6.35297 12.3678 6.35297H6.7638C6.44363 6.35297 6.18408 6.09606 6.18408 5.77914Z" fill="#EB0203"></path>
                    <path fill-rule="evenodd" clip-rule="evenodd" d="M6.18408 11.9034C6.18408 11.5865 6.44363 11.3296 6.7638 11.3296H12.3678C12.6879 11.3296 12.9475 11.5865 12.9475 11.9034C12.9475 12.2202 12.6879 12.4771 12.3678 12.4771H6.7638C6.44363 12.4771 6.18408 12.2202 6.18408 11.9034Z" fill="#EB0203"></path>
                    <path fill-rule="evenodd" clip-rule="evenodd" d="M6.18408 8.84116C6.18408 8.52424 6.44363 8.26733 6.7638 8.26733H12.3678C12.6879 8.26733 12.9475 8.52424 12.9475 8.84116C12.9475 9.15807 12.6879 9.41498 12.3678 9.41498H6.7638C6.44363 9.41498 6.18408 9.15807 6.18408 8.84116Z" fill="#EB0203"></path>
                    <path fill-rule="evenodd" clip-rule="evenodd" d="M6.18408 14.9655C6.18408 14.6486 6.44363 14.3917 6.7638 14.3917H10.1455C10.4657 14.3917 10.7252 14.6486 10.7252 14.9655C10.7252 15.2825 10.4657 15.5394 10.1455 15.5394H6.7638C6.44363 15.5394 6.18408 15.2825 6.18408 14.9655Z" fill="#EB0203"></path>
                    <path fill-rule="evenodd" clip-rule="evenodd" d="M3.67139 5.77914C3.67139 5.46223 3.93094 5.20532 4.25111 5.20532H4.63759C4.95776 5.20532 5.21731 5.46223 5.21731 5.77914C5.21731 6.09606 4.95776 6.35297 4.63759 6.35297H4.25111C3.93094 6.35297 3.67139 6.09606 3.67139 5.77914Z" fill="#EB0203"></path>
                    <path fill-rule="evenodd" clip-rule="evenodd" d="M3.67139 11.9034C3.67139 11.5865 3.93094 11.3296 4.25111 11.3296H4.63759C4.95776 11.3296 5.21731 11.5865 5.21731 11.9034C5.21731 12.2202 4.95776 12.4771 4.63759 12.4771H4.25111C3.93094 12.4771 3.67139 12.2202 3.67139 11.9034Z" fill="#EB0203"></path>
                    <path fill-rule="evenodd" clip-rule="evenodd" d="M3.67139 8.84116C3.67139 8.52424 3.93094 8.26733 4.25111 8.26733H4.63759C4.95776 8.26733 5.21731 8.52424 5.21731 8.84116C5.21731 9.15807 4.95776 9.41498 4.63759 9.41498H4.25111C3.93094 9.41498 3.67139 9.15807 3.67139 8.84116Z" fill="#EB0203"></path>
                    <path fill-rule="evenodd" clip-rule="evenodd" d="M3.67139 14.9655C3.67139 14.6486 3.93094 14.3917 4.25111 14.3917H4.63759C4.95776 14.3917 5.21731 14.6486 5.21731 14.9655C5.21731 15.2825 4.95776 15.5394 4.63759 15.5394H4.25111C3.93094 15.5394 3.67139 15.2825 3.67139 14.9655Z" fill="#EB0203"></path>
                    <path fill-rule="evenodd" clip-rule="evenodd" d="M0 1.76033C0 0.914738 0.692131 0.229248 1.54592 0.229248H15.0727C15.9265 0.229248 16.6186 0.914738 16.6186 1.76033V11.2818C16.6186 11.5989 16.3591 11.8559 16.0389 11.8559C15.7187 11.8559 15.4592 11.5989 15.4592 11.2818V1.76033C15.4592 1.54893 15.2862 1.37756 15.0727 1.37756H1.54592C1.33247 1.37756 1.15944 1.54893 1.15944 1.76033V18.985C1.15944 19.1964 1.33247 19.3678 1.54592 19.3678H9.27551C9.59568 19.3678 9.85523 19.6249 9.85523 19.942C9.85523 20.2591 9.59568 20.5161 9.27551 20.5161H1.54592C0.692131 20.5161 0 19.8306 0 18.985V1.76033Z" fill="#EB0203"></path>
                    <path fill-rule="evenodd" clip-rule="evenodd" d="M14.6254 13.8718C13.4921 12.8567 11.7821 12.7615 10.6574 13.7147C9.12472 15.0124 9.34891 17.128 10.4413 18.2493L14.0161 21.9126C14.2199 22.1217 14.493 22.2386 14.7824 22.2386C15.0739 22.2386 15.3449 22.1238 15.5487 21.9147L19.1235 18.2514C20.2139 17.13 20.4422 15.0144 18.9075 13.7147C17.7827 12.7634 16.0726 12.8569 14.9392 13.872C14.8856 13.92 14.8333 13.9701 14.7824 14.0222C14.7314 13.97 14.6791 13.9199 14.6254 13.8718ZM18.1546 14.588C19.0972 15.3869 18.9961 16.7262 18.2891 17.4541C18.2888 17.4543 18.2886 17.4546 18.2884 17.4548L14.7834 21.0466L11.2757 17.452C11.2756 17.4519 11.2755 17.4517 11.2753 17.4516C10.5681 16.7252 10.4682 15.3856 11.4108 14.5876L11.4112 14.5872C12.0748 14.0248 13.202 14.0556 13.949 14.8205L14.7824 15.674L15.6158 14.8205C16.3618 14.0567 17.4896 14.0256 18.1545 14.5879" fill="#EB0203"></path>
                    </svg>
                    </button>
                    </div>
                    <div class="col-sm-10 col-12">
                    <div class="ct-tile-quantity d-none" data-pid="4951989">
                    <input type="hidden" class="add-to-cart-url" value="https://www.continente.pt/on/demandware.store/Sites-continente-Site/default/Cart-AddProduct" tabindex="-1">
                    <div class="d-none tile-delete-confirmation-btn" data-pid="4951989" data-delay-time="3000" data-in-cart-msg="no carrinho" data-one-product-added="Adicionado ao carrinho" data-remove-from-cart-msg="Removido do carrinho" data-stay-open="6000.0" data-confirmation-image="{&quot;url&quot;:&quot;https://www.continente.pt/dw/image/v2/BDVS_PRD/on/demandware.static/-/Sites-col-master-catalog/default/dw31e10e66/images/col/495/4951989-frente.jpg?sw=87&amp;sh=80&quot;,&quot;fallbackimage&quot;:{&quot;url&quot;:&quot;https://www.continente.pt/dw/image/v2/BDVS_PRD/on/demandware.static/Sites-continente-Site/-/default/dw7c42b4da/images/noimagelarge_product.png?sw=87&amp;sh=80&quot;,&quot;title&quot;:&quot;Iogurte Líquido Defesa Tutti Frutti&quot;,&quot;alt&quot;:&quot;Iogurte Líquido Defesa Tutti Frutti&quot;},&quot;title&quot;:&quot;Iogurte Líquido Defesa Tutti Frutti&quot;,&quot;alt&quot;:&quot;Iogurte Líquido Defesa Tutti Frutti&quot;}"></div>
                    <div class="ct-tile-quantity-update quantity-update product-qty-vue" data-remove-action="https://www.continente.pt/on/demandware.store/Sites-continente-Site/default/Cart-RemoveProductLineItem" data-action="https://www.continente.pt/on/demandware.store/Sites-continente-Site/default/Cart-UpdateQuantity" data-dimension-update="https://www.continente.pt/on/demandware.store/Sites-continente-Site/default/Cart-DimensionUpdate" data-pid="4951989" data-uuid="5972482ee7adcb4a290fd25dc8" data-add-delay="500.0" data-measure-options="{&quot;hasConversionRate&quot;:false,&quot;hasAlternativeSaleUnit&quot;:false,&quot;unitConversionRate&quot;:0,&quot;minOrderQuantity&quot;:1,&quot;stepQuantity&quot;:1,&quot;primaryunit&quot;:&quot;un&quot;,&quot;secondaryunit&quot;:&quot;kg&quot;,&quot;selectedunit&quot;:&quot;primary&quot;,&quot;maxNumberOfUnitsPerSale&quot;:50}" data-price-available="null" :data-has-error="isMaxQtyReached || isMinQtyReached || qtySelectedMoreThanOne">
                    <template v-show="prodUnits">
                    <div class="quantity-input-wrapper has-units">
                    <label class="visually-hidden" :for="'quantity-' + pid + additionalTag">
                    Quantidade no carrinho
                    </label>
                    <input :ref="'quantityInput-' + pid + additionalTag" class="add-to-cart-quantity form-control ct-form-input text-center" inputmode="numeric" :class="{'is-invalid': isInvalid}" :data-pid="pid + additionalTag" :name="'quantity-' + pid + additionalTag" type="text" aria-label="Insira a quantidade" title="" v-model="displayValue" @change="updateQuantity" @focus="updateQtyFormat" @blur="restoreQtyFormat" :disabled="!isPriceAvailable">
                    <span class="quantity-icon quantity-icon--minus">
                    <button class="decrease-quantity-btn" @click="updateQuantity" :disabled="!isPriceAvailable" role="button" aria-label="Reduzir quantidade">
                    <i class="css-math-minus"></i>
                    </button>
                    </span>
                    <span class="quantity-icon quantity-icon--plus">
                    <button class="increase-quantity-btn" @click="updateQuantity" :disabled="isMaxQtyReached || !isPriceAvailable" role="button" aria-label="Aumentar quantidade">
                    <i class="css-math-plus"></i>
                    </button>
                    <span class="quantity-btn-disabled-placeholder"></span>
                    </span>
                    <template v-if="isPDP">
                    <span class="quantity-error ct-span-error text-sm-center product-max-allocation" v-if="isMaxQtyReached">
                    Quantidade máxima atingida
                    </span>
                    <span class="quantity-error ct-span-product text-sm-center product-allocation" v-if="!isMinQtyReached &amp;&amp; !isMaxQtyReached">
                    {{quantitySelected}} no carrinho
                    </span>
                    <span class="quantity-error ct-span-error text-sm-center product-min-allocation" :data-pid="pid" v-if="isMinQtyReached &amp;&amp; !isMaxQtyReached">
                    Quantidade mínima atingida
                    </span>
                    </template>
                    </div>
                    <template v-if="showNotes">
                    <div class="add-note-link-container ">
                    <div class="add-note">
                    <a href="/produto/iogurte-liquido-defesa-tutti-frutti-actimel-4951989.html?showNote=true" class="ct-add-note-redirect-pdp" aria-label="Adicionar comentário">
                    <span class="svg-wrapper svg-icon-notes" style="width:19px; height:20px">
                    <svg class="svg-inline icon-notes" viewBox="0 0 28 30" xmlns="http://www.w3.org/2000/svg" width="100%" height="100%"><path d="M21.738 0C22.985 0 24 1.04 24 2.319V12.47c0 .469-.37.848-.828.848-.457 0-.827-.38-.827-.848V2.32c0-.343-.273-.622-.607-.622H2.262c-.334 0-.607.279-.607.622V27.68c0 .343.273.622.607.622h7.81c.457 0 .827.38.827.849 0 .468-.37.848-.827.848h-7.81C1.015 30 0 28.96 0 27.681V2.32C0 1.04 1.015 0 2.262 0h19.476zm2.844 16.004l.227.007c.823.053 1.589.39 2.176.964.64.627.993 1.46.993 2.349 0 .888-.353 1.722-.993 2.348l-6.83 6.665c-.11.108-.247.186-.397.226l-5.032 1.363c-.078.021-.16.032-.241.032-.242 0-.478-.097-.647-.266-.23-.231-.314-.566-.218-.874l1.49-4.798c.044-.139.122-.266.227-.369l6.844-6.677c.64-.625 1.493-.97 2.401-.97zm-2.886 3.94l-4.922 4.802-.947 3.048 3.22-.872 4.897-4.78-2.248-2.197zm2.887-2.174c-.425 0-.824.162-1.124.455l-.484.472 2.248 2.197.484-.472c.62-.606.62-1.591 0-2.197l-.117-.104c-.283-.227-.636-.35-1.007-.35zm-10.839.022c.498 0 .904.396.904.883 0 .488-.406.884-.904.884H5.946c-.499 0-.904-.396-.904-.884 0-.487.405-.883.904-.883zm5.042-4.876c.498 0 .904.397.904.884s-.406.884-.904.884H5.946c-.499 0-.904-.397-.904-.884s.405-.884.904-.884zm0-4.875c.498 0 .904.396.904.884 0 .487-.406.883-.904.883H5.946c-.499 0-.904-.396-.904-.883 0-.488.405-.884.904-.884z" fill="#EB0203" fill-rule="evenodd"></path></svg>
                    </span>
                    <div class="available-note d-none"></div>
                    </a>
                    </div>
                    </div>
                    </template>
                    <div class="measurement-unit-section" v-if="isPriceAvailable &amp;&amp; prodUnits ? prodUnits.hasAlternativeUnit : false">
                    <div class="ct-form-radio" @click="setDimension">
                     <input type="radio" title="" class="ct-form-check-input product-measurement-unit" :data-type="prodUnits.selectedUnit == prodUnits.secondaryUnit ? 'primary' : ''" :id="prodUnits.secondaryUnit + '-' + pid + '-measurement-unit-ptile' + additionalTag" :name="'measurement-unit-' + pid + '-ptile' + additionalTag" :value="prodUnits.secondaryUnit" v-model="prodUnits.selectedUnit">
                    <label :class="prodUnits.secondaryUnit + '-label ct-form-check-label mb-0'" :for="prodUnits.secondaryUnit + '-' + pid + '-measurement-unit-ptile' + additionalTag">
                    {{prodUnits.secondaryUnit}}
                    </label>
                    <span class="checkmark"></span>
                    </div>
                    <div class="ct-form-radio" @click="setDimension">
                    <input type="radio" title="" class="ct-form-check-input product-measurement-unit" :data-type="prodUnits.selectedUnit == prodUnits.primaryUnit ? 'primary' : ''" :id="prodUnits.primaryUnit + '-' + pid + '-measurement-unit-ptile' + additionalTag" :name="'measurement-unit-' + pid + '-ptile' + additionalTag" :value="prodUnits.primaryUnit" v-model="prodUnits.selectedUnit">
                    <label :class="prodUnits.primaryUnit + '-label ct-form-check-label mb-0'" :for="prodUnits.primaryUnit + '-' + pid + '-measurement-unit-ptile' + additionalTag">
                    {{prodUnits.primaryUnit}}
                    </label>
                    <span class="checkmark"></span>
                    </div>
                    </div>
                    <template v-if="!isPDP &amp;&amp; isPriceAvailable">
                    <span class="quantity-error ct-span-error product-max-allocation" v-if="isMaxQtyReached">
                    Quantidade máxima atingida
                    </span>
                    <span class="quantity-error ct-span-product product-allocation" v-if="!isMinQtyReached &amp;&amp; !isMaxQtyReached">
                    {{quantitySelected}} no carrinho
                    </span>
                    <span class="quantity-error ct-span-error product-min-allocation" :data-pid="pid" v-if="isMinQtyReached &amp;&amp; !isMaxQtyReached">
                    Quantidade mínima atingida
                    </span>
                    </template>
                    </template>
                    </div>
                    <input class="quantity-value-mask d-none" name="quantity" type="number" min="0" value="" tabindex="-1">
                    </div>
                    <button type="button" class="add-to-cart button js-add-to-cart js-add-to-cart-tile 4951989 button--primary dynamic-layout-btn" data-toggle="modal" data-target="#chooseBonusProductModal" data-pid="4951989" data-quantity-value="null" aria-label="Carrinho" tabindex="-1">
                    <span class="d-block d-sm-none">
                    <span class="svg-wrapper svg-icon-cart" style="width:20px; height:20px">
                    <svg class="svg-inline icon-cart" xmlns="http://www.w3.org/2000/svg" viewBox="0 0 500 500" width="100%" height="100%"><path fill="#EB0203" fill-rule="evenodd" d="M 485.67317,94.386311 C 476.37798,83.847129 463.09468,78.03348 448.30404,78.03348 H 90.690813 L 87.079511,51.327997 C 83.185582,22.539551 62.962285,0 41.011841,0 H 14.727836 C 6.563151,0 0,6.5286975 0,14.580758 c 0,8.05206 6.5945535,14.580758 14.727836,14.580758 h 26.284005 c 4.710398,0 14.696435,9.855222 16.894619,26.021523 L 100.01739,368.0631 c 1.88416,13.77244 9.01256,26.70549 20.1605,36.37417 8.25889,7.15046 18.02511,11.9071 28.26237,13.89679 -4.17655,7.58572 -6.53175,16.25957 -6.53175,25.493 0,29.53459 24.27424,53.59751 54.13815,53.59751 29.8325,0 54.13814,-24.03184 54.13814,-53.59751 0,-8.79818 -2.19818,-17.09897 -5.9979,-24.43598 h 77.12488 c -3.79973,7.33701 -5.96652,15.6378 -5.96652,24.43598 0,29.53459 24.27424,53.59751 54.13817,53.59751 29.83249,0 54.13814,-24.03184 54.13814,-53.59751 0,-8.79818 -2.1982,-17.09897 -5.9979,-24.43598 h 38.56243 c 8.13328,0 14.72783,-6.5287 14.72783,-14.61183 0,-8.02098 -6.59455,-14.54967 -14.72783,-14.54967 H 159.24277 c -14.38241,0 -28.13677,-11.90711 -30.02092,-26.02153 l -3.07746,-22.88154 h 290.6314 c 14.03698,0 27.94834,-5.28513 39.06488,-14.95381 11.11652,-9.6376 18.27632,-22.57065 20.16048,-36.37417 l 21.10259,-156.78201 c 1.94694,-14.51858 -2.10398,-28.29103 -11.43057,-38.861299 z M 220.76053,443.82706 c 0,13.49265 -11.08513,24.46709 -24.68247,24.46709 -13.62874,0 -24.71387,-10.97444 -24.71387,-24.46709 0,-13.49262 11.08513,-24.43598 24.71387,-24.43598 13.59734,0 24.68247,10.94336 24.68247,24.43598 z m 173.43675,0 c 0,13.49265 -11.08512,24.46709 -24.68245,24.46709 -13.62876,0 -24.71388,-10.97444 -24.71388,-24.46709 0,-13.49262 11.08512,-24.43598 24.71388,-24.43598 13.59733,0 24.68245,10.94336 24.68245,24.43598 z m 73.7648,-314.46558 -21.13397,156.782 c -1.88416,14.11442 -15.63851,26.05261 -30.02091,26.05261 H 122.25046 L 94.616142,107.19499 H 448.33544 c 6.18632,0 11.61896,2.2695 15.23028,6.37326 3.64269,4.13484 5.21283,9.73086 4.39636,15.79323 z"></path></svg>
                    </span>
                    </span>
                    <span class="add-to-cart--text d-none d-sm-block">Carrinho</span>
                    </button>
                    </div>
                    </div>
                    </div>
                    </div>
                    
                    <div class="col-12 d-sm-none">
                    </div>
                    </div>
                    </div>
                    </div>
                    </div><div class="pd-tile-wrap slick-slide" data-idx="6" style="width: 276px; height: auto;" data-slick-index="5" aria-hidden="true" tabindex="-1" role="tabpanel" id="slick-slide05">
                    
                    <script type="text/javascript">//<!--
                    /* <![CDATA[ */
                    (function(){
                    try {
                        if(window.CQuotient) {
                            var cq_params = {};
                            cq_params.cookieId = window.CQuotient.getCQCookieId();
                            cq_params.userId = window.CQuotient.getCQUserId();
                            cq_params.emailId = CQuotient.getCQHashedEmail();
                            cq_params.loginId = CQuotient.getCQHashedLogin();
                            cq_params.accumulate = true;
                            cq_params.products = [{
                                id: '6404049',
                                sku: '',
                                type: '',
                                alt_id: ''
                            }];
                            cq_params.recommenderName = '__UNDEFINED__';
                            cq_params.realm = "BDVS";
                            cq_params.siteId = "continente";
                            cq_params.instanceType = "prd";
                            cq_params.locale = window.CQuotient.locale;
                            cq_params.slotId = '';
                            cq_params.slotConfigId = '';
                            cq_params.slotConfigTemplate = '';
                            if(window.CQuotient.sendActivity)
                                window.CQuotient.sendActivity( CQuotient.clientId, 'viewReco', cq_params );
                            else
                                window.CQuotient.activities.push( {activityType: 'viewReco', parameters: cq_params} );
                        }
                    } catch(err) {}
                    })();
                    /* ]]> */
                    // -->
                    </script>
                    <script type="text/javascript">//<!--
                    /* <![CDATA[ (viewProduct-active_data.js) */
                    dw.ac._capture({id: "6404049", type: "recommendation"});
                    /* ]]> */
                    // -->
                    </script>
                    <div class="product" data-pid="6404049">
                    <div class="product-tile pid-6404049   ct-product-tile " data-delay-time="3000" data-variants-mapping="[]" data-in-cart-msg="no carrinho" data-one-product-added="Adicionado ao carrinho" data-remove-from-cart-msg="Removido do carrinho" data-stay-open="6000.0" data-product-tile-impression="{&quot;name&quot;:&quot;6404049&quot;,&quot;id&quot;:&quot;6404049&quot;,&quot;price&quot;:1.99,&quot;brand&quot;:&quot;Danet&quot;,&quot;category&quot;:[{&quot;category_level_1&quot;:&quot;Laticínios e Ovos&quot;},{&quot;category_level_2&quot;:&quot;Iogurtes&quot;},{&quot;category_level_3&quot;:&quot;Iogurtes Aromas e Naturais&quot;}],&quot;variant&quot;:&quot;&quot;}">
                    <div class="ct-inner-tile-wrap row no-gutters justify-content-center align-content-start">
                    <div class="ct-product-tile-badge ct-product-tile-badge--promotional">
                    <img class="img-fluid lazyloaded" loading="lazy" data-src="https://www.continente.pt/dw/image/v2/BDVS_PRD/on/demandware.static/-/Sites-continente-Library/default/dwf5980f2e/images/badges/pvpr/col/pvpr.png?sw=60&amp;sh=42" alt="PVP Recomendado: €2,99/un" title="PVP Recomendado: €2,99/un" src="https://www.continente.pt/dw/image/v2/BDVS_PRD/on/demandware.static/-/Sites-continente-Library/default/dwf5980f2e/images/badges/pvpr/col/pvpr.png?sw=60&amp;sh=42">
                    <div class="ct-product-tile-badge-value-wrapper ct-product-tile-badge-value-wrapper--pvpr  ">
                    <div class="ct-product-tile-badge-addition d-flex flex-column align-self-center text-center">
                    <span class="ct-product-tile-badge-addition--sign">
                    +
                    </span>
                    <span class="ct-product-tile-badge-addition--text">
                    DE
                    </span>
                    </div>
                    <span class="ct-product-tile-badge-value--pvpr">
                    30
                    </span>
                    <span class="ct-product-tile-badge-value--pvpr-quantifier ">
                    %
                    </span>
                    </div>
                    </div>
                    
                    <div class="ct-image-container col-4 col-sm" data-confirmation-image="{&quot;url&quot;:&quot;https://www.continente.pt/dw/image/v2/BDVS_PRD/on/demandware.static/-/Sites-col-master-catalog/default/dw745b6492/images/col/640/6404049-direito.jpg?sw=87&amp;sh=80&quot;,&quot;fallbackimage&quot;:{&quot;url&quot;:&quot;https://www.continente.pt/dw/image/v2/BDVS_PRD/on/demandware.static/Sites-continente-Site/-/default/dw7c42b4da/images/noimagelarge_product.png?sw=87&amp;sh=80&quot;,&quot;title&quot;:&quot;Creme de Baunilha&quot;,&quot;alt&quot;:&quot;Creme de Baunilha&quot;},&quot;title&quot;:&quot;Creme de Baunilha&quot;,&quot;alt&quot;:&quot;Creme de Baunilha&quot;}">
                    <a href="https://www.continente.pt/produto/creme-de-baunilha-danet-6404049.html?cgid=home" tabindex="-1">
                    <picture class="intrinsic intrinsic--square">
                    <img class="ct-tile-image lazyloaded" loading="lazy" onerror="this.onerror=null;this.src='/on/demandware.static/Sites-continente-Site/-/default/dw7c42b4da/images/noimagelarge_product.png';" data-src="https://www.continente.pt/dw/image/v2/BDVS_PRD/on/demandware.static/-/Sites-col-master-catalog/default/dw745b6492/images/col/640/6404049-direito.jpg?sw=280&amp;sh=280" alt="Creme de Baunilha" title="Creme de Baunilha" src="https://www.continente.pt/dw/image/v2/BDVS_PRD/on/demandware.static/-/Sites-col-master-catalog/default/dw745b6492/images/col/640/6404049-direito.jpg?sw=280&amp;sh=280">
                    </picture>
                    </a>
                    <div class="color-swatches d-flex" style="margin-left: 5px;">
                    <div class="swatches d-flex">
                    </div>
                    </div>
                    </div>
                    <div class="ct-tile-body col col-sm-auto ">
                    <div class="ct-pdp-details">
                    <div class="ct-pdp-link">
                    <a class="ct-tile--description" href="https://www.continente.pt/produto/creme-de-baunilha-danet-6404049.html?cgid=home" tabindex="-1">Creme de Baunilha</a>
                    <div class="ct-tile--favorite-top d-sm-none">
                    <button class="wishlist-toggler guest-mode inactive button button--tertiary" data-pid="6404049" data-add-url="https://www.continente.pt/on/demandware.store/Sites-continente-Site/default/Wishlist-AddProduct?pid=6404049" data-toggle="tooltip" aria-label="Adicionar aos favoritos " data-original-title="Adicionar aos favoritos" data-placement="top" tabindex="-1">
                    <svg class="active-content" width="100%" height="100%" viewBox="0 0 20 22" fill="none" xmlns="http://www.w3.org/2000/svg">
                    <path fill-rule="evenodd" clip-rule="evenodd" d="M0 1.53052C0 0.685236 0.692171 0 1.54601 0H15.0736C15.9274 0 16.6196 0.685235 16.6196 1.53052V13.4064L15.8127 13.922L14.2658 14.2658L12.7189 13.4064L10.6054 14.3818C10.4994 14.2451 10.3327 14.157 10.1452 14.157H6.76329C6.4431 14.157 6.18354 14.414 6.18354 14.731C6.18354 15.0479 6.4431 15.3049 6.76329 15.3049H10.1452C10.2478 15.3049 10.3441 15.2785 10.4277 15.2322L10.3126 16.8439L13.2345 20.2793H1.54601C0.69217 20.2793 0 19.5941 0 18.7488V1.53052ZM6.18354 5.5483C6.18354 5.23132 6.4431 4.97436 6.76329 4.97436H12.3676C12.6878 4.97436 12.9473 5.23132 12.9473 5.5483C12.9473 5.86528 12.6878 6.12224 12.3676 6.12224H6.76329C6.4431 6.12224 6.18354 5.86528 6.18354 5.5483ZM6.76329 11.0961C6.4431 11.0961 6.18354 11.3531 6.18354 11.6701C6.18354 11.987 6.4431 12.244 6.76329 12.244H12.3676C12.6878 12.244 12.9473 11.987 12.9473 11.6701C12.9473 11.3531 12.6878 11.0961 12.3676 11.0961H6.76329ZM6.18354 8.60985C6.18354 8.29287 6.4431 8.03591 6.76329 8.03591H12.3676C12.6878 8.03591 12.9473 8.29287 12.9473 8.60985C12.9473 8.92684 12.6878 9.1838 12.3676 9.1838H6.76329C6.4431 9.1838 6.18354 8.92684 6.18354 8.60985ZM3.67118 5.5483C3.67118 5.23132 3.93075 4.97436 4.25093 4.97436H4.63743C4.95762 4.97436 5.21719 5.23132 5.21719 5.5483C5.21719 5.86528 4.95762 6.12224 4.63743 6.12224H4.25093C3.93075 6.12224 3.67118 5.86528 3.67118 5.5483ZM4.25093 11.0961C3.93075 11.0961 3.67118 11.3531 3.67118 11.6701C3.67118 11.987 3.93075 12.244 4.25093 12.244H4.63743C4.95762 12.244 5.21719 11.987 5.21719 11.6701C5.21719 11.3531 4.95762 11.0961 4.63743 11.0961H4.25093ZM3.67118 8.60985C3.67118 8.29287 3.93075 8.03591 4.25093 8.03591H4.63743C4.95762 8.03591 5.21719 8.29287 5.21719 8.60985C5.21719 8.92684 4.95762 9.1838 4.63743 9.1838H4.25093C3.93075 9.1838 3.67118 8.92684 3.67118 8.60985ZM4.25093 14.157C3.93075 14.157 3.67118 14.414 3.67118 14.731C3.67118 15.0479 3.93075 15.3049 4.25093 15.3049H4.63743C4.95762 15.3049 5.21719 15.0479 5.21719 14.731C5.21719 14.414 4.95762 14.157 4.63743 14.157H4.25093Z" fill="#EB0203"></path>
                    <path fill-rule="evenodd" clip-rule="evenodd" d="M14.6252 13.6363C13.4918 12.6215 11.7817 12.5264 10.6569 13.4792C9.12421 14.7764 9.34841 16.8912 10.4409 18.0122L14.0159 21.6742C14.2197 21.8832 14.4928 22 14.7822 22C15.0737 22 15.3448 21.8852 15.5486 21.6762L19.1236 18.0142C20.214 16.8933 20.4423 14.7785 18.9075 13.4792C17.7827 12.5283 16.0724 12.6217 14.9391 13.6365C14.8855 13.6845 14.8331 13.7345 14.7822 13.7866C14.7313 13.7345 14.6789 13.6843 14.6252 13.6363ZM18.1546 14.3522C19.0973 15.1508 18.9962 16.4896 18.2891 17.2173C18.2888 17.2175 18.2886 17.2177 18.2884 17.218L14.7832 20.8084L11.2753 17.2151C11.2752 17.215 11.2751 17.2149 11.2749 17.2148C10.5677 16.4887 10.4678 15.1495 11.4104 14.3518L11.4108 14.3514C12.0745 13.7892 13.2018 13.82 13.9488 14.5846L14.7822 15.4378L15.6157 14.5846C16.3617 13.8211 17.4896 13.79 18.1545 14.3521" fill="#EB0203"></path>
                    </svg>
                    <svg class="inactive-content" width="100%" height="100%" viewBox="0 0 20 23" fill="none" xmlns="http://www.w3.org/2000/svg">
                    <path fill-rule="evenodd" clip-rule="evenodd" d="M6.18408 5.77914C6.18408 5.46223 6.44363 5.20532 6.7638 5.20532H12.3678C12.6879 5.20532 12.9475 5.46223 12.9475 5.77914C12.9475 6.09606 12.6879 6.35297 12.3678 6.35297H6.7638C6.44363 6.35297 6.18408 6.09606 6.18408 5.77914Z" fill="#EB0203"></path>
                    <path fill-rule="evenodd" clip-rule="evenodd" d="M6.18408 11.9034C6.18408 11.5865 6.44363 11.3296 6.7638 11.3296H12.3678C12.6879 11.3296 12.9475 11.5865 12.9475 11.9034C12.9475 12.2202 12.6879 12.4771 12.3678 12.4771H6.7638C6.44363 12.4771 6.18408 12.2202 6.18408 11.9034Z" fill="#EB0203"></path>
                    <path fill-rule="evenodd" clip-rule="evenodd" d="M6.18408 8.84116C6.18408 8.52424 6.44363 8.26733 6.7638 8.26733H12.3678C12.6879 8.26733 12.9475 8.52424 12.9475 8.84116C12.9475 9.15807 12.6879 9.41498 12.3678 9.41498H6.7638C6.44363 9.41498 6.18408 9.15807 6.18408 8.84116Z" fill="#EB0203"></path>
                    <path fill-rule="evenodd" clip-rule="evenodd" d="M6.18408 14.9655C6.18408 14.6486 6.44363 14.3917 6.7638 14.3917H10.1455C10.4657 14.3917 10.7252 14.6486 10.7252 14.9655C10.7252 15.2825 10.4657 15.5394 10.1455 15.5394H6.7638C6.44363 15.5394 6.18408 15.2825 6.18408 14.9655Z" fill="#EB0203"></path>
                    <path fill-rule="evenodd" clip-rule="evenodd" d="M3.67139 5.77914C3.67139 5.46223 3.93094 5.20532 4.25111 5.20532H4.63759C4.95776 5.20532 5.21731 5.46223 5.21731 5.77914C5.21731 6.09606 4.95776 6.35297 4.63759 6.35297H4.25111C3.93094 6.35297 3.67139 6.09606 3.67139 5.77914Z" fill="#EB0203"></path>
                    <path fill-rule="evenodd" clip-rule="evenodd" d="M3.67139 11.9034C3.67139 11.5865 3.93094 11.3296 4.25111 11.3296H4.63759C4.95776 11.3296 5.21731 11.5865 5.21731 11.9034C5.21731 12.2202 4.95776 12.4771 4.63759 12.4771H4.25111C3.93094 12.4771 3.67139 12.2202 3.67139 11.9034Z" fill="#EB0203"></path>
                    <path fill-rule="evenodd" clip-rule="evenodd" d="M3.67139 8.84116C3.67139 8.52424 3.93094 8.26733 4.25111 8.26733H4.63759C4.95776 8.26733 5.21731 8.52424 5.21731 8.84116C5.21731 9.15807 4.95776 9.41498 4.63759 9.41498H4.25111C3.93094 9.41498 3.67139 9.15807 3.67139 8.84116Z" fill="#EB0203"></path>
                    <path fill-rule="evenodd" clip-rule="evenodd" d="M3.67139 14.9655C3.67139 14.6486 3.93094 14.3917 4.25111 14.3917H4.63759C4.95776 14.3917 5.21731 14.6486 5.21731 14.9655C5.21731 15.2825 4.95776 15.5394 4.63759 15.5394H4.25111C3.93094 15.5394 3.67139 15.2825 3.67139 14.9655Z" fill="#EB0203"></path>
                    <path fill-rule="evenodd" clip-rule="evenodd" d="M0 1.76033C0 0.914738 0.692131 0.229248 1.54592 0.229248H15.0727C15.9265 0.229248 16.6186 0.914738 16.6186 1.76033V11.2818C16.6186 11.5989 16.3591 11.8559 16.0389 11.8559C15.7187 11.8559 15.4592 11.5989 15.4592 11.2818V1.76033C15.4592 1.54893 15.2862 1.37756 15.0727 1.37756H1.54592C1.33247 1.37756 1.15944 1.54893 1.15944 1.76033V18.985C1.15944 19.1964 1.33247 19.3678 1.54592 19.3678H9.27551C9.59568 19.3678 9.85523 19.6249 9.85523 19.942C9.85523 20.2591 9.59568 20.5161 9.27551 20.5161H1.54592C0.692131 20.5161 0 19.8306 0 18.985V1.76033Z" fill="#EB0203"></path>
                    <path fill-rule="evenodd" clip-rule="evenodd" d="M14.6254 13.8718C13.4921 12.8567 11.7821 12.7615 10.6574 13.7147C9.12472 15.0124 9.34891 17.128 10.4413 18.2493L14.0161 21.9126C14.2199 22.1217 14.493 22.2386 14.7824 22.2386C15.0739 22.2386 15.3449 22.1238 15.5487 21.9147L19.1235 18.2514C20.2139 17.13 20.4422 15.0144 18.9075 13.7147C17.7827 12.7634 16.0726 12.8569 14.9392 13.872C14.8856 13.92 14.8333 13.9701 14.7824 14.0222C14.7314 13.97 14.6791 13.9199 14.6254 13.8718ZM18.1546 14.588C19.0972 15.3869 18.9961 16.7262 18.2891 17.4541C18.2888 17.4543 18.2886 17.4546 18.2884 17.4548L14.7834 21.0466L11.2757 17.452C11.2756 17.4519 11.2755 17.4517 11.2753 17.4516C10.5681 16.7252 10.4682 15.3856 11.4108 14.5876L11.4112 14.5872C12.0748 14.0248 13.202 14.0556 13.949 14.8205L14.7824 15.674L15.6158 14.8205C16.3618 14.0567 17.4896 14.0256 18.1545 14.5879" fill="#EB0203"></path>
                    </svg>
                    </button>
                    </div>
                    </div>
                    <p class="ct-tile--brand">Danet</p>
                    <p class="ct-tile--quantity">emb. 500 gr (4 un)</p>
                    </div>
                    <div class="ct-tile-bottom row no-gutters justify-content-between">
                    <div class="ct-price-wrap col-8 col-sm-12">
                    <div class="price js-product-price">
                    <div class="prices-wrapper">
                    <span class="sales ct-tile--price-primary ">
                    <span class="value" content="1.99">
                    <span class="ct-price-formatted">
                    €1,99
                    </span>
                    <span class="ct-m-unit">
                    /un
                    </span>
                    </span>
                    </span>
                    </div>
                    <div class="ct-tile--price-secondary">
                    <span class="ct-price-value">
                    €3,98
                    </span>
                    <span class="ct-m-unit">
                    /kg
                    </span>
                    </div>
                    <p class="ct-discount-amount ct-discount-amount-pvpr">PVP Recomendado: €2,99/un</p>
                    </div>
                    </div>
                    <div class="ct-tile-buy-section d-flex justify-content-center no-gutters col-auto col-sm-12">
                    <div class="col-2 d-sm-flex d-none">
                    <button class="wishlist-toggler guest-mode inactive button button--tertiary" data-pid="6404049" data-add-url="https://www.continente.pt/on/demandware.store/Sites-continente-Site/default/Wishlist-AddProduct?pid=6404049" data-toggle="tooltip" aria-label="Adicionar aos favoritos " data-original-title="Adicionar aos favoritos" data-placement="top" tabindex="-1">
                    <svg class="active-content" width="100%" height="100%" viewBox="0 0 20 22" fill="none" xmlns="http://www.w3.org/2000/svg">
                    <path fill-rule="evenodd" clip-rule="evenodd" d="M0 1.53052C0 0.685236 0.692171 0 1.54601 0H15.0736C15.9274 0 16.6196 0.685235 16.6196 1.53052V13.4064L15.8127 13.922L14.2658 14.2658L12.7189 13.4064L10.6054 14.3818C10.4994 14.2451 10.3327 14.157 10.1452 14.157H6.76329C6.4431 14.157 6.18354 14.414 6.18354 14.731C6.18354 15.0479 6.4431 15.3049 6.76329 15.3049H10.1452C10.2478 15.3049 10.3441 15.2785 10.4277 15.2322L10.3126 16.8439L13.2345 20.2793H1.54601C0.69217 20.2793 0 19.5941 0 18.7488V1.53052ZM6.18354 5.5483C6.18354 5.23132 6.4431 4.97436 6.76329 4.97436H12.3676C12.6878 4.97436 12.9473 5.23132 12.9473 5.5483C12.9473 5.86528 12.6878 6.12224 12.3676 6.12224H6.76329C6.4431 6.12224 6.18354 5.86528 6.18354 5.5483ZM6.76329 11.0961C6.4431 11.0961 6.18354 11.3531 6.18354 11.6701C6.18354 11.987 6.4431 12.244 6.76329 12.244H12.3676C12.6878 12.244 12.9473 11.987 12.9473 11.6701C12.9473 11.3531 12.6878 11.0961 12.3676 11.0961H6.76329ZM6.18354 8.60985C6.18354 8.29287 6.4431 8.03591 6.76329 8.03591H12.3676C12.6878 8.03591 12.9473 8.29287 12.9473 8.60985C12.9473 8.92684 12.6878 9.1838 12.3676 9.1838H6.76329C6.4431 9.1838 6.18354 8.92684 6.18354 8.60985ZM3.67118 5.5483C3.67118 5.23132 3.93075 4.97436 4.25093 4.97436H4.63743C4.95762 4.97436 5.21719 5.23132 5.21719 5.5483C5.21719 5.86528 4.95762 6.12224 4.63743 6.12224H4.25093C3.93075 6.12224 3.67118 5.86528 3.67118 5.5483ZM4.25093 11.0961C3.93075 11.0961 3.67118 11.3531 3.67118 11.6701C3.67118 11.987 3.93075 12.244 4.25093 12.244H4.63743C4.95762 12.244 5.21719 11.987 5.21719 11.6701C5.21719 11.3531 4.95762 11.0961 4.63743 11.0961H4.25093ZM3.67118 8.60985C3.67118 8.29287 3.93075 8.03591 4.25093 8.03591H4.63743C4.95762 8.03591 5.21719 8.29287 5.21719 8.60985C5.21719 8.92684 4.95762 9.1838 4.63743 9.1838H4.25093C3.93075 9.1838 3.67118 8.92684 3.67118 8.60985ZM4.25093 14.157C3.93075 14.157 3.67118 14.414 3.67118 14.731C3.67118 15.0479 3.93075 15.3049 4.25093 15.3049H4.63743C4.95762 15.3049 5.21719 15.0479 5.21719 14.731C5.21719 14.414 4.95762 14.157 4.63743 14.157H4.25093Z" fill="#EB0203"></path>
                    <path fill-rule="evenodd" clip-rule="evenodd" d="M14.6252 13.6363C13.4918 12.6215 11.7817 12.5264 10.6569 13.4792C9.12421 14.7764 9.34841 16.8912 10.4409 18.0122L14.0159 21.6742C14.2197 21.8832 14.4928 22 14.7822 22C15.0737 22 15.3448 21.8852 15.5486 21.6762L19.1236 18.0142C20.214 16.8933 20.4423 14.7785 18.9075 13.4792C17.7827 12.5283 16.0724 12.6217 14.9391 13.6365C14.8855 13.6845 14.8331 13.7345 14.7822 13.7866C14.7313 13.7345 14.6789 13.6843 14.6252 13.6363ZM18.1546 14.3522C19.0973 15.1508 18.9962 16.4896 18.2891 17.2173C18.2888 17.2175 18.2886 17.2177 18.2884 17.218L14.7832 20.8084L11.2753 17.2151C11.2752 17.215 11.2751 17.2149 11.2749 17.2148C10.5677 16.4887 10.4678 15.1495 11.4104 14.3518L11.4108 14.3514C12.0745 13.7892 13.2018 13.82 13.9488 14.5846L14.7822 15.4378L15.6157 14.5846C16.3617 13.8211 17.4896 13.79 18.1545 14.3521" fill="#EB0203"></path>
                    </svg>
                    <svg class="inactive-content" width="100%" height="100%" viewBox="0 0 20 23" fill="none" xmlns="http://www.w3.org/2000/svg">
                    <path fill-rule="evenodd" clip-rule="evenodd" d="M6.18408 5.77914C6.18408 5.46223 6.44363 5.20532 6.7638 5.20532H12.3678C12.6879 5.20532 12.9475 5.46223 12.9475 5.77914C12.9475 6.09606 12.6879 6.35297 12.3678 6.35297H6.7638C6.44363 6.35297 6.18408 6.09606 6.18408 5.77914Z" fill="#EB0203"></path>
                    <path fill-rule="evenodd" clip-rule="evenodd" d="M6.18408 11.9034C6.18408 11.5865 6.44363 11.3296 6.7638 11.3296H12.3678C12.6879 11.3296 12.9475 11.5865 12.9475 11.9034C12.9475 12.2202 12.6879 12.4771 12.3678 12.4771H6.7638C6.44363 12.4771 6.18408 12.2202 6.18408 11.9034Z" fill="#EB0203"></path>
                    <path fill-rule="evenodd" clip-rule="evenodd" d="M6.18408 8.84116C6.18408 8.52424 6.44363 8.26733 6.7638 8.26733H12.3678C12.6879 8.26733 12.9475 8.52424 12.9475 8.84116C12.9475 9.15807 12.6879 9.41498 12.3678 9.41498H6.7638C6.44363 9.41498 6.18408 9.15807 6.18408 8.84116Z" fill="#EB0203"></path>
                    <path fill-rule="evenodd" clip-rule="evenodd" d="M6.18408 14.9655C6.18408 14.6486 6.44363 14.3917 6.7638 14.3917H10.1455C10.4657 14.3917 10.7252 14.6486 10.7252 14.9655C10.7252 15.2825 10.4657 15.5394 10.1455 15.5394H6.7638C6.44363 15.5394 6.18408 15.2825 6.18408 14.9655Z" fill="#EB0203"></path>
                    <path fill-rule="evenodd" clip-rule="evenodd" d="M3.67139 5.77914C3.67139 5.46223 3.93094 5.20532 4.25111 5.20532H4.63759C4.95776 5.20532 5.21731 5.46223 5.21731 5.77914C5.21731 6.09606 4.95776 6.35297 4.63759 6.35297H4.25111C3.93094 6.35297 3.67139 6.09606 3.67139 5.77914Z" fill="#EB0203"></path>
                    <path fill-rule="evenodd" clip-rule="evenodd" d="M3.67139 11.9034C3.67139 11.5865 3.93094 11.3296 4.25111 11.3296H4.63759C4.95776 11.3296 5.21731 11.5865 5.21731 11.9034C5.21731 12.2202 4.95776 12.4771 4.63759 12.4771H4.25111C3.93094 12.4771 3.67139 12.2202 3.67139 11.9034Z" fill="#EB0203"></path>
                    <path fill-rule="evenodd" clip-rule="evenodd" d="M3.67139 8.84116C3.67139 8.52424 3.93094 8.26733 4.25111 8.26733H4.63759C4.95776 8.26733 5.21731 8.52424 5.21731 8.84116C5.21731 9.15807 4.95776 9.41498 4.63759 9.41498H4.25111C3.93094 9.41498 3.67139 9.15807 3.67139 8.84116Z" fill="#EB0203"></path>
                    <path fill-rule="evenodd" clip-rule="evenodd" d="M3.67139 14.9655C3.67139 14.6486 3.93094 14.3917 4.25111 14.3917H4.63759C4.95776 14.3917 5.21731 14.6486 5.21731 14.9655C5.21731 15.2825 4.95776 15.5394 4.63759 15.5394H4.25111C3.93094 15.5394 3.67139 15.2825 3.67139 14.9655Z" fill="#EB0203"></path>
                    <path fill-rule="evenodd" clip-rule="evenodd" d="M0 1.76033C0 0.914738 0.692131 0.229248 1.54592 0.229248H15.0727C15.9265 0.229248 16.6186 0.914738 16.6186 1.76033V11.2818C16.6186 11.5989 16.3591 11.8559 16.0389 11.8559C15.7187 11.8559 15.4592 11.5989 15.4592 11.2818V1.76033C15.4592 1.54893 15.2862 1.37756 15.0727 1.37756H1.54592C1.33247 1.37756 1.15944 1.54893 1.15944 1.76033V18.985C1.15944 19.1964 1.33247 19.3678 1.54592 19.3678H9.27551C9.59568 19.3678 9.85523 19.6249 9.85523 19.942C9.85523 20.2591 9.59568 20.5161 9.27551 20.5161H1.54592C0.692131 20.5161 0 19.8306 0 18.985V1.76033Z" fill="#EB0203"></path>
                    <path fill-rule="evenodd" clip-rule="evenodd" d="M14.6254 13.8718C13.4921 12.8567 11.7821 12.7615 10.6574 13.7147C9.12472 15.0124 9.34891 17.128 10.4413 18.2493L14.0161 21.9126C14.2199 22.1217 14.493 22.2386 14.7824 22.2386C15.0739 22.2386 15.3449 22.1238 15.5487 21.9147L19.1235 18.2514C20.2139 17.13 20.4422 15.0144 18.9075 13.7147C17.7827 12.7634 16.0726 12.8569 14.9392 13.872C14.8856 13.92 14.8333 13.9701 14.7824 14.0222C14.7314 13.97 14.6791 13.9199 14.6254 13.8718ZM18.1546 14.588C19.0972 15.3869 18.9961 16.7262 18.2891 17.4541C18.2888 17.4543 18.2886 17.4546 18.2884 17.4548L14.7834 21.0466L11.2757 17.452C11.2756 17.4519 11.2755 17.4517 11.2753 17.4516C10.5681 16.7252 10.4682 15.3856 11.4108 14.5876L11.4112 14.5872C12.0748 14.0248 13.202 14.0556 13.949 14.8205L14.7824 15.674L15.6158 14.8205C16.3618 14.0567 17.4896 14.0256 18.1545 14.5879" fill="#EB0203"></path>
                    </svg>
                    </button>
                    </div>
                    <div class="col-sm-10 col-12">
                    <div class="ct-tile-quantity d-none" data-pid="6404049">
                    <input type="hidden" class="add-to-cart-url" value="https://www.continente.pt/on/demandware.store/Sites-continente-Site/default/Cart-AddProduct" tabindex="-1">
                    <div class="d-none tile-delete-confirmation-btn" data-pid="6404049" data-delay-time="3000" data-in-cart-msg="no carrinho" data-one-product-added="Adicionado ao carrinho" data-remove-from-cart-msg="Removido do carrinho" data-stay-open="6000.0" data-confirmation-image="{&quot;url&quot;:&quot;https://www.continente.pt/dw/image/v2/BDVS_PRD/on/demandware.static/-/Sites-col-master-catalog/default/dw745b6492/images/col/640/6404049-direito.jpg?sw=87&amp;sh=80&quot;,&quot;fallbackimage&quot;:{&quot;url&quot;:&quot;https://www.continente.pt/dw/image/v2/BDVS_PRD/on/demandware.static/Sites-continente-Site/-/default/dw7c42b4da/images/noimagelarge_product.png?sw=87&amp;sh=80&quot;,&quot;title&quot;:&quot;Creme de Baunilha&quot;,&quot;alt&quot;:&quot;Creme de Baunilha&quot;},&quot;title&quot;:&quot;Creme de Baunilha&quot;,&quot;alt&quot;:&quot;Creme de Baunilha&quot;}"></div>
                    <div class="ct-tile-quantity-update quantity-update product-qty-vue" data-remove-action="https://www.continente.pt/on/demandware.store/Sites-continente-Site/default/Cart-RemoveProductLineItem" data-action="https://www.continente.pt/on/demandware.store/Sites-continente-Site/default/Cart-UpdateQuantity" data-dimension-update="https://www.continente.pt/on/demandware.store/Sites-continente-Site/default/Cart-DimensionUpdate" data-pid="6404049" data-uuid="f56ecb359cc168e5a6015ff537" data-add-delay="500.0" data-measure-options="{&quot;hasConversionRate&quot;:false,&quot;hasAlternativeSaleUnit&quot;:false,&quot;unitConversionRate&quot;:0,&quot;minOrderQuantity&quot;:1,&quot;stepQuantity&quot;:1,&quot;primaryunit&quot;:&quot;un&quot;,&quot;secondaryunit&quot;:&quot;kg&quot;,&quot;selectedunit&quot;:&quot;primary&quot;,&quot;maxNumberOfUnitsPerSale&quot;:50}" data-price-available="null" :data-has-error="isMaxQtyReached || isMinQtyReached || qtySelectedMoreThanOne">
                    <template v-show="prodUnits">
                    <div class="quantity-input-wrapper has-units">
                    <label class="visually-hidden" :for="'quantity-' + pid + additionalTag">
                    Quantidade no carrinho
                    </label>
                    <input :ref="'quantityInput-' + pid + additionalTag" class="add-to-cart-quantity form-control ct-form-input text-center" inputmode="numeric" :class="{'is-invalid': isInvalid}" :data-pid="pid + additionalTag" :name="'quantity-' + pid + additionalTag" type="text" aria-label="Insira a quantidade" title="" v-model="displayValue" @change="updateQuantity" @focus="updateQtyFormat" @blur="restoreQtyFormat" :disabled="!isPriceAvailable">
                    <span class="quantity-icon quantity-icon--minus">
                    <button class="decrease-quantity-btn" @click="updateQuantity" :disabled="!isPriceAvailable" role="button" aria-label="Reduzir quantidade">
                    <i class="css-math-minus"></i>
                    </button>
                    </span>
                    <span class="quantity-icon quantity-icon--plus">
                    <button class="increase-quantity-btn" @click="updateQuantity" :disabled="isMaxQtyReached || !isPriceAvailable" role="button" aria-label="Aumentar quantidade">
                    <i class="css-math-plus"></i>
                    </button>
                    <span class="quantity-btn-disabled-placeholder"></span>
                    </span>
                    <template v-if="isPDP">
                    <span class="quantity-error ct-span-error text-sm-center product-max-allocation" v-if="isMaxQtyReached">
                    Quantidade máxima atingida
                    </span>
                    <span class="quantity-error ct-span-product text-sm-center product-allocation" v-if="!isMinQtyReached &amp;&amp; !isMaxQtyReached">
                    {{quantitySelected}} no carrinho
                    </span>
                    <span class="quantity-error ct-span-error text-sm-center product-min-allocation" :data-pid="pid" v-if="isMinQtyReached &amp;&amp; !isMaxQtyReached">
                    Quantidade mínima atingida
                    </span>
                    </template>
                    </div>
                    <template v-if="showNotes">
                    <div class="add-note-link-container ">
                    <div class="add-note">
                    <a href="/produto/creme-de-baunilha-danet-6404049.html?showNote=true" class="ct-add-note-redirect-pdp" aria-label="Adicionar comentário">
                    <span class="svg-wrapper svg-icon-notes" style="width:19px; height:20px">
                    <svg class="svg-inline icon-notes" viewBox="0 0 28 30" xmlns="http://www.w3.org/2000/svg" width="100%" height="100%"><path d="M21.738 0C22.985 0 24 1.04 24 2.319V12.47c0 .469-.37.848-.828.848-.457 0-.827-.38-.827-.848V2.32c0-.343-.273-.622-.607-.622H2.262c-.334 0-.607.279-.607.622V27.68c0 .343.273.622.607.622h7.81c.457 0 .827.38.827.849 0 .468-.37.848-.827.848h-7.81C1.015 30 0 28.96 0 27.681V2.32C0 1.04 1.015 0 2.262 0h19.476zm2.844 16.004l.227.007c.823.053 1.589.39 2.176.964.64.627.993 1.46.993 2.349 0 .888-.353 1.722-.993 2.348l-6.83 6.665c-.11.108-.247.186-.397.226l-5.032 1.363c-.078.021-.16.032-.241.032-.242 0-.478-.097-.647-.266-.23-.231-.314-.566-.218-.874l1.49-4.798c.044-.139.122-.266.227-.369l6.844-6.677c.64-.625 1.493-.97 2.401-.97zm-2.886 3.94l-4.922 4.802-.947 3.048 3.22-.872 4.897-4.78-2.248-2.197zm2.887-2.174c-.425 0-.824.162-1.124.455l-.484.472 2.248 2.197.484-.472c.62-.606.62-1.591 0-2.197l-.117-.104c-.283-.227-.636-.35-1.007-.35zm-10.839.022c.498 0 .904.396.904.883 0 .488-.406.884-.904.884H5.946c-.499 0-.904-.396-.904-.884 0-.487.405-.883.904-.883zm5.042-4.876c.498 0 .904.397.904.884s-.406.884-.904.884H5.946c-.499 0-.904-.397-.904-.884s.405-.884.904-.884zm0-4.875c.498 0 .904.396.904.884 0 .487-.406.883-.904.883H5.946c-.499 0-.904-.396-.904-.883 0-.488.405-.884.904-.884z" fill="#EB0203" fill-rule="evenodd"></path></svg>
                    </span>
                    <div class="available-note d-none"></div>
                    </a>
                    </div>
                    </div>
                    </template>
                    <div class="measurement-unit-section" v-if="isPriceAvailable &amp;&amp; prodUnits ? prodUnits.hasAlternativeUnit : false">
                    <div class="ct-form-radio" @click="setDimension">
                    <input type="radio" title="" class="ct-form-check-input product-measurement-unit" :data-type="prodUnits.selectedUnit == prodUnits.secondaryUnit ? 'primary' : ''" :id="prodUnits.secondaryUnit + '-' + pid + '-measurement-unit-ptile' + additionalTag" :name="'measurement-unit-' + pid + '-ptile' + additionalTag" :value="prodUnits.secondaryUnit" v-model="prodUnits.selectedUnit">
                    <label :class="prodUnits.secondaryUnit + '-label ct-form-check-label mb-0'" :for="prodUnits.secondaryUnit + '-' + pid + '-measurement-unit-ptile' + additionalTag">
                    {{prodUnits.secondaryUnit}}
                    </label>
                    <span class="checkmark"></span>
                    </div>
                    <div class="ct-form-radio" @click="setDimension">
                    <input type="radio" title="" class="ct-form-check-input product-measurement-unit" :data-type="prodUnits.selectedUnit == prodUnits.primaryUnit ? 'primary' : ''" :id="prodUnits.primaryUnit + '-' + pid + '-measurement-unit-ptile' + additionalTag" :name="'measurement-unit-' + pid + '-ptile' + additionalTag" :value="prodUnits.primaryUnit" v-model="prodUnits.selectedUnit">
                    <label :class="prodUnits.primaryUnit + '-label ct-form-check-label mb-0'" :for="prodUnits.primaryUnit + '-' + pid + '-measurement-unit-ptile' + additionalTag">
                    {{prodUnits.primaryUnit}}
                    </label>
                    <span class="checkmark"></span>
                    </div>
                    </div>
                    <template v-if="!isPDP &amp;&amp; isPriceAvailable">
                    <span class="quantity-error ct-span-error product-max-allocation" v-if="isMaxQtyReached">
                    Quantidade máxima atingida
                    </span>
                    <span class="quantity-error ct-span-product product-allocation" v-if="!isMinQtyReached &amp;&amp; !isMaxQtyReached">
                    {{quantitySelected}} no carrinho
                    </span>
                    <span class="quantity-error ct-span-error product-min-allocation" :data-pid="pid" v-if="isMinQtyReached &amp;&amp; !isMaxQtyReached">
                    Quantidade mínima atingida
                    </span>
                    </template>
                    </template>
                    </div>
                    <input class="quantity-value-mask d-none" name="quantity" type="number" min="0" value="" tabindex="-1">
                    </div>
                    <button type="button" class="add-to-cart button js-add-to-cart js-add-to-cart-tile 6404049 button--primary dynamic-layout-btn" data-toggle="modal" data-target="#chooseBonusProductModal" data-pid="6404049" data-quantity-value="null" aria-label="Carrinho" tabindex="-1">
                    <span class="d-block d-sm-none">
                    <span class="svg-wrapper svg-icon-cart" style="width:20px; height:20px">
                    <svg class="svg-inline icon-cart" xmlns="http://www.w3.org/2000/svg" viewBox="0 0 500 500" width="100%" height="100%"><path fill="#EB0203" fill-rule="evenodd" d="M 485.67317,94.386311 C 476.37798,83.847129 463.09468,78.03348 448.30404,78.03348 H 90.690813 L 87.079511,51.327997 C 83.185582,22.539551 62.962285,0 41.011841,0 H 14.727836 C 6.563151,0 0,6.5286975 0,14.580758 c 0,8.05206 6.5945535,14.580758 14.727836,14.580758 h 26.284005 c 4.710398,0 14.696435,9.855222 16.894619,26.021523 L 100.01739,368.0631 c 1.88416,13.77244 9.01256,26.70549 20.1605,36.37417 8.25889,7.15046 18.02511,11.9071 28.26237,13.89679 -4.17655,7.58572 -6.53175,16.25957 -6.53175,25.493 0,29.53459 24.27424,53.59751 54.13815,53.59751 29.8325,0 54.13814,-24.03184 54.13814,-53.59751 0,-8.79818 -2.19818,-17.09897 -5.9979,-24.43598 h 77.12488 c -3.79973,7.33701 -5.96652,15.6378 -5.96652,24.43598 0,29.53459 24.27424,53.59751 54.13817,53.59751 29.83249,0 54.13814,-24.03184 54.13814,-53.59751 0,-8.79818 -2.1982,-17.09897 -5.9979,-24.43598 h 38.56243 c 8.13328,0 14.72783,-6.5287 14.72783,-14.61183 0,-8.02098 -6.59455,-14.54967 -14.72783,-14.54967 H 159.24277 c -14.38241,0 -28.13677,-11.90711 -30.02092,-26.02153 l -3.07746,-22.88154 h 290.6314 c 14.03698,0 27.94834,-5.28513 39.06488,-14.95381 11.11652,-9.6376 18.27632,-22.57065 20.16048,-36.37417 l 21.10259,-156.78201 c 1.94694,-14.51858 -2.10398,-28.29103 -11.43057,-38.861299 z M 220.76053,443.82706 c 0,13.49265 -11.08513,24.46709 -24.68247,24.46709 -13.62874,0 -24.71387,-10.97444 -24.71387,-24.46709 0,-13.49262 11.08513,-24.43598 24.71387,-24.43598 13.59734,0 24.68247,10.94336 24.68247,24.43598 z m 173.43675,0 c 0,13.49265 -11.08512,24.46709 -24.68245,24.46709 -13.62876,0 -24.71388,-10.97444 -24.71388,-24.46709 0,-13.49262 11.08512,-24.43598 24.71388,-24.43598 13.59733,0 24.68245,10.94336 24.68245,24.43598 z m 73.7648,-314.46558 -21.13397,156.782 c -1.88416,14.11442 -15.63851,26.05261 -30.02091,26.05261 H 122.25046 L 94.616142,107.19499 H 448.33544 c 6.18632,0 11.61896,2.2695 15.23028,6.37326 3.64269,4.13484 5.21283,9.73086 4.39636,15.79323 z"></path></svg>
                    </span>
                    </span>
                    <span class="add-to-cart--text d-none d-sm-block">Carrinho</span>
                    </button>
                    </div>
                    </div>
                    </div>
                    </div>
                    
                    <div class="col-12 d-sm-none">
                    </div>
                    </div>
                    </div>
                    </div>
                    </div><div class="pd-tile-wrap slick-slide" data-idx="7" style="width: 276px; height: auto;" data-slick-index="6" aria-hidden="true" tabindex="-1" role="tabpanel" id="slick-slide06">
                    
                    <script type="text/javascript">//<!--
                    /* <![CDATA[ */
                    (function(){
                    try {
                        if(window.CQuotient) {
                            var cq_params = {};
                            cq_params.cookieId = window.CQuotient.getCQCookieId();
                            cq_params.userId = window.CQuotient.getCQUserId();
                            cq_params.emailId = CQuotient.getCQHashedEmail();
                            cq_params.loginId = CQuotient.getCQHashedLogin();
                            cq_params.accumulate = true;
                            cq_params.products = [{
                                id: '7383016',
                                sku: '',
                                type: '',
                                alt_id: ''
                            }];
                            cq_params.recommenderName = '__UNDEFINED__';
                            cq_params.realm = "BDVS";
                            cq_params.siteId = "continente";
                            cq_params.instanceType = "prd";
                            cq_params.locale = window.CQuotient.locale;
                            cq_params.slotId = '';
                            cq_params.slotConfigId = '';
                            cq_params.slotConfigTemplate = '';
                            if(window.CQuotient.sendActivity)
                                window.CQuotient.sendActivity( CQuotient.clientId, 'viewReco', cq_params );
                            else
                                window.CQuotient.activities.push( {activityType: 'viewReco', parameters: cq_params} );
                        }
                    } catch(err) {}
                    })();
                    /* ]]> */
                    // -->
                    </script>
                    <script type="text/javascript">//<!--
                    /* <![CDATA[ (viewProduct-active_data.js) */
                    dw.ac._capture({id: "7383016", type: "recommendation"});
                    /* ]]> */
                    // -->
                    </script>
                    <div class="product" data-pid="7383016">
                    <div class="product-tile pid-7383016   ct-product-tile " data-delay-time="3000" data-variants-mapping="[]" data-in-cart-msg="no carrinho" data-one-product-added="Adicionado ao carrinho" data-remove-from-cart-msg="Removido do carrinho" data-stay-open="6000.0" data-product-tile-impression="{&quot;name&quot;:&quot;7383016&quot;,&quot;id&quot;:&quot;7383016&quot;,&quot;price&quot;:1.89,&quot;brand&quot;:&quot;Yopro&quot;,&quot;category&quot;:[{&quot;category_level_1&quot;:&quot;Laticínios e Ovos&quot;},{&quot;category_level_2&quot;:&quot;Iogurtes&quot;},{&quot;category_level_3&quot;:&quot;Iogurtes Líquidos&quot;}],&quot;variant&quot;:&quot;&quot;}">
                    <div class="ct-inner-tile-wrap row no-gutters justify-content-center align-content-start">
                    <div class="ct-product-tile-badge ct-product-tile-badge--promotional">
                    <img class="img-fluid lazyloaded" loading="lazy" data-src="https://www.continente.pt/dw/image/v2/BDVS_PRD/on/demandware.static/-/Sites-continente-Library/default/dwf5980f2e/images/badges/pvpr/col/pvpr.png?sw=60&amp;sh=42" alt="PVP Recomendado: €2,39/un" title="PVP Recomendado: €2,39/un" src="https://www.continente.pt/dw/image/v2/BDVS_PRD/on/demandware.static/-/Sites-continente-Library/default/dwf5980f2e/images/badges/pvpr/col/pvpr.png?sw=60&amp;sh=42">
                    <div class="ct-product-tile-badge-value-wrapper ct-product-tile-badge-value-wrapper--pvpr  ">
                    <span class="ct-product-tile-badge-value--pvpr">
                    20
                    </span>
                    <span class="ct-product-tile-badge-value--pvpr-quantifier ">
                    %
                    </span>
                    </div>
                    </div>
                    
                    <div class="ct-image-container col-4 col-sm" data-confirmation-image="{&quot;url&quot;:&quot;https://www.continente.pt/dw/image/v2/BDVS_PRD/on/demandware.static/-/Sites-col-master-catalog/default/dw6a407a8e/images/col/738/7383016-frente.jpg?sw=87&amp;sh=80&quot;,&quot;fallbackimage&quot;:{&quot;url&quot;:&quot;https://www.continente.pt/dw/image/v2/BDVS_PRD/on/demandware.static/Sites-continente-Site/-/default/dw7c42b4da/images/noimagelarge_product.png?sw=87&amp;sh=80&quot;,&quot;title&quot;:&quot;Iogurte Líquido Proteína Manga&quot;,&quot;alt&quot;:&quot;Iogurte Líquido Proteína Manga&quot;},&quot;title&quot;:&quot;Iogurte Líquido Proteína Manga&quot;,&quot;alt&quot;:&quot;Iogurte Líquido Proteína Manga&quot;}">
                    <a href="https://www.continente.pt/produto/iogurte-liquido-proteina-manga-yopro-7383016.html?cgid=home" tabindex="-1">
                    <picture class="intrinsic intrinsic--square">
                    <img class="ct-tile-image lazyloaded" loading="lazy" onerror="this.onerror=null;this.src='/on/demandware.static/Sites-continente-Site/-/default/dw7c42b4da/images/noimagelarge_product.png';" data-src="https://www.continente.pt/dw/image/v2/BDVS_PRD/on/demandware.static/-/Sites-col-master-catalog/default/dw6a407a8e/images/col/738/7383016-frente.jpg?sw=280&amp;sh=280" alt="Iogurte Líquido Proteína Manga" title="Iogurte Líquido Proteína Manga" src="https://www.continente.pt/dw/image/v2/BDVS_PRD/on/demandware.static/-/Sites-col-master-catalog/default/dw6a407a8e/images/col/738/7383016-frente.jpg?sw=280&amp;sh=280">
                    </picture>
                    </a>
                    <div class="color-swatches d-flex" style="margin-left: 5px;">
                    <div class="swatches d-flex">
                    </div>
                    </div>
                    </div>
                    <div class="ct-tile-body col col-sm-auto ">
                    <div class="ct-pdp-details">
                    <div class="ct-pdp-link">
                    <a class="ct-tile--description" href="https://www.continente.pt/produto/iogurte-liquido-proteina-manga-yopro-7383016.html?cgid=home" tabindex="-1">Iogurte Líquido Proteína Manga</a>
                    <div class="ct-tile--favorite-top d-sm-none">
                    <button class="wishlist-toggler guest-mode inactive button button--tertiary" data-pid="7383016" data-add-url="https://www.continente.pt/on/demandware.store/Sites-continente-Site/default/Wishlist-AddProduct?pid=7383016" data-toggle="tooltip" aria-label="Adicionar aos favoritos " data-original-title="Adicionar aos favoritos" data-placement="top" tabindex="-1">
                    <svg class="active-content" width="100%" height="100%" viewBox="0 0 20 22" fill="none" xmlns="http://www.w3.org/2000/svg">
                    <path fill-rule="evenodd" clip-rule="evenodd" d="M0 1.53052C0 0.685236 0.692171 0 1.54601 0H15.0736C15.9274 0 16.6196 0.685235 16.6196 1.53052V13.4064L15.8127 13.922L14.2658 14.2658L12.7189 13.4064L10.6054 14.3818C10.4994 14.2451 10.3327 14.157 10.1452 14.157H6.76329C6.4431 14.157 6.18354 14.414 6.18354 14.731C6.18354 15.0479 6.4431 15.3049 6.76329 15.3049H10.1452C10.2478 15.3049 10.3441 15.2785 10.4277 15.2322L10.3126 16.8439L13.2345 20.2793H1.54601C0.69217 20.2793 0 19.5941 0 18.7488V1.53052ZM6.18354 5.5483C6.18354 5.23132 6.4431 4.97436 6.76329 4.97436H12.3676C12.6878 4.97436 12.9473 5.23132 12.9473 5.5483C12.9473 5.86528 12.6878 6.12224 12.3676 6.12224H6.76329C6.4431 6.12224 6.18354 5.86528 6.18354 5.5483ZM6.76329 11.0961C6.4431 11.0961 6.18354 11.3531 6.18354 11.6701C6.18354 11.987 6.4431 12.244 6.76329 12.244H12.3676C12.6878 12.244 12.9473 11.987 12.9473 11.6701C12.9473 11.3531 12.6878 11.0961 12.3676 11.0961H6.76329ZM6.18354 8.60985C6.18354 8.29287 6.4431 8.03591 6.76329 8.03591H12.3676C12.6878 8.03591 12.9473 8.29287 12.9473 8.60985C12.9473 8.92684 12.6878 9.1838 12.3676 9.1838H6.76329C6.4431 9.1838 6.18354 8.92684 6.18354 8.60985ZM3.67118 5.5483C3.67118 5.23132 3.93075 4.97436 4.25093 4.97436H4.63743C4.95762 4.97436 5.21719 5.23132 5.21719 5.5483C5.21719 5.86528 4.95762 6.12224 4.63743 6.12224H4.25093C3.93075 6.12224 3.67118 5.86528 3.67118 5.5483ZM4.25093 11.0961C3.93075 11.0961 3.67118 11.3531 3.67118 11.6701C3.67118 11.987 3.93075 12.244 4.25093 12.244H4.63743C4.95762 12.244 5.21719 11.987 5.21719 11.6701C5.21719 11.3531 4.95762 11.0961 4.63743 11.0961H4.25093ZM3.67118 8.60985C3.67118 8.29287 3.93075 8.03591 4.25093 8.03591H4.63743C4.95762 8.03591 5.21719 8.29287 5.21719 8.60985C5.21719 8.92684 4.95762 9.1838 4.63743 9.1838H4.25093C3.93075 9.1838 3.67118 8.92684 3.67118 8.60985ZM4.25093 14.157C3.93075 14.157 3.67118 14.414 3.67118 14.731C3.67118 15.0479 3.93075 15.3049 4.25093 15.3049H4.63743C4.95762 15.3049 5.21719 15.0479 5.21719 14.731C5.21719 14.414 4.95762 14.157 4.63743 14.157H4.25093Z" fill="#EB0203"></path>
                    <path fill-rule="evenodd" clip-rule="evenodd" d="M14.6252 13.6363C13.4918 12.6215 11.7817 12.5264 10.6569 13.4792C9.12421 14.7764 9.34841 16.8912 10.4409 18.0122L14.0159 21.6742C14.2197 21.8832 14.4928 22 14.7822 22C15.0737 22 15.3448 21.8852 15.5486 21.6762L19.1236 18.0142C20.214 16.8933 20.4423 14.7785 18.9075 13.4792C17.7827 12.5283 16.0724 12.6217 14.9391 13.6365C14.8855 13.6845 14.8331 13.7345 14.7822 13.7866C14.7313 13.7345 14.6789 13.6843 14.6252 13.6363ZM18.1546 14.3522C19.0973 15.1508 18.9962 16.4896 18.2891 17.2173C18.2888 17.2175 18.2886 17.2177 18.2884 17.218L14.7832 20.8084L11.2753 17.2151C11.2752 17.215 11.2751 17.2149 11.2749 17.2148C10.5677 16.4887 10.4678 15.1495 11.4104 14.3518L11.4108 14.3514C12.0745 13.7892 13.2018 13.82 13.9488 14.5846L14.7822 15.4378L15.6157 14.5846C16.3617 13.8211 17.4896 13.79 18.1545 14.3521" fill="#EB0203"></path>
                    </svg>
                    <svg class="inactive-content" width="100%" height="100%" viewBox="0 0 20 23" fill="none" xmlns="http://www.w3.org/2000/svg">
                    <path fill-rule="evenodd" clip-rule="evenodd" d="M6.18408 5.77914C6.18408 5.46223 6.44363 5.20532 6.7638 5.20532H12.3678C12.6879 5.20532 12.9475 5.46223 12.9475 5.77914C12.9475 6.09606 12.6879 6.35297 12.3678 6.35297H6.7638C6.44363 6.35297 6.18408 6.09606 6.18408 5.77914Z" fill="#EB0203"></path>
                    <path fill-rule="evenodd" clip-rule="evenodd" d="M6.18408 11.9034C6.18408 11.5865 6.44363 11.3296 6.7638 11.3296H12.3678C12.6879 11.3296 12.9475 11.5865 12.9475 11.9034C12.9475 12.2202 12.6879 12.4771 12.3678 12.4771H6.7638C6.44363 12.4771 6.18408 12.2202 6.18408 11.9034Z" fill="#EB0203"></path>
                    <path fill-rule="evenodd" clip-rule="evenodd" d="M6.18408 8.84116C6.18408 8.52424 6.44363 8.26733 6.7638 8.26733H12.3678C12.6879 8.26733 12.9475 8.52424 12.9475 8.84116C12.9475 9.15807 12.6879 9.41498 12.3678 9.41498H6.7638C6.44363 9.41498 6.18408 9.15807 6.18408 8.84116Z" fill="#EB0203"></path>
                    <path fill-rule="evenodd" clip-rule="evenodd" d="M6.18408 14.9655C6.18408 14.6486 6.44363 14.3917 6.7638 14.3917H10.1455C10.4657 14.3917 10.7252 14.6486 10.7252 14.9655C10.7252 15.2825 10.4657 15.5394 10.1455 15.5394H6.7638C6.44363 15.5394 6.18408 15.2825 6.18408 14.9655Z" fill="#EB0203"></path>
                    <path fill-rule="evenodd" clip-rule="evenodd" d="M3.67139 5.77914C3.67139 5.46223 3.93094 5.20532 4.25111 5.20532H4.63759C4.95776 5.20532 5.21731 5.46223 5.21731 5.77914C5.21731 6.09606 4.95776 6.35297 4.63759 6.35297H4.25111C3.93094 6.35297 3.67139 6.09606 3.67139 5.77914Z" fill="#EB0203"></path>
                    <path fill-rule="evenodd" clip-rule="evenodd" d="M3.67139 11.9034C3.67139 11.5865 3.93094 11.3296 4.25111 11.3296H4.63759C4.95776 11.3296 5.21731 11.5865 5.21731 11.9034C5.21731 12.2202 4.95776 12.4771 4.63759 12.4771H4.25111C3.93094 12.4771 3.67139 12.2202 3.67139 11.9034Z" fill="#EB0203"></path>
                    <path fill-rule="evenodd" clip-rule="evenodd" d="M3.67139 8.84116C3.67139 8.52424 3.93094 8.26733 4.25111 8.26733H4.63759C4.95776 8.26733 5.21731 8.52424 5.21731 8.84116C5.21731 9.15807 4.95776 9.41498 4.63759 9.41498H4.25111C3.93094 9.41498 3.67139 9.15807 3.67139 8.84116Z" fill="#EB0203"></path>
                    <path fill-rule="evenodd" clip-rule="evenodd" d="M3.67139 14.9655C3.67139 14.6486 3.93094 14.3917 4.25111 14.3917H4.63759C4.95776 14.3917 5.21731 14.6486 5.21731 14.9655C5.21731 15.2825 4.95776 15.5394 4.63759 15.5394H4.25111C3.93094 15.5394 3.67139 15.2825 3.67139 14.9655Z" fill="#EB0203"></path>
                    <path fill-rule="evenodd" clip-rule="evenodd" d="M0 1.76033C0 0.914738 0.692131 0.229248 1.54592 0.229248H15.0727C15.9265 0.229248 16.6186 0.914738 16.6186 1.76033V11.2818C16.6186 11.5989 16.3591 11.8559 16.0389 11.8559C15.7187 11.8559 15.4592 11.5989 15.4592 11.2818V1.76033C15.4592 1.54893 15.2862 1.37756 15.0727 1.37756H1.54592C1.33247 1.37756 1.15944 1.54893 1.15944 1.76033V18.985C1.15944 19.1964 1.33247 19.3678 1.54592 19.3678H9.27551C9.59568 19.3678 9.85523 19.6249 9.85523 19.942C9.85523 20.2591 9.59568 20.5161 9.27551 20.5161H1.54592C0.692131 20.5161 0 19.8306 0 18.985V1.76033Z" fill="#EB0203"></path>
                    <path fill-rule="evenodd" clip-rule="evenodd" d="M14.6254 13.8718C13.4921 12.8567 11.7821 12.7615 10.6574 13.7147C9.12472 15.0124 9.34891 17.128 10.4413 18.2493L14.0161 21.9126C14.2199 22.1217 14.493 22.2386 14.7824 22.2386C15.0739 22.2386 15.3449 22.1238 15.5487 21.9147L19.1235 18.2514C20.2139 17.13 20.4422 15.0144 18.9075 13.7147C17.7827 12.7634 16.0726 12.8569 14.9392 13.872C14.8856 13.92 14.8333 13.9701 14.7824 14.0222C14.7314 13.97 14.6791 13.9199 14.6254 13.8718ZM18.1546 14.588C19.0972 15.3869 18.9961 16.7262 18.2891 17.4541C18.2888 17.4543 18.2886 17.4546 18.2884 17.4548L14.7834 21.0466L11.2757 17.452C11.2756 17.4519 11.2755 17.4517 11.2753 17.4516C10.5681 16.7252 10.4682 15.3856 11.4108 14.5876L11.4112 14.5872C12.0748 14.0248 13.202 14.0556 13.949 14.8205L14.7824 15.674L15.6158 14.8205C16.3618 14.0567 17.4896 14.0256 18.1545 14.5879" fill="#EB0203"></path>
                    </svg>
                    </button>
                    </div>
                    </div>
                    <p class="ct-tile--brand">Yopro</p>
                    <p class="ct-tile--quantity">emb. 300 gr</p>
                    </div>
                    <div class="ct-tile-bottom row no-gutters justify-content-between">
                    <div class="ct-price-wrap col-8 col-sm-12">
                    <div class="price js-product-price">
                    <div class="prices-wrapper">
                    <span class="sales ct-tile--price-primary ">
                    <span class="value" content="1.89">
                    <span class="ct-price-formatted">
                    €1,89
                    </span>
                    <span class="ct-m-unit">
                    /un
                    </span>
                    </span>
                    </span>
                    </div>
                    <div class="ct-tile--price-secondary">
                    <span class="ct-price-value">
                    €6,30
                    </span>
                    <span class="ct-m-unit">
                    /kg
                    </span>
                    </div>
                    <p class="ct-discount-amount ct-discount-amount-pvpr">PVP Recomendado: €2,39/un</p>
                    </div>
                    </div>
                     <div class="ct-tile-buy-section d-flex justify-content-center no-gutters col-auto col-sm-12">
                    <div class="col-2 d-sm-flex d-none">
                    <button class="wishlist-toggler guest-mode inactive button button--tertiary" data-pid="7383016" data-add-url="https://www.continente.pt/on/demandware.store/Sites-continente-Site/default/Wishlist-AddProduct?pid=7383016" data-toggle="tooltip" aria-label="Adicionar aos favoritos " data-original-title="Adicionar aos favoritos" data-placement="top" tabindex="-1">
                    <svg class="active-content" width="100%" height="100%" viewBox="0 0 20 22" fill="none" xmlns="http://www.w3.org/2000/svg">
                    <path fill-rule="evenodd" clip-rule="evenodd" d="M0 1.53052C0 0.685236 0.692171 0 1.54601 0H15.0736C15.9274 0 16.6196 0.685235 16.6196 1.53052V13.4064L15.8127 13.922L14.2658 14.2658L12.7189 13.4064L10.6054 14.3818C10.4994 14.2451 10.3327 14.157 10.1452 14.157H6.76329C6.4431 14.157 6.18354 14.414 6.18354 14.731C6.18354 15.0479 6.4431 15.3049 6.76329 15.3049H10.1452C10.2478 15.3049 10.3441 15.2785 10.4277 15.2322L10.3126 16.8439L13.2345 20.2793H1.54601C0.69217 20.2793 0 19.5941 0 18.7488V1.53052ZM6.18354 5.5483C6.18354 5.23132 6.4431 4.97436 6.76329 4.97436H12.3676C12.6878 4.97436 12.9473 5.23132 12.9473 5.5483C12.9473 5.86528 12.6878 6.12224 12.3676 6.12224H6.76329C6.4431 6.12224 6.18354 5.86528 6.18354 5.5483ZM6.76329 11.0961C6.4431 11.0961 6.18354 11.3531 6.18354 11.6701C6.18354 11.987 6.4431 12.244 6.76329 12.244H12.3676C12.6878 12.244 12.9473 11.987 12.9473 11.6701C12.9473 11.3531 12.6878 11.0961 12.3676 11.0961H6.76329ZM6.18354 8.60985C6.18354 8.29287 6.4431 8.03591 6.76329 8.03591H12.3676C12.6878 8.03591 12.9473 8.29287 12.9473 8.60985C12.9473 8.92684 12.6878 9.1838 12.3676 9.1838H6.76329C6.4431 9.1838 6.18354 8.92684 6.18354 8.60985ZM3.67118 5.5483C3.67118 5.23132 3.93075 4.97436 4.25093 4.97436H4.63743C4.95762 4.97436 5.21719 5.23132 5.21719 5.5483C5.21719 5.86528 4.95762 6.12224 4.63743 6.12224H4.25093C3.93075 6.12224 3.67118 5.86528 3.67118 5.5483ZM4.25093 11.0961C3.93075 11.0961 3.67118 11.3531 3.67118 11.6701C3.67118 11.987 3.93075 12.244 4.25093 12.244H4.63743C4.95762 12.244 5.21719 11.987 5.21719 11.6701C5.21719 11.3531 4.95762 11.0961 4.63743 11.0961H4.25093ZM3.67118 8.60985C3.67118 8.29287 3.93075 8.03591 4.25093 8.03591H4.63743C4.95762 8.03591 5.21719 8.29287 5.21719 8.60985C5.21719 8.92684 4.95762 9.1838 4.63743 9.1838H4.25093C3.93075 9.1838 3.67118 8.92684 3.67118 8.60985ZM4.25093 14.157C3.93075 14.157 3.67118 14.414 3.67118 14.731C3.67118 15.0479 3.93075 15.3049 4.25093 15.3049H4.63743C4.95762 15.3049 5.21719 15.0479 5.21719 14.731C5.21719 14.414 4.95762 14.157 4.63743 14.157H4.25093Z" fill="#EB0203"></path>
                    <path fill-rule="evenodd" clip-rule="evenodd" d="M14.6252 13.6363C13.4918 12.6215 11.7817 12.5264 10.6569 13.4792C9.12421 14.7764 9.34841 16.8912 10.4409 18.0122L14.0159 21.6742C14.2197 21.8832 14.4928 22 14.7822 22C15.0737 22 15.3448 21.8852 15.5486 21.6762L19.1236 18.0142C20.214 16.8933 20.4423 14.7785 18.9075 13.4792C17.7827 12.5283 16.0724 12.6217 14.9391 13.6365C14.8855 13.6845 14.8331 13.7345 14.7822 13.7866C14.7313 13.7345 14.6789 13.6843 14.6252 13.6363ZM18.1546 14.3522C19.0973 15.1508 18.9962 16.4896 18.2891 17.2173C18.2888 17.2175 18.2886 17.2177 18.2884 17.218L14.7832 20.8084L11.2753 17.2151C11.2752 17.215 11.2751 17.2149 11.2749 17.2148C10.5677 16.4887 10.4678 15.1495 11.4104 14.3518L11.4108 14.3514C12.0745 13.7892 13.2018 13.82 13.9488 14.5846L14.7822 15.4378L15.6157 14.5846C16.3617 13.8211 17.4896 13.79 18.1545 14.3521" fill="#EB0203"></path>
                    </svg>
                    <svg class="inactive-content" width="100%" height="100%" viewBox="0 0 20 23" fill="none" xmlns="http://www.w3.org/2000/svg">
                    <path fill-rule="evenodd" clip-rule="evenodd" d="M6.18408 5.77914C6.18408 5.46223 6.44363 5.20532 6.7638 5.20532H12.3678C12.6879 5.20532 12.9475 5.46223 12.9475 5.77914C12.9475 6.09606 12.6879 6.35297 12.3678 6.35297H6.7638C6.44363 6.35297 6.18408 6.09606 6.18408 5.77914Z" fill="#EB0203"></path>
                    <path fill-rule="evenodd" clip-rule="evenodd" d="M6.18408 11.9034C6.18408 11.5865 6.44363 11.3296 6.7638 11.3296H12.3678C12.6879 11.3296 12.9475 11.5865 12.9475 11.9034C12.9475 12.2202 12.6879 12.4771 12.3678 12.4771H6.7638C6.44363 12.4771 6.18408 12.2202 6.18408 11.9034Z" fill="#EB0203"></path>
                    <path fill-rule="evenodd" clip-rule="evenodd" d="M6.18408 8.84116C6.18408 8.52424 6.44363 8.26733 6.7638 8.26733H12.3678C12.6879 8.26733 12.9475 8.52424 12.9475 8.84116C12.9475 9.15807 12.6879 9.41498 12.3678 9.41498H6.7638C6.44363 9.41498 6.18408 9.15807 6.18408 8.84116Z" fill="#EB0203"></path>
                    <path fill-rule="evenodd" clip-rule="evenodd" d="M6.18408 14.9655C6.18408 14.6486 6.44363 14.3917 6.7638 14.3917H10.1455C10.4657 14.3917 10.7252 14.6486 10.7252 14.9655C10.7252 15.2825 10.4657 15.5394 10.1455 15.5394H6.7638C6.44363 15.5394 6.18408 15.2825 6.18408 14.9655Z" fill="#EB0203"></path>
                    <path fill-rule="evenodd" clip-rule="evenodd" d="M3.67139 5.77914C3.67139 5.46223 3.93094 5.20532 4.25111 5.20532H4.63759C4.95776 5.20532 5.21731 5.46223 5.21731 5.77914C5.21731 6.09606 4.95776 6.35297 4.63759 6.35297H4.25111C3.93094 6.35297 3.67139 6.09606 3.67139 5.77914Z" fill="#EB0203"></path>
                    <path fill-rule="evenodd" clip-rule="evenodd" d="M3.67139 11.9034C3.67139 11.5865 3.93094 11.3296 4.25111 11.3296H4.63759C4.95776 11.3296 5.21731 11.5865 5.21731 11.9034C5.21731 12.2202 4.95776 12.4771 4.63759 12.4771H4.25111C3.93094 12.4771 3.67139 12.2202 3.67139 11.9034Z" fill="#EB0203"></path>
                    <path fill-rule="evenodd" clip-rule="evenodd" d="M3.67139 8.84116C3.67139 8.52424 3.93094 8.26733 4.25111 8.26733H4.63759C4.95776 8.26733 5.21731 8.52424 5.21731 8.84116C5.21731 9.15807 4.95776 9.41498 4.63759 9.41498H4.25111C3.93094 9.41498 3.67139 9.15807 3.67139 8.84116Z" fill="#EB0203"></path>
                    <path fill-rule="evenodd" clip-rule="evenodd" d="M3.67139 14.9655C3.67139 14.6486 3.93094 14.3917 4.25111 14.3917H4.63759C4.95776 14.3917 5.21731 14.6486 5.21731 14.9655C5.21731 15.2825 4.95776 15.5394 4.63759 15.5394H4.25111C3.93094 15.5394 3.67139 15.2825 3.67139 14.9655Z" fill="#EB0203"></path>
                    <path fill-rule="evenodd" clip-rule="evenodd" d="M0 1.76033C0 0.914738 0.692131 0.229248 1.54592 0.229248H15.0727C15.9265 0.229248 16.6186 0.914738 16.6186 1.76033V11.2818C16.6186 11.5989 16.3591 11.8559 16.0389 11.8559C15.7187 11.8559 15.4592 11.5989 15.4592 11.2818V1.76033C15.4592 1.54893 15.2862 1.37756 15.0727 1.37756H1.54592C1.33247 1.37756 1.15944 1.54893 1.15944 1.76033V18.985C1.15944 19.1964 1.33247 19.3678 1.54592 19.3678H9.27551C9.59568 19.3678 9.85523 19.6249 9.85523 19.942C9.85523 20.2591 9.59568 20.5161 9.27551 20.5161H1.54592C0.692131 20.5161 0 19.8306 0 18.985V1.76033Z" fill="#EB0203"></path>
                    <path fill-rule="evenodd" clip-rule="evenodd" d="M14.6254 13.8718C13.4921 12.8567 11.7821 12.7615 10.6574 13.7147C9.12472 15.0124 9.34891 17.128 10.4413 18.2493L14.0161 21.9126C14.2199 22.1217 14.493 22.2386 14.7824 22.2386C15.0739 22.2386 15.3449 22.1238 15.5487 21.9147L19.1235 18.2514C20.2139 17.13 20.4422 15.0144 18.9075 13.7147C17.7827 12.7634 16.0726 12.8569 14.9392 13.872C14.8856 13.92 14.8333 13.9701 14.7824 14.0222C14.7314 13.97 14.6791 13.9199 14.6254 13.8718ZM18.1546 14.588C19.0972 15.3869 18.9961 16.7262 18.2891 17.4541C18.2888 17.4543 18.2886 17.4546 18.2884 17.4548L14.7834 21.0466L11.2757 17.452C11.2756 17.4519 11.2755 17.4517 11.2753 17.4516C10.5681 16.7252 10.4682 15.3856 11.4108 14.5876L11.4112 14.5872C12.0748 14.0248 13.202 14.0556 13.949 14.8205L14.7824 15.674L15.6158 14.8205C16.3618 14.0567 17.4896 14.0256 18.1545 14.5879" fill="#EB0203"></path>
                    </svg>
                    </button>
                    </div>
                    <div class="col-sm-10 col-12">
                    <div class="ct-tile-quantity d-none" data-pid="7383016">
                    <input type="hidden" class="add-to-cart-url" value="https://www.continente.pt/on/demandware.store/Sites-continente-Site/default/Cart-AddProduct" tabindex="-1">
                    <div class="d-none tile-delete-confirmation-btn" data-pid="7383016" data-delay-time="3000" data-in-cart-msg="no carrinho" data-one-product-added="Adicionado ao carrinho" data-remove-from-cart-msg="Removido do carrinho" data-stay-open="6000.0" data-confirmation-image="{&quot;url&quot;:&quot;https://www.continente.pt/dw/image/v2/BDVS_PRD/on/demandware.static/-/Sites-col-master-catalog/default/dw6a407a8e/images/col/738/7383016-frente.jpg?sw=87&amp;sh=80&quot;,&quot;fallbackimage&quot;:{&quot;url&quot;:&quot;https://www.continente.pt/dw/image/v2/BDVS_PRD/on/demandware.static/Sites-continente-Site/-/default/dw7c42b4da/images/noimagelarge_product.png?sw=87&amp;sh=80&quot;,&quot;title&quot;:&quot;Iogurte Líquido Proteína Manga&quot;,&quot;alt&quot;:&quot;Iogurte Líquido Proteína Manga&quot;},&quot;title&quot;:&quot;Iogurte Líquido Proteína Manga&quot;,&quot;alt&quot;:&quot;Iogurte Líquido Proteína Manga&quot;}"></div>
                    <div class="ct-tile-quantity-update quantity-update product-qty-vue" data-remove-action="https://www.continente.pt/on/demandware.store/Sites-continente-Site/default/Cart-RemoveProductLineItem" data-action="https://www.continente.pt/on/demandware.store/Sites-continente-Site/default/Cart-UpdateQuantity" data-dimension-update="https://www.continente.pt/on/demandware.store/Sites-continente-Site/default/Cart-DimensionUpdate" data-pid="7383016" data-uuid="6351d6f26be6dff8c63e8668ee" data-add-delay="500.0" data-measure-options="{&quot;hasConversionRate&quot;:false,&quot;hasAlternativeSaleUnit&quot;:false,&quot;unitConversionRate&quot;:0,&quot;minOrderQuantity&quot;:1,&quot;stepQuantity&quot;:1,&quot;primaryunit&quot;:&quot;un&quot;,&quot;secondaryunit&quot;:&quot;kg&quot;,&quot;selectedunit&quot;:&quot;primary&quot;,&quot;maxNumberOfUnitsPerSale&quot;:50}" data-price-available="null" :data-has-error="isMaxQtyReached || isMinQtyReached || qtySelectedMoreThanOne">
                    <template v-show="prodUnits">
                    <div class="quantity-input-wrapper has-units">
                    <label class="visually-hidden" :for="'quantity-' + pid + additionalTag">
                    Quantidade no carrinho
                    </label>
                    <input :ref="'quantityInput-' + pid + additionalTag" class="add-to-cart-quantity form-control ct-form-input text-center" inputmode="numeric" :class="{'is-invalid': isInvalid}" :data-pid="pid + additionalTag" :name="'quantity-' + pid + additionalTag" type="text" aria-label="Insira a quantidade" title="" v-model="displayValue" @change="updateQuantity" @focus="updateQtyFormat" @blur="restoreQtyFormat" :disabled="!isPriceAvailable">
                    <span class="quantity-icon quantity-icon--minus">
                    <button class="decrease-quantity-btn" @click="updateQuantity" :disabled="!isPriceAvailable" role="button" aria-label="Reduzir quantidade">
                    <i class="css-math-minus"></i>
                    </button>
                    </span>
                    <span class="quantity-icon quantity-icon--plus">
                    <button class="increase-quantity-btn" @click="updateQuantity" :disabled="isMaxQtyReached || !isPriceAvailable" role="button" aria-label="Aumentar quantidade">
                    <i class="css-math-plus"></i>
                    </button>
                    <span class="quantity-btn-disabled-placeholder"></span>
                    </span>
                    <template v-if="isPDP">
                    <span class="quantity-error ct-span-error text-sm-center product-max-allocation" v-if="isMaxQtyReached">
                    Quantidade máxima atingida
                    </span>
                    <span class="quantity-error ct-span-product text-sm-center product-allocation" v-if="!isMinQtyReached &amp;&amp; !isMaxQtyReached">
                    {{quantitySelected}} no carrinho
                    </span>
                    <span class="quantity-error ct-span-error text-sm-center product-min-allocation" :data-pid="pid" v-if="isMinQtyReached &amp;&amp; !isMaxQtyReached">
                    Quantidade mínima atingida
                    </span>
                    </template>
                    </div>
                    <template v-if="showNotes">
                    <div class="add-note-link-container ">
                    <div class="add-note">
                    <a href="/produto/iogurte-liquido-proteina-manga-yopro-7383016.html?showNote=true" class="ct-add-note-redirect-pdp" aria-label="Adicionar comentário">
                    <span class="svg-wrapper svg-icon-notes" style="width:19px; height:20px">
                    <svg class="svg-inline icon-notes" viewBox="0 0 28 30" xmlns="http://www.w3.org/2000/svg" width="100%" height="100%"><path d="M21.738 0C22.985 0 24 1.04 24 2.319V12.47c0 .469-.37.848-.828.848-.457 0-.827-.38-.827-.848V2.32c0-.343-.273-.622-.607-.622H2.262c-.334 0-.607.279-.607.622V27.68c0 .343.273.622.607.622h7.81c.457 0 .827.38.827.849 0 .468-.37.848-.827.848h-7.81C1.015 30 0 28.96 0 27.681V2.32C0 1.04 1.015 0 2.262 0h19.476zm2.844 16.004l.227.007c.823.053 1.589.39 2.176.964.64.627.993 1.46.993 2.349 0 .888-.353 1.722-.993 2.348l-6.83 6.665c-.11.108-.247.186-.397.226l-5.032 1.363c-.078.021-.16.032-.241.032-.242 0-.478-.097-.647-.266-.23-.231-.314-.566-.218-.874l1.49-4.798c.044-.139.122-.266.227-.369l6.844-6.677c.64-.625 1.493-.97 2.401-.97zm-2.886 3.94l-4.922 4.802-.947 3.048 3.22-.872 4.897-4.78-2.248-2.197zm2.887-2.174c-.425 0-.824.162-1.124.455l-.484.472 2.248 2.197.484-.472c.62-.606.62-1.591 0-2.197l-.117-.104c-.283-.227-.636-.35-1.007-.35zm-10.839.022c.498 0 .904.396.904.883 0 .488-.406.884-.904.884H5.946c-.499 0-.904-.396-.904-.884 0-.487.405-.883.904-.883zm5.042-4.876c.498 0 .904.397.904.884s-.406.884-.904.884H5.946c-.499 0-.904-.397-.904-.884s.405-.884.904-.884zm0-4.875c.498 0 .904.396.904.884 0 .487-.406.883-.904.883H5.946c-.499 0-.904-.396-.904-.883 0-.488.405-.884.904-.884z" fill="#EB0203" fill-rule="evenodd"></path></svg>
                    </span>
                    <div class="available-note d-none"></div>
                    </a>
                    </div>
                    </div>
                    </template>
                    <div class="measurement-unit-section" v-if="isPriceAvailable &amp;&amp; prodUnits ? prodUnits.hasAlternativeUnit : false">
                    <div class="ct-form-radio" @click="setDimension">
                    <input type="radio" title="" class="ct-form-check-input product-measurement-unit" :data-type="prodUnits.selectedUnit == prodUnits.secondaryUnit ? 'primary' : ''" :id="prodUnits.secondaryUnit + '-' + pid + '-measurement-unit-ptile' + additionalTag" :name="'measurement-unit-' + pid + '-ptile' + additionalTag" :value="prodUnits.secondaryUnit" v-model="prodUnits.selectedUnit">
                    <label :class="prodUnits.secondaryUnit + '-label ct-form-check-label mb-0'" :for="prodUnits.secondaryUnit + '-' + pid + '-measurement-unit-ptile' + additionalTag">
                    {{prodUnits.secondaryUnit}}
                    </label>
                    <span class="checkmark"></span>
                    </div>
                    <div class="ct-form-radio" @click="setDimension">
                    <input type="radio" title="" class="ct-form-check-input product-measurement-unit" :data-type="prodUnits.selectedUnit == prodUnits.primaryUnit ? 'primary' : ''" :id="prodUnits.primaryUnit + '-' + pid + '-measurement-unit-ptile' + additionalTag" :name="'measurement-unit-' + pid + '-ptile' + additionalTag" :value="prodUnits.primaryUnit" v-model="prodUnits.selectedUnit">
                    <label :class="prodUnits.primaryUnit + '-label ct-form-check-label mb-0'" :for="prodUnits.primaryUnit + '-' + pid + '-measurement-unit-ptile' + additionalTag">
                    {{prodUnits.primaryUnit}}
                    </label>
                    <span class="checkmark"></span>
                    </div>
                    </div>
                    <template v-if="!isPDP &amp;&amp; isPriceAvailable">
                    <span class="quantity-error ct-span-error product-max-allocation" v-if="isMaxQtyReached">
                    Quantidade máxima atingida
                    </span>
                    <span class="quantity-error ct-span-product product-allocation" v-if="!isMinQtyReached &amp;&amp; !isMaxQtyReached">
                    {{quantitySelected}} no carrinho
                    </span>
                    <span class="quantity-error ct-span-error product-min-allocation" :data-pid="pid" v-if="isMinQtyReached &amp;&amp; !isMaxQtyReached">
                    Quantidade mínima atingida
                    </span>
                    </template>
                    </template>
                    </div>
                    <input class="quantity-value-mask d-none" name="quantity" type="number" min="0" value="" tabindex="-1">
                    </div>
                    <button type="button" class="add-to-cart button js-add-to-cart js-add-to-cart-tile 7383016 button--primary dynamic-layout-btn" data-toggle="modal" data-target="#chooseBonusProductModal" data-pid="7383016" data-quantity-value="null" aria-label="Carrinho" tabindex="-1">
                    <span class="d-block d-sm-none">
                    <span class="svg-wrapper svg-icon-cart" style="width:20px; height:20px">
                    <svg class="svg-inline icon-cart" xmlns="http://www.w3.org/2000/svg" viewBox="0 0 500 500" width="100%" height="100%"><path fill="#EB0203" fill-rule="evenodd" d="M 485.67317,94.386311 C 476.37798,83.847129 463.09468,78.03348 448.30404,78.03348 H 90.690813 L 87.079511,51.327997 C 83.185582,22.539551 62.962285,0 41.011841,0 H 14.727836 C 6.563151,0 0,6.5286975 0,14.580758 c 0,8.05206 6.5945535,14.580758 14.727836,14.580758 h 26.284005 c 4.710398,0 14.696435,9.855222 16.894619,26.021523 L 100.01739,368.0631 c 1.88416,13.77244 9.01256,26.70549 20.1605,36.37417 8.25889,7.15046 18.02511,11.9071 28.26237,13.89679 -4.17655,7.58572 -6.53175,16.25957 -6.53175,25.493 0,29.53459 24.27424,53.59751 54.13815,53.59751 29.8325,0 54.13814,-24.03184 54.13814,-53.59751 0,-8.79818 -2.19818,-17.09897 -5.9979,-24.43598 h 77.12488 c -3.79973,7.33701 -5.96652,15.6378 -5.96652,24.43598 0,29.53459 24.27424,53.59751 54.13817,53.59751 29.83249,0 54.13814,-24.03184 54.13814,-53.59751 0,-8.79818 -2.1982,-17.09897 -5.9979,-24.43598 h 38.56243 c 8.13328,0 14.72783,-6.5287 14.72783,-14.61183 0,-8.02098 -6.59455,-14.54967 -14.72783,-14.54967 H 159.24277 c -14.38241,0 -28.13677,-11.90711 -30.02092,-26.02153 l -3.07746,-22.88154 h 290.6314 c 14.03698,0 27.94834,-5.28513 39.06488,-14.95381 11.11652,-9.6376 18.27632,-22.57065 20.16048,-36.37417 l 21.10259,-156.78201 c 1.94694,-14.51858 -2.10398,-28.29103 -11.43057,-38.861299 z M 220.76053,443.82706 c 0,13.49265 -11.08513,24.46709 -24.68247,24.46709 -13.62874,0 -24.71387,-10.97444 -24.71387,-24.46709 0,-13.49262 11.08513,-24.43598 24.71387,-24.43598 13.59734,0 24.68247,10.94336 24.68247,24.43598 z m 173.43675,0 c 0,13.49265 -11.08512,24.46709 -24.68245,24.46709 -13.62876,0 -24.71388,-10.97444 -24.71388,-24.46709 0,-13.49262 11.08512,-24.43598 24.71388,-24.43598 13.59733,0 24.68245,10.94336 24.68245,24.43598 z m 73.7648,-314.46558 -21.13397,156.782 c -1.88416,14.11442 -15.63851,26.05261 -30.02091,26.05261 H 122.25046 L 94.616142,107.19499 H 448.33544 c 6.18632,0 11.61896,2.2695 15.23028,6.37326 3.64269,4.13484 5.21283,9.73086 4.39636,15.79323 z"></path></svg>
                    </span>
                    </span>
                    <span class="add-to-cart--text d-none d-sm-block">Carrinho</span>
                    </button>
                    </div>
                    </div>
                    </div>
                    </div>
                    
                    <div class="col-12 d-sm-none">
                    </div>
                    </div>
                    </div>
                    </div>
                    </div><div class="pd-tile-wrap slick-slide" data-idx="8" style="width: 276px; height: auto;" data-slick-index="7" aria-hidden="true" tabindex="-1" role="tabpanel" id="slick-slide07">
                    
                    <script type="text/javascript">//<!--
                    /* <![CDATA[ */
                    (function(){
                    try {
                        if(window.CQuotient) {
                            var cq_params = {};
                            cq_params.cookieId = window.CQuotient.getCQCookieId();
                            cq_params.userId = window.CQuotient.getCQUserId();
                            cq_params.emailId = CQuotient.getCQHashedEmail();
                            cq_params.loginId = CQuotient.getCQHashedLogin();
                            cq_params.accumulate = true;
                            cq_params.products = [{
                                id: '7420249',
                                sku: '',
                                type: '',
                                alt_id: ''
                            }];
                            cq_params.recommenderName = '__UNDEFINED__';
                            cq_params.realm = "BDVS";
                            cq_params.siteId = "continente";
                            cq_params.instanceType = "prd";
                            cq_params.locale = window.CQuotient.locale;
                            cq_params.slotId = '';
                            cq_params.slotConfigId = '';
                            cq_params.slotConfigTemplate = '';
                            if(window.CQuotient.sendActivity)
                                window.CQuotient.sendActivity( CQuotient.clientId, 'viewReco', cq_params );
                            else
                                window.CQuotient.activities.push( {activityType: 'viewReco', parameters: cq_params} );
                        }
                    } catch(err) {}
                    })();
                    /* ]]> */
                    // -->
                    </script>
                    <script type="text/javascript">//<!--
                    /* <![CDATA[ (viewProduct-active_data.js) */
                    dw.ac._capture({id: "7420249", type: "recommendation"});
                    /* ]]> */
                    // -->
                    </script>
                    <div class="product" data-pid="7420249">
                    <div class="product-tile pid-7420249   ct-product-tile " data-delay-time="3000" data-variants-mapping="[]" data-in-cart-msg="no carrinho" data-one-product-added="Adicionado ao carrinho" data-remove-from-cart-msg="Removido do carrinho" data-stay-open="6000.0" data-product-tile-impression="{&quot;name&quot;:&quot;7420249&quot;,&quot;id&quot;:&quot;7420249&quot;,&quot;price&quot;:2.09,&quot;brand&quot;:&quot;Yoggi&quot;,&quot;category&quot;:[{&quot;category_level_1&quot;:&quot;Laticínios e Ovos&quot;},{&quot;category_level_2&quot;:&quot;Iogurtes&quot;},{&quot;category_level_3&quot;:&quot;Iogurtes sem Lactose&quot;}],&quot;variant&quot;:&quot;&quot;}">
                    <div class="ct-inner-tile-wrap row no-gutters justify-content-center align-content-start">
                    <div class="ct-product-tile-badge ct-product-tile-badge--promotional">
                    <img class="img-fluid lazyloaded" loading="lazy" data-src="https://www.continente.pt/dw/image/v2/BDVS_PRD/on/demandware.static/-/Sites-continente-Library/default/dwf5980f2e/images/badges/pvpr/col/pvpr.png?sw=60&amp;sh=42" alt="PVP Recomendado: €3,22/un" title="PVP Recomendado: €3,22/un" src="https://www.continente.pt/dw/image/v2/BDVS_PRD/on/demandware.static/-/Sites-continente-Library/default/dwf5980f2e/images/badges/pvpr/col/pvpr.png?sw=60&amp;sh=42">
                    <div class="ct-product-tile-badge-value-wrapper ct-product-tile-badge-value-wrapper--pvpr  ">
                    <span class="ct-product-tile-badge-value--pvpr">
                    35
                    </span>
                    <span class="ct-product-tile-badge-value--pvpr-quantifier ">
                    %
                    </span>
                    </div>
                    </div>
                    
                    <div class="ct-image-container col-4 col-sm" data-confirmation-image="{&quot;url&quot;:&quot;https://www.continente.pt/dw/image/v2/BDVS_PRD/on/demandware.static/-/Sites-col-master-catalog/default/dwe36f31e0/images/col/742/7420249-frente.jpg?sw=87&amp;sh=80&quot;,&quot;fallbackimage&quot;:{&quot;url&quot;:&quot;https://www.continente.pt/dw/image/v2/BDVS_PRD/on/demandware.static/Sites-continente-Site/-/default/dw7c42b4da/images/noimagelarge_product.png?sw=87&amp;sh=80&quot;,&quot;title&quot;:&quot;Iogurte Líquido Stracciatella sem Lactose&quot;,&quot;alt&quot;:&quot;Iogurte Líquido Stracciatella sem Lactose&quot;},&quot;title&quot;:&quot;Iogurte Líquido Stracciatella sem Lactose&quot;,&quot;alt&quot;:&quot;Iogurte Líquido Stracciatella sem Lactose&quot;}">
                    <a href="https://www.continente.pt/produto/iogurte-liquido-stracciatella-sem-lactose-yoggi-7420249.html?cgid=home" tabindex="-1">
                    <picture class="intrinsic intrinsic--square">
                    <img class="ct-tile-image lazyloaded" loading="lazy" onerror="this.onerror=null;this.src='/on/demandware.static/Sites-continente-Site/-/default/dw7c42b4da/images/noimagelarge_product.png';" data-src="https://www.continente.pt/dw/image/v2/BDVS_PRD/on/demandware.static/-/Sites-col-master-catalog/default/dwe36f31e0/images/col/742/7420249-frente.jpg?sw=280&amp;sh=280" alt="Iogurte Líquido Stracciatella sem Lactose" title="Iogurte Líquido Stracciatella sem Lactose" src="https://www.continente.pt/dw/image/v2/BDVS_PRD/on/demandware.static/-/Sites-col-master-catalog/default/dwe36f31e0/images/col/742/7420249-frente.jpg?sw=280&amp;sh=280">
                    </picture>
                    </a>
                    <div class="color-swatches d-flex" style="margin-left: 5px;">
                    <div class="swatches d-flex">
                    </div>
                    </div>
                    </div>
                    <div class="ct-tile-body col col-sm-auto ">
                    <div class="ct-pdp-details">
                    <div class="ct-pdp-link">
                    <a class="ct-tile--description" href="https://www.continente.pt/produto/iogurte-liquido-stracciatella-sem-lactose-yoggi-7420249.html?cgid=home" tabindex="-1">Iogurte Líquido Stracciatella sem Lactose</a>
                    <div class="ct-tile--favorite-top d-sm-none">
                    <button class="wishlist-toggler guest-mode inactive button button--tertiary" data-pid="7420249" data-add-url="https://www.continente.pt/on/demandware.store/Sites-continente-Site/default/Wishlist-AddProduct?pid=7420249" data-toggle="tooltip" aria-label="Adicionar aos favoritos " data-original-title="Adicionar aos favoritos" data-placement="top" tabindex="-1">
                    <svg class="active-content" width="100%" height="100%" viewBox="0 0 20 22" fill="none" xmlns="http://www.w3.org/2000/svg">
                    <path fill-rule="evenodd" clip-rule="evenodd" d="M0 1.53052C0 0.685236 0.692171 0 1.54601 0H15.0736C15.9274 0 16.6196 0.685235 16.6196 1.53052V13.4064L15.8127 13.922L14.2658 14.2658L12.7189 13.4064L10.6054 14.3818C10.4994 14.2451 10.3327 14.157 10.1452 14.157H6.76329C6.4431 14.157 6.18354 14.414 6.18354 14.731C6.18354 15.0479 6.4431 15.3049 6.76329 15.3049H10.1452C10.2478 15.3049 10.3441 15.2785 10.4277 15.2322L10.3126 16.8439L13.2345 20.2793H1.54601C0.69217 20.2793 0 19.5941 0 18.7488V1.53052ZM6.18354 5.5483C6.18354 5.23132 6.4431 4.97436 6.76329 4.97436H12.3676C12.6878 4.97436 12.9473 5.23132 12.9473 5.5483C12.9473 5.86528 12.6878 6.12224 12.3676 6.12224H6.76329C6.4431 6.12224 6.18354 5.86528 6.18354 5.5483ZM6.76329 11.0961C6.4431 11.0961 6.18354 11.3531 6.18354 11.6701C6.18354 11.987 6.4431 12.244 6.76329 12.244H12.3676C12.6878 12.244 12.9473 11.987 12.9473 11.6701C12.9473 11.3531 12.6878 11.0961 12.3676 11.0961H6.76329ZM6.18354 8.60985C6.18354 8.29287 6.4431 8.03591 6.76329 8.03591H12.3676C12.6878 8.03591 12.9473 8.29287 12.9473 8.60985C12.9473 8.92684 12.6878 9.1838 12.3676 9.1838H6.76329C6.4431 9.1838 6.18354 8.92684 6.18354 8.60985ZM3.67118 5.5483C3.67118 5.23132 3.93075 4.97436 4.25093 4.97436H4.63743C4.95762 4.97436 5.21719 5.23132 5.21719 5.5483C5.21719 5.86528 4.95762 6.12224 4.63743 6.12224H4.25093C3.93075 6.12224 3.67118 5.86528 3.67118 5.5483ZM4.25093 11.0961C3.93075 11.0961 3.67118 11.3531 3.67118 11.6701C3.67118 11.987 3.93075 12.244 4.25093 12.244H4.63743C4.95762 12.244 5.21719 11.987 5.21719 11.6701C5.21719 11.3531 4.95762 11.0961 4.63743 11.0961H4.25093ZM3.67118 8.60985C3.67118 8.29287 3.93075 8.03591 4.25093 8.03591H4.63743C4.95762 8.03591 5.21719 8.29287 5.21719 8.60985C5.21719 8.92684 4.95762 9.1838 4.63743 9.1838H4.25093C3.93075 9.1838 3.67118 8.92684 3.67118 8.60985ZM4.25093 14.157C3.93075 14.157 3.67118 14.414 3.67118 14.731C3.67118 15.0479 3.93075 15.3049 4.25093 15.3049H4.63743C4.95762 15.3049 5.21719 15.0479 5.21719 14.731C5.21719 14.414 4.95762 14.157 4.63743 14.157H4.25093Z" fill="#EB0203"></path>
                    <path fill-rule="evenodd" clip-rule="evenodd" d="M14.6252 13.6363C13.4918 12.6215 11.7817 12.5264 10.6569 13.4792C9.12421 14.7764 9.34841 16.8912 10.4409 18.0122L14.0159 21.6742C14.2197 21.8832 14.4928 22 14.7822 22C15.0737 22 15.3448 21.8852 15.5486 21.6762L19.1236 18.0142C20.214 16.8933 20.4423 14.7785 18.9075 13.4792C17.7827 12.5283 16.0724 12.6217 14.9391 13.6365C14.8855 13.6845 14.8331 13.7345 14.7822 13.7866C14.7313 13.7345 14.6789 13.6843 14.6252 13.6363ZM18.1546 14.3522C19.0973 15.1508 18.9962 16.4896 18.2891 17.2173C18.2888 17.2175 18.2886 17.2177 18.2884 17.218L14.7832 20.8084L11.2753 17.2151C11.2752 17.215 11.2751 17.2149 11.2749 17.2148C10.5677 16.4887 10.4678 15.1495 11.4104 14.3518L11.4108 14.3514C12.0745 13.7892 13.2018 13.82 13.9488 14.5846L14.7822 15.4378L15.6157 14.5846C16.3617 13.8211 17.4896 13.79 18.1545 14.3521" fill="#EB0203"></path>
                    </svg>
                    <svg class="inactive-content" width="100%" height="100%" viewBox="0 0 20 23" fill="none" xmlns="http://www.w3.org/2000/svg">
                    <path fill-rule="evenodd" clip-rule="evenodd" d="M6.18408 5.77914C6.18408 5.46223 6.44363 5.20532 6.7638 5.20532H12.3678C12.6879 5.20532 12.9475 5.46223 12.9475 5.77914C12.9475 6.09606 12.6879 6.35297 12.3678 6.35297H6.7638C6.44363 6.35297 6.18408 6.09606 6.18408 5.77914Z" fill="#EB0203"></path>
                    <path fill-rule="evenodd" clip-rule="evenodd" d="M6.18408 11.9034C6.18408 11.5865 6.44363 11.3296 6.7638 11.3296H12.3678C12.6879 11.3296 12.9475 11.5865 12.9475 11.9034C12.9475 12.2202 12.6879 12.4771 12.3678 12.4771H6.7638C6.44363 12.4771 6.18408 12.2202 6.18408 11.9034Z" fill="#EB0203"></path>
                    <path fill-rule="evenodd" clip-rule="evenodd" d="M6.18408 8.84116C6.18408 8.52424 6.44363 8.26733 6.7638 8.26733H12.3678C12.6879 8.26733 12.9475 8.52424 12.9475 8.84116C12.9475 9.15807 12.6879 9.41498 12.3678 9.41498H6.7638C6.44363 9.41498 6.18408 9.15807 6.18408 8.84116Z" fill="#EB0203"></path>
                    <path fill-rule="evenodd" clip-rule="evenodd" d="M6.18408 14.9655C6.18408 14.6486 6.44363 14.3917 6.7638 14.3917H10.1455C10.4657 14.3917 10.7252 14.6486 10.7252 14.9655C10.7252 15.2825 10.4657 15.5394 10.1455 15.5394H6.7638C6.44363 15.5394 6.18408 15.2825 6.18408 14.9655Z" fill="#EB0203"></path>
                    <path fill-rule="evenodd" clip-rule="evenodd" d="M3.67139 5.77914C3.67139 5.46223 3.93094 5.20532 4.25111 5.20532H4.63759C4.95776 5.20532 5.21731 5.46223 5.21731 5.77914C5.21731 6.09606 4.95776 6.35297 4.63759 6.35297H4.25111C3.93094 6.35297 3.67139 6.09606 3.67139 5.77914Z" fill="#EB0203"></path>
                    <path fill-rule="evenodd" clip-rule="evenodd" d="M3.67139 11.9034C3.67139 11.5865 3.93094 11.3296 4.25111 11.3296H4.63759C4.95776 11.3296 5.21731 11.5865 5.21731 11.9034C5.21731 12.2202 4.95776 12.4771 4.63759 12.4771H4.25111C3.93094 12.4771 3.67139 12.2202 3.67139 11.9034Z" fill="#EB0203"></path>
                    <path fill-rule="evenodd" clip-rule="evenodd" d="M3.67139 8.84116C3.67139 8.52424 3.93094 8.26733 4.25111 8.26733H4.63759C4.95776 8.26733 5.21731 8.52424 5.21731 8.84116C5.21731 9.15807 4.95776 9.41498 4.63759 9.41498H4.25111C3.93094 9.41498 3.67139 9.15807 3.67139 8.84116Z" fill="#EB0203"></path>
                    <path fill-rule="evenodd" clip-rule="evenodd" d="M3.67139 14.9655C3.67139 14.6486 3.93094 14.3917 4.25111 14.3917H4.63759C4.95776 14.3917 5.21731 14.6486 5.21731 14.9655C5.21731 15.2825 4.95776 15.5394 4.63759 15.5394H4.25111C3.93094 15.5394 3.67139 15.2825 3.67139 14.9655Z" fill="#EB0203"></path>
                    <path fill-rule="evenodd" clip-rule="evenodd" d="M0 1.76033C0 0.914738 0.692131 0.229248 1.54592 0.229248H15.0727C15.9265 0.229248 16.6186 0.914738 16.6186 1.76033V11.2818C16.6186 11.5989 16.3591 11.8559 16.0389 11.8559C15.7187 11.8559 15.4592 11.5989 15.4592 11.2818V1.76033C15.4592 1.54893 15.2862 1.37756 15.0727 1.37756H1.54592C1.33247 1.37756 1.15944 1.54893 1.15944 1.76033V18.985C1.15944 19.1964 1.33247 19.3678 1.54592 19.3678H9.27551C9.59568 19.3678 9.85523 19.6249 9.85523 19.942C9.85523 20.2591 9.59568 20.5161 9.27551 20.5161H1.54592C0.692131 20.5161 0 19.8306 0 18.985V1.76033Z" fill="#EB0203"></path>
                    <path fill-rule="evenodd" clip-rule="evenodd" d="M14.6254 13.8718C13.4921 12.8567 11.7821 12.7615 10.6574 13.7147C9.12472 15.0124 9.34891 17.128 10.4413 18.2493L14.0161 21.9126C14.2199 22.1217 14.493 22.2386 14.7824 22.2386C15.0739 22.2386 15.3449 22.1238 15.5487 21.9147L19.1235 18.2514C20.2139 17.13 20.4422 15.0144 18.9075 13.7147C17.7827 12.7634 16.0726 12.8569 14.9392 13.872C14.8856 13.92 14.8333 13.9701 14.7824 14.0222C14.7314 13.97 14.6791 13.9199 14.6254 13.8718ZM18.1546 14.588C19.0972 15.3869 18.9961 16.7262 18.2891 17.4541C18.2888 17.4543 18.2886 17.4546 18.2884 17.4548L14.7834 21.0466L11.2757 17.452C11.2756 17.4519 11.2755 17.4517 11.2753 17.4516C10.5681 16.7252 10.4682 15.3856 11.4108 14.5876L11.4112 14.5872C12.0748 14.0248 13.202 14.0556 13.949 14.8205L14.7824 15.674L15.6158 14.8205C16.3618 14.0567 17.4896 14.0256 18.1545 14.5879" fill="#EB0203"></path>
                    </svg>
                    </button>
                    </div>
                    </div>
                    <p class="ct-tile--brand">Yoggi</p>
                    <p class="ct-tile--quantity">emb. 640 gr (4 un)</p>
                    </div>
                    <div class="ct-tile-bottom row no-gutters justify-content-between">
                    <div class="ct-price-wrap col-8 col-sm-12">
                    <div class="price js-product-price">
                    <div class="prices-wrapper">
                    <span class="sales ct-tile--price-primary ">
                    <span class="value" content="2.09">
                    <span class="ct-price-formatted">
                    €2,09
                    </span>
                    <span class="ct-m-unit">
                    /un
                    </span>
                    </span>
                    </span>
                    </div>
                    <div class="ct-tile--price-secondary">
                    <span class="ct-price-value">
                    €3,27
                    </span>
                    <span class="ct-m-unit">
                    /kg
                    </span>
                    </div>
                     <p class="ct-discount-amount ct-discount-amount-pvpr">PVP Recomendado: €3,22/un</p>
                    </div>
                    </div>
                    <div class="ct-tile-buy-section d-flex justify-content-center no-gutters col-auto col-sm-12">
                    <div class="col-2 d-sm-flex d-none">
                    <button class="wishlist-toggler guest-mode inactive button button--tertiary" data-pid="7420249" data-add-url="https://www.continente.pt/on/demandware.store/Sites-continente-Site/default/Wishlist-AddProduct?pid=7420249" data-toggle="tooltip" aria-label="Adicionar aos favoritos " data-original-title="Adicionar aos favoritos" data-placement="top" tabindex="-1">
                    <svg class="active-content" width="100%" height="100%" viewBox="0 0 20 22" fill="none" xmlns="http://www.w3.org/2000/svg">
                    <path fill-rule="evenodd" clip-rule="evenodd" d="M0 1.53052C0 0.685236 0.692171 0 1.54601 0H15.0736C15.9274 0 16.6196 0.685235 16.6196 1.53052V13.4064L15.8127 13.922L14.2658 14.2658L12.7189 13.4064L10.6054 14.3818C10.4994 14.2451 10.3327 14.157 10.1452 14.157H6.76329C6.4431 14.157 6.18354 14.414 6.18354 14.731C6.18354 15.0479 6.4431 15.3049 6.76329 15.3049H10.1452C10.2478 15.3049 10.3441 15.2785 10.4277 15.2322L10.3126 16.8439L13.2345 20.2793H1.54601C0.69217 20.2793 0 19.5941 0 18.7488V1.53052ZM6.18354 5.5483C6.18354 5.23132 6.4431 4.97436 6.76329 4.97436H12.3676C12.6878 4.97436 12.9473 5.23132 12.9473 5.5483C12.9473 5.86528 12.6878 6.12224 12.3676 6.12224H6.76329C6.4431 6.12224 6.18354 5.86528 6.18354 5.5483ZM6.76329 11.0961C6.4431 11.0961 6.18354 11.3531 6.18354 11.6701C6.18354 11.987 6.4431 12.244 6.76329 12.244H12.3676C12.6878 12.244 12.9473 11.987 12.9473 11.6701C12.9473 11.3531 12.6878 11.0961 12.3676 11.0961H6.76329ZM6.18354 8.60985C6.18354 8.29287 6.4431 8.03591 6.76329 8.03591H12.3676C12.6878 8.03591 12.9473 8.29287 12.9473 8.60985C12.9473 8.92684 12.6878 9.1838 12.3676 9.1838H6.76329C6.4431 9.1838 6.18354 8.92684 6.18354 8.60985ZM3.67118 5.5483C3.67118 5.23132 3.93075 4.97436 4.25093 4.97436H4.63743C4.95762 4.97436 5.21719 5.23132 5.21719 5.5483C5.21719 5.86528 4.95762 6.12224 4.63743 6.12224H4.25093C3.93075 6.12224 3.67118 5.86528 3.67118 5.5483ZM4.25093 11.0961C3.93075 11.0961 3.67118 11.3531 3.67118 11.6701C3.67118 11.987 3.93075 12.244 4.25093 12.244H4.63743C4.95762 12.244 5.21719 11.987 5.21719 11.6701C5.21719 11.3531 4.95762 11.0961 4.63743 11.0961H4.25093ZM3.67118 8.60985C3.67118 8.29287 3.93075 8.03591 4.25093 8.03591H4.63743C4.95762 8.03591 5.21719 8.29287 5.21719 8.60985C5.21719 8.92684 4.95762 9.1838 4.63743 9.1838H4.25093C3.93075 9.1838 3.67118 8.92684 3.67118 8.60985ZM4.25093 14.157C3.93075 14.157 3.67118 14.414 3.67118 14.731C3.67118 15.0479 3.93075 15.3049 4.25093 15.3049H4.63743C4.95762 15.3049 5.21719 15.0479 5.21719 14.731C5.21719 14.414 4.95762 14.157 4.63743 14.157H4.25093Z" fill="#EB0203"></path>
                    <path fill-rule="evenodd" clip-rule="evenodd" d="M14.6252 13.6363C13.4918 12.6215 11.7817 12.5264 10.6569 13.4792C9.12421 14.7764 9.34841 16.8912 10.4409 18.0122L14.0159 21.6742C14.2197 21.8832 14.4928 22 14.7822 22C15.0737 22 15.3448 21.8852 15.5486 21.6762L19.1236 18.0142C20.214 16.8933 20.4423 14.7785 18.9075 13.4792C17.7827 12.5283 16.0724 12.6217 14.9391 13.6365C14.8855 13.6845 14.8331 13.7345 14.7822 13.7866C14.7313 13.7345 14.6789 13.6843 14.6252 13.6363ZM18.1546 14.3522C19.0973 15.1508 18.9962 16.4896 18.2891 17.2173C18.2888 17.2175 18.2886 17.2177 18.2884 17.218L14.7832 20.8084L11.2753 17.2151C11.2752 17.215 11.2751 17.2149 11.2749 17.2148C10.5677 16.4887 10.4678 15.1495 11.4104 14.3518L11.4108 14.3514C12.0745 13.7892 13.2018 13.82 13.9488 14.5846L14.7822 15.4378L15.6157 14.5846C16.3617 13.8211 17.4896 13.79 18.1545 14.3521" fill="#EB0203"></path>
                    </svg>
                    <svg class="inactive-content" width="100%" height="100%" viewBox="0 0 20 23" fill="none" xmlns="http://www.w3.org/2000/svg">
                    <path fill-rule="evenodd" clip-rule="evenodd" d="M6.18408 5.77914C6.18408 5.46223 6.44363 5.20532 6.7638 5.20532H12.3678C12.6879 5.20532 12.9475 5.46223 12.9475 5.77914C12.9475 6.09606 12.6879 6.35297 12.3678 6.35297H6.7638C6.44363 6.35297 6.18408 6.09606 6.18408 5.77914Z" fill="#EB0203"></path>
                    <path fill-rule="evenodd" clip-rule="evenodd" d="M6.18408 11.9034C6.18408 11.5865 6.44363 11.3296 6.7638 11.3296H12.3678C12.6879 11.3296 12.9475 11.5865 12.9475 11.9034C12.9475 12.2202 12.6879 12.4771 12.3678 12.4771H6.7638C6.44363 12.4771 6.18408 12.2202 6.18408 11.9034Z" fill="#EB0203"></path>
                    <path fill-rule="evenodd" clip-rule="evenodd" d="M6.18408 8.84116C6.18408 8.52424 6.44363 8.26733 6.7638 8.26733H12.3678C12.6879 8.26733 12.9475 8.52424 12.9475 8.84116C12.9475 9.15807 12.6879 9.41498 12.3678 9.41498H6.7638C6.44363 9.41498 6.18408 9.15807 6.18408 8.84116Z" fill="#EB0203"></path>
                    <path fill-rule="evenodd" clip-rule="evenodd" d="M6.18408 14.9655C6.18408 14.6486 6.44363 14.3917 6.7638 14.3917H10.1455C10.4657 14.3917 10.7252 14.6486 10.7252 14.9655C10.7252 15.2825 10.4657 15.5394 10.1455 15.5394H6.7638C6.44363 15.5394 6.18408 15.2825 6.18408 14.9655Z" fill="#EB0203"></path>
                    <path fill-rule="evenodd" clip-rule="evenodd" d="M3.67139 5.77914C3.67139 5.46223 3.93094 5.20532 4.25111 5.20532H4.63759C4.95776 5.20532 5.21731 5.46223 5.21731 5.77914C5.21731 6.09606 4.95776 6.35297 4.63759 6.35297H4.25111C3.93094 6.35297 3.67139 6.09606 3.67139 5.77914Z" fill="#EB0203"></path>
                    <path fill-rule="evenodd" clip-rule="evenodd" d="M3.67139 11.9034C3.67139 11.5865 3.93094 11.3296 4.25111 11.3296H4.63759C4.95776 11.3296 5.21731 11.5865 5.21731 11.9034C5.21731 12.2202 4.95776 12.4771 4.63759 12.4771H4.25111C3.93094 12.4771 3.67139 12.2202 3.67139 11.9034Z" fill="#EB0203"></path>
                    <path fill-rule="evenodd" clip-rule="evenodd" d="M3.67139 8.84116C3.67139 8.52424 3.93094 8.26733 4.25111 8.26733H4.63759C4.95776 8.26733 5.21731 8.52424 5.21731 8.84116C5.21731 9.15807 4.95776 9.41498 4.63759 9.41498H4.25111C3.93094 9.41498 3.67139 9.15807 3.67139 8.84116Z" fill="#EB0203"></path>
                    <path fill-rule="evenodd" clip-rule="evenodd" d="M3.67139 14.9655C3.67139 14.6486 3.93094 14.3917 4.25111 14.3917H4.63759C4.95776 14.3917 5.21731 14.6486 5.21731 14.9655C5.21731 15.2825 4.95776 15.5394 4.63759 15.5394H4.25111C3.93094 15.5394 3.67139 15.2825 3.67139 14.9655Z" fill="#EB0203"></path>
                    <path fill-rule="evenodd" clip-rule="evenodd" d="M0 1.76033C0 0.914738 0.692131 0.229248 1.54592 0.229248H15.0727C15.9265 0.229248 16.6186 0.914738 16.6186 1.76033V11.2818C16.6186 11.5989 16.3591 11.8559 16.0389 11.8559C15.7187 11.8559 15.4592 11.5989 15.4592 11.2818V1.76033C15.4592 1.54893 15.2862 1.37756 15.0727 1.37756H1.54592C1.33247 1.37756 1.15944 1.54893 1.15944 1.76033V18.985C1.15944 19.1964 1.33247 19.3678 1.54592 19.3678H9.27551C9.59568 19.3678 9.85523 19.6249 9.85523 19.942C9.85523 20.2591 9.59568 20.5161 9.27551 20.5161H1.54592C0.692131 20.5161 0 19.8306 0 18.985V1.76033Z" fill="#EB0203"></path>
                    <path fill-rule="evenodd" clip-rule="evenodd" d="M14.6254 13.8718C13.4921 12.8567 11.7821 12.7615 10.6574 13.7147C9.12472 15.0124 9.34891 17.128 10.4413 18.2493L14.0161 21.9126C14.2199 22.1217 14.493 22.2386 14.7824 22.2386C15.0739 22.2386 15.3449 22.1238 15.5487 21.9147L19.1235 18.2514C20.2139 17.13 20.4422 15.0144 18.9075 13.7147C17.7827 12.7634 16.0726 12.8569 14.9392 13.872C14.8856 13.92 14.8333 13.9701 14.7824 14.0222C14.7314 13.97 14.6791 13.9199 14.6254 13.8718ZM18.1546 14.588C19.0972 15.3869 18.9961 16.7262 18.2891 17.4541C18.2888 17.4543 18.2886 17.4546 18.2884 17.4548L14.7834 21.0466L11.2757 17.452C11.2756 17.4519 11.2755 17.4517 11.2753 17.4516C10.5681 16.7252 10.4682 15.3856 11.4108 14.5876L11.4112 14.5872C12.0748 14.0248 13.202 14.0556 13.949 14.8205L14.7824 15.674L15.6158 14.8205C16.3618 14.0567 17.4896 14.0256 18.1545 14.5879" fill="#EB0203"></path>
                    </svg>
                    </button>
                    </div>
                    <div class="col-sm-10 col-12">
                    <div class="ct-tile-quantity d-none" data-pid="7420249">
                    <input type="hidden" class="add-to-cart-url" value="https://www.continente.pt/on/demandware.store/Sites-continente-Site/default/Cart-AddProduct" tabindex="-1">
                    <div class="d-none tile-delete-confirmation-btn" data-pid="7420249" data-delay-time="3000" data-in-cart-msg="no carrinho" data-one-product-added="Adicionado ao carrinho" data-remove-from-cart-msg="Removido do carrinho" data-stay-open="6000.0" data-confirmation-image="{&quot;url&quot;:&quot;https://www.continente.pt/dw/image/v2/BDVS_PRD/on/demandware.static/-/Sites-col-master-catalog/default/dwe36f31e0/images/col/742/7420249-frente.jpg?sw=87&amp;sh=80&quot;,&quot;fallbackimage&quot;:{&quot;url&quot;:&quot;https://www.continente.pt/dw/image/v2/BDVS_PRD/on/demandware.static/Sites-continente-Site/-/default/dw7c42b4da/images/noimagelarge_product.png?sw=87&amp;sh=80&quot;,&quot;title&quot;:&quot;Iogurte Líquido Stracciatella sem Lactose&quot;,&quot;alt&quot;:&quot;Iogurte Líquido Stracciatella sem Lactose&quot;},&quot;title&quot;:&quot;Iogurte Líquido Stracciatella sem Lactose&quot;,&quot;alt&quot;:&quot;Iogurte Líquido Stracciatella sem Lactose&quot;}"></div>
                    <div class="ct-tile-quantity-update quantity-update product-qty-vue" data-remove-action="https://www.continente.pt/on/demandware.store/Sites-continente-Site/default/Cart-RemoveProductLineItem" data-action="https://www.continente.pt/on/demandware.store/Sites-continente-Site/default/Cart-UpdateQuantity" data-dimension-update="https://www.continente.pt/on/demandware.store/Sites-continente-Site/default/Cart-DimensionUpdate" data-pid="7420249" data-uuid="69b8bf36be80262b69da704a83" data-add-delay="500.0" data-measure-options="{&quot;hasConversionRate&quot;:false,&quot;hasAlternativeSaleUnit&quot;:false,&quot;unitConversionRate&quot;:0,&quot;minOrderQuantity&quot;:1,&quot;stepQuantity&quot;:1,&quot;primaryunit&quot;:&quot;un&quot;,&quot;secondaryunit&quot;:&quot;kg&quot;,&quot;selectedunit&quot;:&quot;primary&quot;,&quot;maxNumberOfUnitsPerSale&quot;:50}" data-price-available="null" :data-has-error="isMaxQtyReached || isMinQtyReached || qtySelectedMoreThanOne">
                    <template v-show="prodUnits">
                    <div class="quantity-input-wrapper has-units">
                    <label class="visually-hidden" :for="'quantity-' + pid + additionalTag">
                    Quantidade no carrinho
                    </label>
                    <input :ref="'quantityInput-' + pid + additionalTag" class="add-to-cart-quantity form-control ct-form-input text-center" inputmode="numeric" :class="{'is-invalid': isInvalid}" :data-pid="pid + additionalTag" :name="'quantity-' + pid + additionalTag" type="text" aria-label="Insira a quantidade" title="" v-model="displayValue" @change="updateQuantity" @focus="updateQtyFormat" @blur="restoreQtyFormat" :disabled="!isPriceAvailable">
                    <span class="quantity-icon quantity-icon--minus">
                    <button class="decrease-quantity-btn" @click="updateQuantity" :disabled="!isPriceAvailable" role="button" aria-label="Reduzir quantidade">
                    <i class="css-math-minus"></i>
                    </button>
                    </span>
                    <span class="quantity-icon quantity-icon--plus">
                    <button class="increase-quantity-btn" @click="updateQuantity" :disabled="isMaxQtyReached || !isPriceAvailable" role="button" aria-label="Aumentar quantidade">
                    <i class="css-math-plus"></i>
                    </button>
                    <span class="quantity-btn-disabled-placeholder"></span>
                    </span>
                    <template v-if="isPDP">
                    <span class="quantity-error ct-span-error text-sm-center product-max-allocation" v-if="isMaxQtyReached">
                    Quantidade máxima atingida
                    </span>
                    <span class="quantity-error ct-span-product text-sm-center product-allocation" v-if="!isMinQtyReached &amp;&amp; !isMaxQtyReached">
                    {{quantitySelected}} no carrinho
                    </span>
                    <span class="quantity-error ct-span-error text-sm-center product-min-allocation" :data-pid="pid" v-if="isMinQtyReached &amp;&amp; !isMaxQtyReached">
                    Quantidade mínima atingida
                    </span>
                    </template>
                    </div>
                    <template v-if="showNotes">
                    <div class="add-note-link-container ">
                    <div class="add-note">
                    <a href="/produto/iogurte-liquido-stracciatella-sem-lactose-yoggi-7420249.html?showNote=true" class="ct-add-note-redirect-pdp" aria-label="Adicionar comentário">
                    <span class="svg-wrapper svg-icon-notes" style="width:19px; height:20px">
                    <svg class="svg-inline icon-notes" viewBox="0 0 28 30" xmlns="http://www.w3.org/2000/svg" width="100%" height="100%"><path d="M21.738 0C22.985 0 24 1.04 24 2.319V12.47c0 .469-.37.848-.828.848-.457 0-.827-.38-.827-.848V2.32c0-.343-.273-.622-.607-.622H2.262c-.334 0-.607.279-.607.622V27.68c0 .343.273.622.607.622h7.81c.457 0 .827.38.827.849 0 .468-.37.848-.827.848h-7.81C1.015 30 0 28.96 0 27.681V2.32C0 1.04 1.015 0 2.262 0h19.476zm2.844 16.004l.227.007c.823.053 1.589.39 2.176.964.64.627.993 1.46.993 2.349 0 .888-.353 1.722-.993 2.348l-6.83 6.665c-.11.108-.247.186-.397.226l-5.032 1.363c-.078.021-.16.032-.241.032-.242 0-.478-.097-.647-.266-.23-.231-.314-.566-.218-.874l1.49-4.798c.044-.139.122-.266.227-.369l6.844-6.677c.64-.625 1.493-.97 2.401-.97zm-2.886 3.94l-4.922 4.802-.947 3.048 3.22-.872 4.897-4.78-2.248-2.197zm2.887-2.174c-.425 0-.824.162-1.124.455l-.484.472 2.248 2.197.484-.472c.62-.606.62-1.591 0-2.197l-.117-.104c-.283-.227-.636-.35-1.007-.35zm-10.839.022c.498 0 .904.396.904.883 0 .488-.406.884-.904.884H5.946c-.499 0-.904-.396-.904-.884 0-.487.405-.883.904-.883zm5.042-4.876c.498 0 .904.397.904.884s-.406.884-.904.884H5.946c-.499 0-.904-.397-.904-.884s.405-.884.904-.884zm0-4.875c.498 0 .904.396.904.884 0 .487-.406.883-.904.883H5.946c-.499 0-.904-.396-.904-.883 0-.488.405-.884.904-.884z" fill="#EB0203" fill-rule="evenodd"></path></svg>
                    </span>
                    <div class="available-note d-none"></div>
                    </a>
                    </div>
                    </div>
                    </template>
                    <div class="measurement-unit-section" v-if="isPriceAvailable &amp;&amp; prodUnits ? prodUnits.hasAlternativeUnit : false">
                    <div class="ct-form-radio" @click="setDimension">
                    <input type="radio" title="" class="ct-form-check-input product-measurement-unit" :data-type="prodUnits.selectedUnit == prodUnits.secondaryUnit ? 'primary' : ''" :id="prodUnits.secondaryUnit + '-' + pid + '-measurement-unit-ptile' + additionalTag" :name="'measurement-unit-' + pid + '-ptile' + additionalTag" :value="prodUnits.secondaryUnit" v-model="prodUnits.selectedUnit">
                    <label :class="prodUnits.secondaryUnit + '-label ct-form-check-label mb-0'" :for="prodUnits.secondaryUnit + '-' + pid + '-measurement-unit-ptile' + additionalTag">
                    {{prodUnits.secondaryUnit}}
                    </label>
                    <span class="checkmark"></span>
                    </div>
                    <div class="ct-form-radio" @click="setDimension">
                    <input type="radio" title="" class="ct-form-check-input product-measurement-unit" :data-type="prodUnits.selectedUnit == prodUnits.primaryUnit ? 'primary' : ''" :id="prodUnits.primaryUnit + '-' + pid + '-measurement-unit-ptile' + additionalTag" :name="'measurement-unit-' + pid + '-ptile' + additionalTag" :value="prodUnits.primaryUnit" v-model="prodUnits.selectedUnit">
                    <label :class="prodUnits.primaryUnit + '-label ct-form-check-label mb-0'" :for="prodUnits.primaryUnit + '-' + pid + '-measurement-unit-ptile' + additionalTag">
                    {{prodUnits.primaryUnit}}
                    </label>
                    <span class="checkmark"></span>
                    </div>
                    </div>
                    <template v-if="!isPDP &amp;&amp; isPriceAvailable">
                    <span class="quantity-error ct-span-error product-max-allocation" v-if="isMaxQtyReached">
                    Quantidade máxima atingida
                    </span>
                    <span class="quantity-error ct-span-product product-allocation" v-if="!isMinQtyReached &amp;&amp; !isMaxQtyReached">
                    {{quantitySelected}} no carrinho
                    </span>
                    <span class="quantity-error ct-span-error product-min-allocation" :data-pid="pid" v-if="isMinQtyReached &amp;&amp; !isMaxQtyReached">
                    Quantidade mínima atingida
                    </span>
                    </template>
                    </template>
                    </div>
                    <input class="quantity-value-mask d-none" name="quantity" type="number" min="0" value="" tabindex="-1">
                    </div>
                    <button type="button" class="add-to-cart button js-add-to-cart js-add-to-cart-tile 7420249 button--primary dynamic-layout-btn" data-toggle="modal" data-target="#chooseBonusProductModal" data-pid="7420249" data-quantity-value="null" aria-label="Carrinho" tabindex="-1">
                    <span class="d-block d-sm-none">
                    <span class="svg-wrapper svg-icon-cart" style="width:20px; height:20px">
                    <svg class="svg-inline icon-cart" xmlns="http://www.w3.org/2000/svg" viewBox="0 0 500 500" width="100%" height="100%"><path fill="#EB0203" fill-rule="evenodd" d="M 485.67317,94.386311 C 476.37798,83.847129 463.09468,78.03348 448.30404,78.03348 H 90.690813 L 87.079511,51.327997 C 83.185582,22.539551 62.962285,0 41.011841,0 H 14.727836 C 6.563151,0 0,6.5286975 0,14.580758 c 0,8.05206 6.5945535,14.580758 14.727836,14.580758 h 26.284005 c 4.710398,0 14.696435,9.855222 16.894619,26.021523 L 100.01739,368.0631 c 1.88416,13.77244 9.01256,26.70549 20.1605,36.37417 8.25889,7.15046 18.02511,11.9071 28.26237,13.89679 -4.17655,7.58572 -6.53175,16.25957 -6.53175,25.493 0,29.53459 24.27424,53.59751 54.13815,53.59751 29.8325,0 54.13814,-24.03184 54.13814,-53.59751 0,-8.79818 -2.19818,-17.09897 -5.9979,-24.43598 h 77.12488 c -3.79973,7.33701 -5.96652,15.6378 -5.96652,24.43598 0,29.53459 24.27424,53.59751 54.13817,53.59751 29.83249,0 54.13814,-24.03184 54.13814,-53.59751 0,-8.79818 -2.1982,-17.09897 -5.9979,-24.43598 h 38.56243 c 8.13328,0 14.72783,-6.5287 14.72783,-14.61183 0,-8.02098 -6.59455,-14.54967 -14.72783,-14.54967 H 159.24277 c -14.38241,0 -28.13677,-11.90711 -30.02092,-26.02153 l -3.07746,-22.88154 h 290.6314 c 14.03698,0 27.94834,-5.28513 39.06488,-14.95381 11.11652,-9.6376 18.27632,-22.57065 20.16048,-36.37417 l 21.10259,-156.78201 c 1.94694,-14.51858 -2.10398,-28.29103 -11.43057,-38.861299 z M 220.76053,443.82706 c 0,13.49265 -11.08513,24.46709 -24.68247,24.46709 -13.62874,0 -24.71387,-10.97444 -24.71387,-24.46709 0,-13.49262 11.08513,-24.43598 24.71387,-24.43598 13.59734,0 24.68247,10.94336 24.68247,24.43598 z m 173.43675,0 c 0,13.49265 -11.08512,24.46709 -24.68245,24.46709 -13.62876,0 -24.71388,-10.97444 -24.71388,-24.46709 0,-13.49262 11.08512,-24.43598 24.71388,-24.43598 13.59733,0 24.68245,10.94336 24.68245,24.43598 z m 73.7648,-314.46558 -21.13397,156.782 c -1.88416,14.11442 -15.63851,26.05261 -30.02091,26.05261 H 122.25046 L 94.616142,107.19499 H 448.33544 c 6.18632,0 11.61896,2.2695 15.23028,6.37326 3.64269,4.13484 5.21283,9.73086 4.39636,15.79323 z"></path></svg>
                    </span>
                    </span>
                    <span class="add-to-cart--text d-none d-sm-block">Carrinho</span>
                    </button>
                    </div>
                    </div>
                    </div>
                    </div>
                    
                    <div class="col-12 d-sm-none">
                    </div>
                    </div>
                    </div>
                    </div>
                    </div><div class="pd-tile-wrap slick-slide" data-idx="9" style="width: 276px; height: auto;" data-slick-index="8" aria-hidden="true" tabindex="-1" role="tabpanel" id="slick-slide08" aria-describedby="slick-slide-control02">
                    
                    <script type="text/javascript">//<!--
                    /* <![CDATA[ */
                    (function(){
                    try {
                        if(window.CQuotient) {
                            var cq_params = {};
                            cq_params.cookieId = window.CQuotient.getCQCookieId();
                            cq_params.userId = window.CQuotient.getCQUserId();
                            cq_params.emailId = CQuotient.getCQHashedEmail();
                            cq_params.loginId = CQuotient.getCQHashedLogin();
                            cq_params.accumulate = true;
                            cq_params.products = [{
                                id: '5761255',
                                sku: '',
                                type: '',
                                alt_id: ''
                            }];
                            cq_params.recommenderName = '__UNDEFINED__';
                            cq_params.realm = "BDVS";
                            cq_params.siteId = "continente";
                            cq_params.instanceType = "prd";
                            cq_params.locale = window.CQuotient.locale;
                            cq_params.slotId = '';
                            cq_params.slotConfigId = '';
                            cq_params.slotConfigTemplate = '';
                            if(window.CQuotient.sendActivity)
                                window.CQuotient.sendActivity( CQuotient.clientId, 'viewReco', cq_params );
                            else
                                window.CQuotient.activities.push( {activityType: 'viewReco', parameters: cq_params} );
                        }
                    } catch(err) {}
                    })();
                    /* ]]> */
                    // -->
                    </script>
                    <script type="text/javascript">//<!--
                    /* <![CDATA[ (viewProduct-active_data.js) */
                    dw.ac._capture({id: "5761255", type: "recommendation"});
                    /* ]]> */
                    // -->
                    </script>
                    <div class="product" data-pid="5761255">
                    <div class="product-tile pid-5761255   ct-product-tile " data-delay-time="3000" data-variants-mapping="[]" data-in-cart-msg="no carrinho" data-one-product-added="Adicionado ao carrinho" data-remove-from-cart-msg="Removido do carrinho" data-stay-open="6000.0" data-product-tile-impression="{&quot;name&quot;:&quot;5761255&quot;,&quot;id&quot;:&quot;5761255&quot;,&quot;price&quot;:4.19,&quot;brand&quot;:&quot;Becel Pro Activ&quot;,&quot;category&quot;:[{&quot;category_level_1&quot;:&quot;Laticínios e Ovos&quot;},{&quot;category_level_2&quot;:&quot;Manteigas e Cremes para Barrar&quot;},{&quot;category_level_3&quot;:&quot;Cremes Vegetais e Margarinas&quot;}],&quot;variant&quot;:&quot;&quot;}">
                    <div class="ct-inner-tile-wrap row no-gutters justify-content-center align-content-start">
                    <div class="ct-product-tile-badge ct-product-tile-badge--promotional">
                    <img class="img-fluid lazyloaded" loading="lazy" data-src="https://www.continente.pt/dw/image/v2/BDVS_PRD/on/demandware.static/-/Sites-continente-Library/default/dwf5980f2e/images/badges/pvpr/col/pvpr.png?sw=60&amp;sh=42" alt="PVP Recomendado: €6,99/un" title="PVP Recomendado: €6,99/un" src="https://www.continente.pt/dw/image/v2/BDVS_PRD/on/demandware.static/-/Sites-continente-Library/default/dwf5980f2e/images/badges/pvpr/col/pvpr.png?sw=60&amp;sh=42">
                    <div class="ct-product-tile-badge-value-wrapper ct-product-tile-badge-value-wrapper--pvpr  ">
                    <span class="ct-product-tile-badge-value--pvpr">
                    40
                    </span>
                    <span class="ct-product-tile-badge-value--pvpr-quantifier ">
                    %
                    </span>
                    </div>
                    </div>
                    
                    <div class="ct-image-container col-4 col-sm" data-confirmation-image="{&quot;url&quot;:&quot;https://www.continente.pt/dw/image/v2/BDVS_PRD/on/demandware.static/-/Sites-col-master-catalog/default/dwcccf64e8/images/col/576/5761255-frente.jpg?sw=87&amp;sh=80&quot;,&quot;fallbackimage&quot;:{&quot;url&quot;:&quot;https://www.continente.pt/dw/image/v2/BDVS_PRD/on/demandware.static/Sites-continente-Site/-/default/dw7c42b4da/images/noimagelarge_product.png?sw=87&amp;sh=80&quot;,&quot;title&quot;:&quot;Creme Vegetal Sabor a Manteiga Proactiv&quot;,&quot;alt&quot;:&quot;Creme Vegetal Sabor a Manteiga Proactiv&quot;},&quot;title&quot;:&quot;Creme Vegetal Sabor a Manteiga Proactiv&quot;,&quot;alt&quot;:&quot;Creme Vegetal Sabor a Manteiga Proactiv&quot;}">
                    <a href="https://www.continente.pt/produto/creme-vegetal-sabor-a-manteiga-proactiv-becel-pro-activ-5761255.html?cgid=home" tabindex="-1">
                    <picture class="intrinsic intrinsic--square">
                    <img class="ct-tile-image lazyloaded" loading="lazy" onerror="this.onerror=null;this.src='/on/demandware.static/Sites-continente-Site/-/default/dw7c42b4da/images/noimagelarge_product.png';" data-src="https://www.continente.pt/dw/image/v2/BDVS_PRD/on/demandware.static/-/Sites-col-master-catalog/default/dwcccf64e8/images/col/576/5761255-frente.jpg?sw=280&amp;sh=280" alt="Creme Vegetal Sabor a Manteiga Proactiv" title="Creme Vegetal Sabor a Manteiga Proactiv" src="https://www.continente.pt/dw/image/v2/BDVS_PRD/on/demandware.static/-/Sites-col-master-catalog/default/dwcccf64e8/images/col/576/5761255-frente.jpg?sw=280&amp;sh=280">
                    </picture>
                    </a>
                    <div class="color-swatches d-flex" style="margin-left: 5px;">
                    <div class="swatches d-flex">
                    </div>
                    </div>
                    </div>
                    <div class="ct-tile-body col col-sm-auto ">
                    <div class="ct-pdp-details">
                    <div class="ct-pdp-link">
                    <a class="ct-tile--description" href="https://www.continente.pt/produto/creme-vegetal-sabor-a-manteiga-proactiv-becel-pro-activ-5761255.html?cgid=home" tabindex="-1">Creme Vegetal Sabor a Manteiga Proactiv</a>
                    <div class="ct-tile--favorite-top d-sm-none">
                    <button class="wishlist-toggler guest-mode inactive button button--tertiary" data-pid="5761255" data-add-url="https://www.continente.pt/on/demandware.store/Sites-continente-Site/default/Wishlist-AddProduct?pid=5761255" data-toggle="tooltip" aria-label="Adicionar aos favoritos " data-original-title="Adicionar aos favoritos" data-placement="top" tabindex="-1">
                    <svg class="active-content" width="100%" height="100%" viewBox="0 0 20 22" fill="none" xmlns="http://www.w3.org/2000/svg">
                    <path fill-rule="evenodd" clip-rule="evenodd" d="M0 1.53052C0 0.685236 0.692171 0 1.54601 0H15.0736C15.9274 0 16.6196 0.685235 16.6196 1.53052V13.4064L15.8127 13.922L14.2658 14.2658L12.7189 13.4064L10.6054 14.3818C10.4994 14.2451 10.3327 14.157 10.1452 14.157H6.76329C6.4431 14.157 6.18354 14.414 6.18354 14.731C6.18354 15.0479 6.4431 15.3049 6.76329 15.3049H10.1452C10.2478 15.3049 10.3441 15.2785 10.4277 15.2322L10.3126 16.8439L13.2345 20.2793H1.54601C0.69217 20.2793 0 19.5941 0 18.7488V1.53052ZM6.18354 5.5483C6.18354 5.23132 6.4431 4.97436 6.76329 4.97436H12.3676C12.6878 4.97436 12.9473 5.23132 12.9473 5.5483C12.9473 5.86528 12.6878 6.12224 12.3676 6.12224H6.76329C6.4431 6.12224 6.18354 5.86528 6.18354 5.5483ZM6.76329 11.0961C6.4431 11.0961 6.18354 11.3531 6.18354 11.6701C6.18354 11.987 6.4431 12.244 6.76329 12.244H12.3676C12.6878 12.244 12.9473 11.987 12.9473 11.6701C12.9473 11.3531 12.6878 11.0961 12.3676 11.0961H6.76329ZM6.18354 8.60985C6.18354 8.29287 6.4431 8.03591 6.76329 8.03591H12.3676C12.6878 8.03591 12.9473 8.29287 12.9473 8.60985C12.9473 8.92684 12.6878 9.1838 12.3676 9.1838H6.76329C6.4431 9.1838 6.18354 8.92684 6.18354 8.60985ZM3.67118 5.5483C3.67118 5.23132 3.93075 4.97436 4.25093 4.97436H4.63743C4.95762 4.97436 5.21719 5.23132 5.21719 5.5483C5.21719 5.86528 4.95762 6.12224 4.63743 6.12224H4.25093C3.93075 6.12224 3.67118 5.86528 3.67118 5.5483ZM4.25093 11.0961C3.93075 11.0961 3.67118 11.3531 3.67118 11.6701C3.67118 11.987 3.93075 12.244 4.25093 12.244H4.63743C4.95762 12.244 5.21719 11.987 5.21719 11.6701C5.21719 11.3531 4.95762 11.0961 4.63743 11.0961H4.25093ZM3.67118 8.60985C3.67118 8.29287 3.93075 8.03591 4.25093 8.03591H4.63743C4.95762 8.03591 5.21719 8.29287 5.21719 8.60985C5.21719 8.92684 4.95762 9.1838 4.63743 9.1838H4.25093C3.93075 9.1838 3.67118 8.92684 3.67118 8.60985ZM4.25093 14.157C3.93075 14.157 3.67118 14.414 3.67118 14.731C3.67118 15.0479 3.93075 15.3049 4.25093 15.3049H4.63743C4.95762 15.3049 5.21719 15.0479 5.21719 14.731C5.21719 14.414 4.95762 14.157 4.63743 14.157H4.25093Z" fill="#EB0203"></path>
                    <path fill-rule="evenodd" clip-rule="evenodd" d="M14.6252 13.6363C13.4918 12.6215 11.7817 12.5264 10.6569 13.4792C9.12421 14.7764 9.34841 16.8912 10.4409 18.0122L14.0159 21.6742C14.2197 21.8832 14.4928 22 14.7822 22C15.0737 22 15.3448 21.8852 15.5486 21.6762L19.1236 18.0142C20.214 16.8933 20.4423 14.7785 18.9075 13.4792C17.7827 12.5283 16.0724 12.6217 14.9391 13.6365C14.8855 13.6845 14.8331 13.7345 14.7822 13.7866C14.7313 13.7345 14.6789 13.6843 14.6252 13.6363ZM18.1546 14.3522C19.0973 15.1508 18.9962 16.4896 18.2891 17.2173C18.2888 17.2175 18.2886 17.2177 18.2884 17.218L14.7832 20.8084L11.2753 17.2151C11.2752 17.215 11.2751 17.2149 11.2749 17.2148C10.5677 16.4887 10.4678 15.1495 11.4104 14.3518L11.4108 14.3514C12.0745 13.7892 13.2018 13.82 13.9488 14.5846L14.7822 15.4378L15.6157 14.5846C16.3617 13.8211 17.4896 13.79 18.1545 14.3521" fill="#EB0203"></path>
                    </svg>
                    <svg class="inactive-content" width="100%" height="100%" viewBox="0 0 20 23" fill="none" xmlns="http://www.w3.org/2000/svg">
                    <path fill-rule="evenodd" clip-rule="evenodd" d="M6.18408 5.77914C6.18408 5.46223 6.44363 5.20532 6.7638 5.20532H12.3678C12.6879 5.20532 12.9475 5.46223 12.9475 5.77914C12.9475 6.09606 12.6879 6.35297 12.3678 6.35297H6.7638C6.44363 6.35297 6.18408 6.09606 6.18408 5.77914Z" fill="#EB0203"></path>
                    <path fill-rule="evenodd" clip-rule="evenodd" d="M6.18408 11.9034C6.18408 11.5865 6.44363 11.3296 6.7638 11.3296H12.3678C12.6879 11.3296 12.9475 11.5865 12.9475 11.9034C12.9475 12.2202 12.6879 12.4771 12.3678 12.4771H6.7638C6.44363 12.4771 6.18408 12.2202 6.18408 11.9034Z" fill="#EB0203"></path>
                    <path fill-rule="evenodd" clip-rule="evenodd" d="M6.18408 8.84116C6.18408 8.52424 6.44363 8.26733 6.7638 8.26733H12.3678C12.6879 8.26733 12.9475 8.52424 12.9475 8.84116C12.9475 9.15807 12.6879 9.41498 12.3678 9.41498H6.7638C6.44363 9.41498 6.18408 9.15807 6.18408 8.84116Z" fill="#EB0203"></path>
                    <path fill-rule="evenodd" clip-rule="evenodd" d="M6.18408 14.9655C6.18408 14.6486 6.44363 14.3917 6.7638 14.3917H10.1455C10.4657 14.3917 10.7252 14.6486 10.7252 14.9655C10.7252 15.2825 10.4657 15.5394 10.1455 15.5394H6.7638C6.44363 15.5394 6.18408 15.2825 6.18408 14.9655Z" fill="#EB0203"></path>
                    <path fill-rule="evenodd" clip-rule="evenodd" d="M3.67139 5.77914C3.67139 5.46223 3.93094 5.20532 4.25111 5.20532H4.63759C4.95776 5.20532 5.21731 5.46223 5.21731 5.77914C5.21731 6.09606 4.95776 6.35297 4.63759 6.35297H4.25111C3.93094 6.35297 3.67139 6.09606 3.67139 5.77914Z" fill="#EB0203"></path>
                    <path fill-rule="evenodd" clip-rule="evenodd" d="M3.67139 11.9034C3.67139 11.5865 3.93094 11.3296 4.25111 11.3296H4.63759C4.95776 11.3296 5.21731 11.5865 5.21731 11.9034C5.21731 12.2202 4.95776 12.4771 4.63759 12.4771H4.25111C3.93094 12.4771 3.67139 12.2202 3.67139 11.9034Z" fill="#EB0203"></path>
                    <path fill-rule="evenodd" clip-rule="evenodd" d="M3.67139 8.84116C3.67139 8.52424 3.93094 8.26733 4.25111 8.26733H4.63759C4.95776 8.26733 5.21731 8.52424 5.21731 8.84116C5.21731 9.15807 4.95776 9.41498 4.63759 9.41498H4.25111C3.93094 9.41498 3.67139 9.15807 3.67139 8.84116Z" fill="#EB0203"></path>
                    <path fill-rule="evenodd" clip-rule="evenodd" d="M3.67139 14.9655C3.67139 14.6486 3.93094 14.3917 4.25111 14.3917H4.63759C4.95776 14.3917 5.21731 14.6486 5.21731 14.9655C5.21731 15.2825 4.95776 15.5394 4.63759 15.5394H4.25111C3.93094 15.5394 3.67139 15.2825 3.67139 14.9655Z" fill="#EB0203"></path>
                    <path fill-rule="evenodd" clip-rule="evenodd" d="M0 1.76033C0 0.914738 0.692131 0.229248 1.54592 0.229248H15.0727C15.9265 0.229248 16.6186 0.914738 16.6186 1.76033V11.2818C16.6186 11.5989 16.3591 11.8559 16.0389 11.8559C15.7187 11.8559 15.4592 11.5989 15.4592 11.2818V1.76033C15.4592 1.54893 15.2862 1.37756 15.0727 1.37756H1.54592C1.33247 1.37756 1.15944 1.54893 1.15944 1.76033V18.985C1.15944 19.1964 1.33247 19.3678 1.54592 19.3678H9.27551C9.59568 19.3678 9.85523 19.6249 9.85523 19.942C9.85523 20.2591 9.59568 20.5161 9.27551 20.5161H1.54592C0.692131 20.5161 0 19.8306 0 18.985V1.76033Z" fill="#EB0203"></path>
                    <path fill-rule="evenodd" clip-rule="evenodd" d="M14.6254 13.8718C13.4921 12.8567 11.7821 12.7615 10.6574 13.7147C9.12472 15.0124 9.34891 17.128 10.4413 18.2493L14.0161 21.9126C14.2199 22.1217 14.493 22.2386 14.7824 22.2386C15.0739 22.2386 15.3449 22.1238 15.5487 21.9147L19.1235 18.2514C20.2139 17.13 20.4422 15.0144 18.9075 13.7147C17.7827 12.7634 16.0726 12.8569 14.9392 13.872C14.8856 13.92 14.8333 13.9701 14.7824 14.0222C14.7314 13.97 14.6791 13.9199 14.6254 13.8718ZM18.1546 14.588C19.0972 15.3869 18.9961 16.7262 18.2891 17.4541C18.2888 17.4543 18.2886 17.4546 18.2884 17.4548L14.7834 21.0466L11.2757 17.452C11.2756 17.4519 11.2755 17.4517 11.2753 17.4516C10.5681 16.7252 10.4682 15.3856 11.4108 14.5876L11.4112 14.5872C12.0748 14.0248 13.202 14.0556 13.949 14.8205L14.7824 15.674L15.6158 14.8205C16.3618 14.0567 17.4896 14.0256 18.1545 14.5879" fill="#EB0203"></path>
                    </svg>
                    </button>
                    </div>
                    </div>
                    <p class="ct-tile--brand">Becel Pro Activ</p>
                    <p class="ct-tile--quantity">emb. 450 gr</p>
                    </div>
                    <div class="ct-tile-bottom row no-gutters justify-content-between">
                    <div class="ct-price-wrap col-8 col-sm-12">
                    <div class="price js-product-price">
                    <div class="prices-wrapper">
                    <span class="sales ct-tile--price-primary ">
                    <span class="value" content="4.19">
                    <span class="ct-price-formatted">
                    €4,19
                    </span>
                    <span class="ct-m-unit">
                    /un
                    </span>
                    </span>
                    </span>
                    </div>
                    <div class="ct-tile--price-secondary">
                    <span class="ct-price-value">
                    €9,31
                    </span>
                    <span class="ct-m-unit">
                    /kg
                    </span>
                    </div>
                    <p class="ct-discount-amount ct-discount-amount-pvpr">PVP Recomendado: €6,99/un</p>
                    </div>
                    </div>
                    <div class="ct-tile-buy-section d-flex justify-content-center no-gutters col-auto col-sm-12">
                    <div class="col-2 d-sm-flex d-none">
                    <button class="wishlist-toggler guest-mode inactive button button--tertiary" data-pid="5761255" data-add-url="https://www.continente.pt/on/demandware.store/Sites-continente-Site/default/Wishlist-AddProduct?pid=5761255" data-toggle="tooltip" aria-label="Adicionar aos favoritos " data-original-title="Adicionar aos favoritos" data-placement="top" tabindex="-1">
                    <svg class="active-content" width="100%" height="100%" viewBox="0 0 20 22" fill="none" xmlns="http://www.w3.org/2000/svg">
                    <path fill-rule="evenodd" clip-rule="evenodd" d="M0 1.53052C0 0.685236 0.692171 0 1.54601 0H15.0736C15.9274 0 16.6196 0.685235 16.6196 1.53052V13.4064L15.8127 13.922L14.2658 14.2658L12.7189 13.4064L10.6054 14.3818C10.4994 14.2451 10.3327 14.157 10.1452 14.157H6.76329C6.4431 14.157 6.18354 14.414 6.18354 14.731C6.18354 15.0479 6.4431 15.3049 6.76329 15.3049H10.1452C10.2478 15.3049 10.3441 15.2785 10.4277 15.2322L10.3126 16.8439L13.2345 20.2793H1.54601C0.69217 20.2793 0 19.5941 0 18.7488V1.53052ZM6.18354 5.5483C6.18354 5.23132 6.4431 4.97436 6.76329 4.97436H12.3676C12.6878 4.97436 12.9473 5.23132 12.9473 5.5483C12.9473 5.86528 12.6878 6.12224 12.3676 6.12224H6.76329C6.4431 6.12224 6.18354 5.86528 6.18354 5.5483ZM6.76329 11.0961C6.4431 11.0961 6.18354 11.3531 6.18354 11.6701C6.18354 11.987 6.4431 12.244 6.76329 12.244H12.3676C12.6878 12.244 12.9473 11.987 12.9473 11.6701C12.9473 11.3531 12.6878 11.0961 12.3676 11.0961H6.76329ZM6.18354 8.60985C6.18354 8.29287 6.4431 8.03591 6.76329 8.03591H12.3676C12.6878 8.03591 12.9473 8.29287 12.9473 8.60985C12.9473 8.92684 12.6878 9.1838 12.3676 9.1838H6.76329C6.4431 9.1838 6.18354 8.92684 6.18354 8.60985ZM3.67118 5.5483C3.67118 5.23132 3.93075 4.97436 4.25093 4.97436H4.63743C4.95762 4.97436 5.21719 5.23132 5.21719 5.5483C5.21719 5.86528 4.95762 6.12224 4.63743 6.12224H4.25093C3.93075 6.12224 3.67118 5.86528 3.67118 5.5483ZM4.25093 11.0961C3.93075 11.0961 3.67118 11.3531 3.67118 11.6701C3.67118 11.987 3.93075 12.244 4.25093 12.244H4.63743C4.95762 12.244 5.21719 11.987 5.21719 11.6701C5.21719 11.3531 4.95762 11.0961 4.63743 11.0961H4.25093ZM3.67118 8.60985C3.67118 8.29287 3.93075 8.03591 4.25093 8.03591H4.63743C4.95762 8.03591 5.21719 8.29287 5.21719 8.60985C5.21719 8.92684 4.95762 9.1838 4.63743 9.1838H4.25093C3.93075 9.1838 3.67118 8.92684 3.67118 8.60985ZM4.25093 14.157C3.93075 14.157 3.67118 14.414 3.67118 14.731C3.67118 15.0479 3.93075 15.3049 4.25093 15.3049H4.63743C4.95762 15.3049 5.21719 15.0479 5.21719 14.731C5.21719 14.414 4.95762 14.157 4.63743 14.157H4.25093Z" fill="#EB0203"></path>
                    <path fill-rule="evenodd" clip-rule="evenodd" d="M14.6252 13.6363C13.4918 12.6215 11.7817 12.5264 10.6569 13.4792C9.12421 14.7764 9.34841 16.8912 10.4409 18.0122L14.0159 21.6742C14.2197 21.8832 14.4928 22 14.7822 22C15.0737 22 15.3448 21.8852 15.5486 21.6762L19.1236 18.0142C20.214 16.8933 20.4423 14.7785 18.9075 13.4792C17.7827 12.5283 16.0724 12.6217 14.9391 13.6365C14.8855 13.6845 14.8331 13.7345 14.7822 13.7866C14.7313 13.7345 14.6789 13.6843 14.6252 13.6363ZM18.1546 14.3522C19.0973 15.1508 18.9962 16.4896 18.2891 17.2173C18.2888 17.2175 18.2886 17.2177 18.2884 17.218L14.7832 20.8084L11.2753 17.2151C11.2752 17.215 11.2751 17.2149 11.2749 17.2148C10.5677 16.4887 10.4678 15.1495 11.4104 14.3518L11.4108 14.3514C12.0745 13.7892 13.2018 13.82 13.9488 14.5846L14.7822 15.4378L15.6157 14.5846C16.3617 13.8211 17.4896 13.79 18.1545 14.3521" fill="#EB0203"></path>
                    </svg>
                    <svg class="inactive-content" width="100%" height="100%" viewBox="0 0 20 23" fill="none" xmlns="http://www.w3.org/2000/svg">
                    <path fill-rule="evenodd" clip-rule="evenodd" d="M6.18408 5.77914C6.18408 5.46223 6.44363 5.20532 6.7638 5.20532H12.3678C12.6879 5.20532 12.9475 5.46223 12.9475 5.77914C12.9475 6.09606 12.6879 6.35297 12.3678 6.35297H6.7638C6.44363 6.35297 6.18408 6.09606 6.18408 5.77914Z" fill="#EB0203"></path>
                    <path fill-rule="evenodd" clip-rule="evenodd" d="M6.18408 11.9034C6.18408 11.5865 6.44363 11.3296 6.7638 11.3296H12.3678C12.6879 11.3296 12.9475 11.5865 12.9475 11.9034C12.9475 12.2202 12.6879 12.4771 12.3678 12.4771H6.7638C6.44363 12.4771 6.18408 12.2202 6.18408 11.9034Z" fill="#EB0203"></path>
                    <path fill-rule="evenodd" clip-rule="evenodd" d="M6.18408 8.84116C6.18408 8.52424 6.44363 8.26733 6.7638 8.26733H12.3678C12.6879 8.26733 12.9475 8.52424 12.9475 8.84116C12.9475 9.15807 12.6879 9.41498 12.3678 9.41498H6.7638C6.44363 9.41498 6.18408 9.15807 6.18408 8.84116Z" fill="#EB0203"></path>
                    <path fill-rule="evenodd" clip-rule="evenodd" d="M6.18408 14.9655C6.18408 14.6486 6.44363 14.3917 6.7638 14.3917H10.1455C10.4657 14.3917 10.7252 14.6486 10.7252 14.9655C10.7252 15.2825 10.4657 15.5394 10.1455 15.5394H6.7638C6.44363 15.5394 6.18408 15.2825 6.18408 14.9655Z" fill="#EB0203"></path>
                    <path fill-rule="evenodd" clip-rule="evenodd" d="M3.67139 5.77914C3.67139 5.46223 3.93094 5.20532 4.25111 5.20532H4.63759C4.95776 5.20532 5.21731 5.46223 5.21731 5.77914C5.21731 6.09606 4.95776 6.35297 4.63759 6.35297H4.25111C3.93094 6.35297 3.67139 6.09606 3.67139 5.77914Z" fill="#EB0203"></path>
                    <path fill-rule="evenodd" clip-rule="evenodd" d="M3.67139 11.9034C3.67139 11.5865 3.93094 11.3296 4.25111 11.3296H4.63759C4.95776 11.3296 5.21731 11.5865 5.21731 11.9034C5.21731 12.2202 4.95776 12.4771 4.63759 12.4771H4.25111C3.93094 12.4771 3.67139 12.2202 3.67139 11.9034Z" fill="#EB0203"></path>
                    <path fill-rule="evenodd" clip-rule="evenodd" d="M3.67139 8.84116C3.67139 8.52424 3.93094 8.26733 4.25111 8.26733H4.63759C4.95776 8.26733 5.21731 8.52424 5.21731 8.84116C5.21731 9.15807 4.95776 9.41498 4.63759 9.41498H4.25111C3.93094 9.41498 3.67139 9.15807 3.67139 8.84116Z" fill="#EB0203"></path>
                    <path fill-rule="evenodd" clip-rule="evenodd" d="M3.67139 14.9655C3.67139 14.6486 3.93094 14.3917 4.25111 14.3917H4.63759C4.95776 14.3917 5.21731 14.6486 5.21731 14.9655C5.21731 15.2825 4.95776 15.5394 4.63759 15.5394H4.25111C3.93094 15.5394 3.67139 15.2825 3.67139 14.9655Z" fill="#EB0203"></path>
                    <path fill-rule="evenodd" clip-rule="evenodd" d="M0 1.76033C0 0.914738 0.692131 0.229248 1.54592 0.229248H15.0727C15.9265 0.229248 16.6186 0.914738 16.6186 1.76033V11.2818C16.6186 11.5989 16.3591 11.8559 16.0389 11.8559C15.7187 11.8559 15.4592 11.5989 15.4592 11.2818V1.76033C15.4592 1.54893 15.2862 1.37756 15.0727 1.37756H1.54592C1.33247 1.37756 1.15944 1.54893 1.15944 1.76033V18.985C1.15944 19.1964 1.33247 19.3678 1.54592 19.3678H9.27551C9.59568 19.3678 9.85523 19.6249 9.85523 19.942C9.85523 20.2591 9.59568 20.5161 9.27551 20.5161H1.54592C0.692131 20.5161 0 19.8306 0 18.985V1.76033Z" fill="#EB0203"></path>
                    <path fill-rule="evenodd" clip-rule="evenodd" d="M14.6254 13.8718C13.4921 12.8567 11.7821 12.7615 10.6574 13.7147C9.12472 15.0124 9.34891 17.128 10.4413 18.2493L14.0161 21.9126C14.2199 22.1217 14.493 22.2386 14.7824 22.2386C15.0739 22.2386 15.3449 22.1238 15.5487 21.9147L19.1235 18.2514C20.2139 17.13 20.4422 15.0144 18.9075 13.7147C17.7827 12.7634 16.0726 12.8569 14.9392 13.872C14.8856 13.92 14.8333 13.9701 14.7824 14.0222C14.7314 13.97 14.6791 13.9199 14.6254 13.8718ZM18.1546 14.588C19.0972 15.3869 18.9961 16.7262 18.2891 17.4541C18.2888 17.4543 18.2886 17.4546 18.2884 17.4548L14.7834 21.0466L11.2757 17.452C11.2756 17.4519 11.2755 17.4517 11.2753 17.4516C10.5681 16.7252 10.4682 15.3856 11.4108 14.5876L11.4112 14.5872C12.0748 14.0248 13.202 14.0556 13.949 14.8205L14.7824 15.674L15.6158 14.8205C16.3618 14.0567 17.4896 14.0256 18.1545 14.5879" fill="#EB0203"></path>
                    </svg>
                    </button>
                    </div>
                    <div class="col-sm-10 col-12">
                    <div class="ct-tile-quantity d-none" data-pid="5761255">
                    <input type="hidden" class="add-to-cart-url" value="https://www.continente.pt/on/demandware.store/Sites-continente-Site/default/Cart-AddProduct" tabindex="-1">
                    <div class="d-none tile-delete-confirmation-btn" data-pid="5761255" data-delay-time="3000" data-in-cart-msg="no carrinho" data-one-product-added="Adicionado ao carrinho" data-remove-from-cart-msg="Removido do carrinho" data-stay-open="6000.0" data-confirmation-image="{&quot;url&quot;:&quot;https://www.continente.pt/dw/image/v2/BDVS_PRD/on/demandware.static/-/Sites-col-master-catalog/default/dwcccf64e8/images/col/576/5761255-frente.jpg?sw=87&amp;sh=80&quot;,&quot;fallbackimage&quot;:{&quot;url&quot;:&quot;https://www.continente.pt/dw/image/v2/BDVS_PRD/on/demandware.static/Sites-continente-Site/-/default/dw7c42b4da/images/noimagelarge_product.png?sw=87&amp;sh=80&quot;,&quot;title&quot;:&quot;Creme Vegetal Sabor a Manteiga Proactiv&quot;,&quot;alt&quot;:&quot;Creme Vegetal Sabor a Manteiga Proactiv&quot;},&quot;title&quot;:&quot;Creme Vegetal Sabor a Manteiga Proactiv&quot;,&quot;alt&quot;:&quot;Creme Vegetal Sabor a Manteiga Proactiv&quot;}"></div>
                    <div class="ct-tile-quantity-update quantity-update product-qty-vue" data-remove-action="https://www.continente.pt/on/demandware.store/Sites-continente-Site/default/Cart-RemoveProductLineItem" data-action="https://www.continente.pt/on/demandware.store/Sites-continente-Site/default/Cart-UpdateQuantity" data-dimension-update="https://www.continente.pt/on/demandware.store/Sites-continente-Site/default/Cart-DimensionUpdate" data-pid="5761255" data-uuid="cf4d9887501e592515af30e686" data-add-delay="500.0" data-measure-options="{&quot;hasConversionRate&quot;:false,&quot;hasAlternativeSaleUnit&quot;:false,&quot;unitConversionRate&quot;:0,&quot;minOrderQuantity&quot;:1,&quot;stepQuantity&quot;:1,&quot;primaryunit&quot;:&quot;un&quot;,&quot;secondaryunit&quot;:&quot;kg&quot;,&quot;selectedunit&quot;:&quot;primary&quot;,&quot;maxNumberOfUnitsPerSale&quot;:54}" data-price-available="null" :data-has-error="isMaxQtyReached || isMinQtyReached || qtySelectedMoreThanOne">
                    <template v-show="prodUnits">
                    <div class="quantity-input-wrapper has-units">
                    <label class="visually-hidden" :for="'quantity-' + pid + additionalTag">
                    Quantidade no carrinho
                    </label>
                    <input :ref="'quantityInput-' + pid + additionalTag" class="add-to-cart-quantity form-control ct-form-input text-center" inputmode="numeric" :class="{'is-invalid': isInvalid}" :data-pid="pid + additionalTag" :name="'quantity-' + pid + additionalTag" type="text" aria-label="Insira a quantidade" title="" v-model="displayValue" @change="updateQuantity" @focus="updateQtyFormat" @blur="restoreQtyFormat" :disabled="!isPriceAvailable">
                    <span class="quantity-icon quantity-icon--minus">
                    <button class="decrease-quantity-btn" @click="updateQuantity" :disabled="!isPriceAvailable" role="button" aria-label="Reduzir quantidade">
                    <i class="css-math-minus"></i>
                    </button>
                    </span>
                    <span class="quantity-icon quantity-icon--plus">
                    <button class="increase-quantity-btn" @click="updateQuantity" :disabled="isMaxQtyReached || !isPriceAvailable" role="button" aria-label="Aumentar quantidade">
                    <i class="css-math-plus"></i>
                    </button>
                    <span class="quantity-btn-disabled-placeholder"></span>
                    </span>
                    <template v-if="isPDP">
                    <span class="quantity-error ct-span-error text-sm-center product-max-allocation" v-if="isMaxQtyReached">
                    Quantidade máxima atingida
                    </span>
                    <span class="quantity-error ct-span-product text-sm-center product-allocation" v-if="!isMinQtyReached &amp;&amp; !isMaxQtyReached">
                    {{quantitySelected}} no carrinho
                    </span>
                    <span class="quantity-error ct-span-error text-sm-center product-min-allocation" :data-pid="pid" v-if="isMinQtyReached &amp;&amp; !isMaxQtyReached">
                    Quantidade mínima atingida
                    </span>
                    </template>
                    </div>
                    <template v-if="showNotes">
                    <div class="add-note-link-container ">
                    <div class="add-note">
                    <a href="/produto/creme-vegetal-sabor-a-manteiga-proactiv-becel-pro-activ-5761255.html?showNote=true" class="ct-add-note-redirect-pdp" aria-label="Adicionar comentário">
                    <span class="svg-wrapper svg-icon-notes" style="width:19px; height:20px">
                    <svg class="svg-inline icon-notes" viewBox="0 0 28 30" xmlns="http://www.w3.org/2000/svg" width="100%" height="100%"><path d="M21.738 0C22.985 0 24 1.04 24 2.319V12.47c0 .469-.37.848-.828.848-.457 0-.827-.38-.827-.848V2.32c0-.343-.273-.622-.607-.622H2.262c-.334 0-.607.279-.607.622V27.68c0 .343.273.622.607.622h7.81c.457 0 .827.38.827.849 0 .468-.37.848-.827.848h-7.81C1.015 30 0 28.96 0 27.681V2.32C0 1.04 1.015 0 2.262 0h19.476zm2.844 16.004l.227.007c.823.053 1.589.39 2.176.964.64.627.993 1.46.993 2.349 0 .888-.353 1.722-.993 2.348l-6.83 6.665c-.11.108-.247.186-.397.226l-5.032 1.363c-.078.021-.16.032-.241.032-.242 0-.478-.097-.647-.266-.23-.231-.314-.566-.218-.874l1.49-4.798c.044-.139.122-.266.227-.369l6.844-6.677c.64-.625 1.493-.97 2.401-.97zm-2.886 3.94l-4.922 4.802-.947 3.048 3.22-.872 4.897-4.78-2.248-2.197zm2.887-2.174c-.425 0-.824.162-1.124.455l-.484.472 2.248 2.197.484-.472c.62-.606.62-1.591 0-2.197l-.117-.104c-.283-.227-.636-.35-1.007-.35zm-10.839.022c.498 0 .904.396.904.883 0 .488-.406.884-.904.884H5.946c-.499 0-.904-.396-.904-.884 0-.487.405-.883.904-.883zm5.042-4.876c.498 0 .904.397.904.884s-.406.884-.904.884H5.946c-.499 0-.904-.397-.904-.884s.405-.884.904-.884zm0-4.875c.498 0 .904.396.904.884 0 .487-.406.883-.904.883H5.946c-.499 0-.904-.396-.904-.883 0-.488.405-.884.904-.884z" fill="#EB0203" fill-rule="evenodd"></path></svg>
                    </span>
                    <div class="available-note d-none"></div>
                    </a>
                    </div>
                    </div>
                    </template>
                    <div class="measurement-unit-section" v-if="isPriceAvailable &amp;&amp; prodUnits ? prodUnits.hasAlternativeUnit : false">
                    <div class="ct-form-radio" @click="setDimension">
                    <input type="radio" title="" class="ct-form-check-input product-measurement-unit" :data-type="prodUnits.selectedUnit == prodUnits.secondaryUnit ? 'primary' : ''" :id="prodUnits.secondaryUnit + '-' + pid + '-measurement-unit-ptile' + additionalTag" :name="'measurement-unit-' + pid + '-ptile' + additionalTag" :value="prodUnits.secondaryUnit" v-model="prodUnits.selectedUnit">
                    <label :class="prodUnits.secondaryUnit + '-label ct-form-check-label mb-0'" :for="prodUnits.secondaryUnit + '-' + pid + '-measurement-unit-ptile' + additionalTag">
                    {{prodUnits.secondaryUnit}}
                    </label>
                    <span class="checkmark"></span>
                    </div>
                    <div class="ct-form-radio" @click="setDimension">
                    <input type="radio" title="" class="ct-form-check-input product-measurement-unit" :data-type="prodUnits.selectedUnit == prodUnits.primaryUnit ? 'primary' : ''" :id="prodUnits.primaryUnit + '-' + pid + '-measurement-unit-ptile' + additionalTag" :name="'measurement-unit-' + pid + '-ptile' + additionalTag" :value="prodUnits.primaryUnit" v-model="prodUnits.selectedUnit">
                    <label :class="prodUnits.primaryUnit + '-label ct-form-check-label mb-0'" :for="prodUnits.primaryUnit + '-' + pid + '-measurement-unit-ptile' + additionalTag">
                    {{prodUnits.primaryUnit}}
                    </label>
                    <span class="checkmark"></span>
                    </div>
                    </div>
                    <template v-if="!isPDP &amp;&amp; isPriceAvailable">
                    <span class="quantity-error ct-span-error product-max-allocation" v-if="isMaxQtyReached">
                    Quantidade máxima atingida
                    </span>
                    <span class="quantity-error ct-span-product product-allocation" v-if="!isMinQtyReached &amp;&amp; !isMaxQtyReached">
                    {{quantitySelected}} no carrinho
                    </span>
                    <span class="quantity-error ct-span-error product-min-allocation" :data-pid="pid" v-if="isMinQtyReached &amp;&amp; !isMaxQtyReached">
                    Quantidade mínima atingida
                    </span>
                    </template>
                    </template>
                    </div>
                    <input class="quantity-value-mask d-none" name="quantity" type="number" min="0" value="" tabindex="-1">
                    </div>
                    <button type="button" class="add-to-cart button js-add-to-cart js-add-to-cart-tile 5761255 button--primary dynamic-layout-btn" data-toggle="modal" data-target="#chooseBonusProductModal" data-pid="5761255" data-quantity-value="null" aria-label="Carrinho" tabindex="-1">
                    <span class="d-block d-sm-none">
                    <span class="svg-wrapper svg-icon-cart" style="width:20px; height:20px">
                    <svg class="svg-inline icon-cart" xmlns="http://www.w3.org/2000/svg" viewBox="0 0 500 500" width="100%" height="100%"><path fill="#EB0203" fill-rule="evenodd" d="M 485.67317,94.386311 C 476.37798,83.847129 463.09468,78.03348 448.30404,78.03348 H 90.690813 L 87.079511,51.327997 C 83.185582,22.539551 62.962285,0 41.011841,0 H 14.727836 C 6.563151,0 0,6.5286975 0,14.580758 c 0,8.05206 6.5945535,14.580758 14.727836,14.580758 h 26.284005 c 4.710398,0 14.696435,9.855222 16.894619,26.021523 L 100.01739,368.0631 c 1.88416,13.77244 9.01256,26.70549 20.1605,36.37417 8.25889,7.15046 18.02511,11.9071 28.26237,13.89679 -4.17655,7.58572 -6.53175,16.25957 -6.53175,25.493 0,29.53459 24.27424,53.59751 54.13815,53.59751 29.8325,0 54.13814,-24.03184 54.13814,-53.59751 0,-8.79818 -2.19818,-17.09897 -5.9979,-24.43598 h 77.12488 c -3.79973,7.33701 -5.96652,15.6378 -5.96652,24.43598 0,29.53459 24.27424,53.59751 54.13817,53.59751 29.83249,0 54.13814,-24.03184 54.13814,-53.59751 0,-8.79818 -2.1982,-17.09897 -5.9979,-24.43598 h 38.56243 c 8.13328,0 14.72783,-6.5287 14.72783,-14.61183 0,-8.02098 -6.59455,-14.54967 -14.72783,-14.54967 H 159.24277 c -14.38241,0 -28.13677,-11.90711 -30.02092,-26.02153 l -3.07746,-22.88154 h 290.6314 c 14.03698,0 27.94834,-5.28513 39.06488,-14.95381 11.11652,-9.6376 18.27632,-22.57065 20.16048,-36.37417 l 21.10259,-156.78201 c 1.94694,-14.51858 -2.10398,-28.29103 -11.43057,-38.861299 z M 220.76053,443.82706 c 0,13.49265 -11.08513,24.46709 -24.68247,24.46709 -13.62874,0 -24.71387,-10.97444 -24.71387,-24.46709 0,-13.49262 11.08513,-24.43598 24.71387,-24.43598 13.59734,0 24.68247,10.94336 24.68247,24.43598 z m 173.43675,0 c 0,13.49265 -11.08512,24.46709 -24.68245,24.46709 -13.62876,0 -24.71388,-10.97444 -24.71388,-24.46709 0,-13.49262 11.08512,-24.43598 24.71388,-24.43598 13.59733,0 24.68245,10.94336 24.68245,24.43598 z m 73.7648,-314.46558 -21.13397,156.782 c -1.88416,14.11442 -15.63851,26.05261 -30.02091,26.05261 H 122.25046 L 94.616142,107.19499 H 448.33544 c 6.18632,0 11.61896,2.2695 15.23028,6.37326 3.64269,4.13484 5.21283,9.73086 4.39636,15.79323 z"></path></svg>
                    </span>
                    </span>
                    <span class="add-to-cart--text d-none d-sm-block">Carrinho</span>
                    </button>
                    </div>
                    </div>
                    </div>
                    </div>
                    
                    <div class="col-12 d-sm-none">
                    </div>
                    </div>
                    </div>
                    </div>
                    </div><div class="pd-tile-wrap slick-slide" data-idx="10" style="width: 276px; height: auto;" data-slick-index="9" aria-hidden="true" tabindex="-1" role="tabpanel" id="slick-slide09">
                    
                    <script type="text/javascript">//<!--
                    /* <![CDATA[ */
                    (function(){
                    try {
                        if(window.CQuotient) {
                            var cq_params = {};
                            cq_params.cookieId = window.CQuotient.getCQCookieId();
                            cq_params.userId = window.CQuotient.getCQUserId();
                            cq_params.emailId = CQuotient.getCQHashedEmail();
                            cq_params.loginId = CQuotient.getCQHashedLogin();
                            cq_params.accumulate = true;
                            cq_params.products = [{
                                id: '7632255',
                                sku: '',
                                type: '',
                                alt_id: ''
                            }];
                            cq_params.recommenderName = '__UNDEFINED__';
                            cq_params.realm = "BDVS";
                            cq_params.siteId = "continente";
                            cq_params.instanceType = "prd";
                            cq_params.locale = window.CQuotient.locale;
                            cq_params.slotId = '';
                            cq_params.slotConfigId = '';
                            cq_params.slotConfigTemplate = '';
                            if(window.CQuotient.sendActivity)
                                window.CQuotient.sendActivity( CQuotient.clientId, 'viewReco', cq_params );
                            else
                                window.CQuotient.activities.push( {activityType: 'viewReco', parameters: cq_params} );
                        }
                    } catch(err) {}
                    })();
                    /* ]]> */
                    // -->
                    </script>
                    <script type="text/javascript">//<!--
                    /* <![CDATA[ (viewProduct-active_data.js) */
                    dw.ac._capture({id: "7632255", type: "recommendation"});
                    /* ]]> */
                    // -->
                    </script>
                    <div class="product" data-pid="7632255">
                    <div class="product-tile pid-7632255   ct-product-tile " data-delay-time="3000" data-variants-mapping="[]" data-in-cart-msg="no carrinho" data-one-product-added="Adicionado ao carrinho" data-remove-from-cart-msg="Removido do carrinho" data-stay-open="6000.0" data-product-tile-impression="{&quot;name&quot;:&quot;7632255&quot;,&quot;id&quot;:&quot;7632255&quot;,&quot;price&quot;:1.89,&quot;brand&quot;:&quot;Alpro&quot;,&quot;category&quot;:[{&quot;category_level_1&quot;:&quot;Laticínios e Ovos&quot;},{&quot;category_level_2&quot;:&quot;Bebidas Vegetais&quot;},{&quot;category_level_3&quot;:&quot;Bebida Aveia&quot;}],&quot;variant&quot;:&quot;&quot;}">
                    <div class="ct-inner-tile-wrap row no-gutters justify-content-center align-content-start">
                    <div class="ct-product-tile-badge ct-product-tile-badge--promotional">
                    <img class="img-fluid lazyloaded" loading="lazy" data-src="https://www.continente.pt/dw/image/v2/BDVS_PRD/on/demandware.static/-/Sites-continente-Library/default/dwf5980f2e/images/badges/pvpr/col/pvpr.png?sw=60&amp;sh=42" alt="PVP Recomendado: €2,39/un" title="PVP Recomendado: €2,39/un" src="https://www.continente.pt/dw/image/v2/BDVS_PRD/on/demandware.static/-/Sites-continente-Library/default/dwf5980f2e/images/badges/pvpr/col/pvpr.png?sw=60&amp;sh=42">
                    <div class="ct-product-tile-badge-value-wrapper ct-product-tile-badge-value-wrapper--pvpr  ">
                    <span class="ct-product-tile-badge-value--pvpr">
                    20
                    </span>
                    <span class="ct-product-tile-badge-value--pvpr-quantifier ">
                    %
                    </span>
                    </div>
                    </div>
                    
                    <div class="ct-image-container col-4 col-sm" data-confirmation-image="{&quot;url&quot;:&quot;https://www.continente.pt/dw/image/v2/BDVS_PRD/on/demandware.static/-/Sites-col-master-catalog/default/dw4ad11b46/images/col/763/7632255-frente.jpg?sw=87&amp;sh=80&quot;,&quot;fallbackimage&quot;:{&quot;url&quot;:&quot;https://www.continente.pt/dw/image/v2/BDVS_PRD/on/demandware.static/Sites-continente-Site/-/default/dw7c42b4da/images/noimagelarge_product.png?sw=87&amp;sh=80&quot;,&quot;title&quot;:&quot;Bebida Vegetal de Aveia Sabor a Leite&quot;,&quot;alt&quot;:&quot;Bebida Vegetal de Aveia Sabor a Leite&quot;},&quot;title&quot;:&quot;Bebida Vegetal de Aveia Sabor a Leite&quot;,&quot;alt&quot;:&quot;Bebida Vegetal de Aveia Sabor a Leite&quot;}">
                    <a href="https://www.continente.pt/produto/bebida-vegetal-de-aveia-sabor-a-leite-alpro-7632255.html?cgid=home" tabindex="-1">
                    <picture class="intrinsic intrinsic--square">
                    <img class="ct-tile-image lazyloaded" loading="lazy" onerror="this.onerror=null;this.src='/on/demandware.static/Sites-continente-Site/-/default/dw7c42b4da/images/noimagelarge_product.png';" data-src="https://www.continente.pt/dw/image/v2/BDVS_PRD/on/demandware.static/-/Sites-col-master-catalog/default/dw4ad11b46/images/col/763/7632255-frente.jpg?sw=280&amp;sh=280" alt="Bebida Vegetal de Aveia Sabor a Leite" title="Bebida Vegetal de Aveia Sabor a Leite" src="https://www.continente.pt/dw/image/v2/BDVS_PRD/on/demandware.static/-/Sites-col-master-catalog/default/dw4ad11b46/images/col/763/7632255-frente.jpg?sw=280&amp;sh=280">
                    </picture>
                    </a>
                    <div class="color-swatches d-flex" style="margin-left: 5px;">
                    <div class="swatches d-flex">
                    </div>
                    </div>
                    </div>
                    <div class="ct-tile-body col col-sm-auto ">
                    <div class="ct-pdp-details">
                    <div class="ct-pdp-link">
                    <a class="ct-tile--description" href="https://www.continente.pt/produto/bebida-vegetal-de-aveia-sabor-a-leite-alpro-7632255.html?cgid=home" tabindex="-1">Bebida Vegetal de Aveia Sabor a Leite</a>
                    <div class="ct-tile--favorite-top d-sm-none">
                    <button class="wishlist-toggler guest-mode inactive button button--tertiary" data-pid="7632255" data-add-url="https://www.continente.pt/on/demandware.store/Sites-continente-Site/default/Wishlist-AddProduct?pid=7632255" data-toggle="tooltip" aria-label="Adicionar aos favoritos " data-original-title="Adicionar aos favoritos" data-placement="top" tabindex="-1">
                    <svg class="active-content" width="100%" height="100%" viewBox="0 0 20 22" fill="none" xmlns="http://www.w3.org/2000/svg">
                    <path fill-rule="evenodd" clip-rule="evenodd" d="M0 1.53052C0 0.685236 0.692171 0 1.54601 0H15.0736C15.9274 0 16.6196 0.685235 16.6196 1.53052V13.4064L15.8127 13.922L14.2658 14.2658L12.7189 13.4064L10.6054 14.3818C10.4994 14.2451 10.3327 14.157 10.1452 14.157H6.76329C6.4431 14.157 6.18354 14.414 6.18354 14.731C6.18354 15.0479 6.4431 15.3049 6.76329 15.3049H10.1452C10.2478 15.3049 10.3441 15.2785 10.4277 15.2322L10.3126 16.8439L13.2345 20.2793H1.54601C0.69217 20.2793 0 19.5941 0 18.7488V1.53052ZM6.18354 5.5483C6.18354 5.23132 6.4431 4.97436 6.76329 4.97436H12.3676C12.6878 4.97436 12.9473 5.23132 12.9473 5.5483C12.9473 5.86528 12.6878 6.12224 12.3676 6.12224H6.76329C6.4431 6.12224 6.18354 5.86528 6.18354 5.5483ZM6.76329 11.0961C6.4431 11.0961 6.18354 11.3531 6.18354 11.6701C6.18354 11.987 6.4431 12.244 6.76329 12.244H12.3676C12.6878 12.244 12.9473 11.987 12.9473 11.6701C12.9473 11.3531 12.6878 11.0961 12.3676 11.0961H6.76329ZM6.18354 8.60985C6.18354 8.29287 6.4431 8.03591 6.76329 8.03591H12.3676C12.6878 8.03591 12.9473 8.29287 12.9473 8.60985C12.9473 8.92684 12.6878 9.1838 12.3676 9.1838H6.76329C6.4431 9.1838 6.18354 8.92684 6.18354 8.60985ZM3.67118 5.5483C3.67118 5.23132 3.93075 4.97436 4.25093 4.97436H4.63743C4.95762 4.97436 5.21719 5.23132 5.21719 5.5483C5.21719 5.86528 4.95762 6.12224 4.63743 6.12224H4.25093C3.93075 6.12224 3.67118 5.86528 3.67118 5.5483ZM4.25093 11.0961C3.93075 11.0961 3.67118 11.3531 3.67118 11.6701C3.67118 11.987 3.93075 12.244 4.25093 12.244H4.63743C4.95762 12.244 5.21719 11.987 5.21719 11.6701C5.21719 11.3531 4.95762 11.0961 4.63743 11.0961H4.25093ZM3.67118 8.60985C3.67118 8.29287 3.93075 8.03591 4.25093 8.03591H4.63743C4.95762 8.03591 5.21719 8.29287 5.21719 8.60985C5.21719 8.92684 4.95762 9.1838 4.63743 9.1838H4.25093C3.93075 9.1838 3.67118 8.92684 3.67118 8.60985ZM4.25093 14.157C3.93075 14.157 3.67118 14.414 3.67118 14.731C3.67118 15.0479 3.93075 15.3049 4.25093 15.3049H4.63743C4.95762 15.3049 5.21719 15.0479 5.21719 14.731C5.21719 14.414 4.95762 14.157 4.63743 14.157H4.25093Z" fill="#EB0203"></path>
                    <path fill-rule="evenodd" clip-rule="evenodd" d="M14.6252 13.6363C13.4918 12.6215 11.7817 12.5264 10.6569 13.4792C9.12421 14.7764 9.34841 16.8912 10.4409 18.0122L14.0159 21.6742C14.2197 21.8832 14.4928 22 14.7822 22C15.0737 22 15.3448 21.8852 15.5486 21.6762L19.1236 18.0142C20.214 16.8933 20.4423 14.7785 18.9075 13.4792C17.7827 12.5283 16.0724 12.6217 14.9391 13.6365C14.8855 13.6845 14.8331 13.7345 14.7822 13.7866C14.7313 13.7345 14.6789 13.6843 14.6252 13.6363ZM18.1546 14.3522C19.0973 15.1508 18.9962 16.4896 18.2891 17.2173C18.2888 17.2175 18.2886 17.2177 18.2884 17.218L14.7832 20.8084L11.2753 17.2151C11.2752 17.215 11.2751 17.2149 11.2749 17.2148C10.5677 16.4887 10.4678 15.1495 11.4104 14.3518L11.4108 14.3514C12.0745 13.7892 13.2018 13.82 13.9488 14.5846L14.7822 15.4378L15.6157 14.5846C16.3617 13.8211 17.4896 13.79 18.1545 14.3521" fill="#EB0203"></path>
                    </svg>
                    <svg class="inactive-content" width="100%" height="100%" viewBox="0 0 20 23" fill="none" xmlns="http://www.w3.org/2000/svg">
                    <path fill-rule="evenodd" clip-rule="evenodd" d="M6.18408 5.77914C6.18408 5.46223 6.44363 5.20532 6.7638 5.20532H12.3678C12.6879 5.20532 12.9475 5.46223 12.9475 5.77914C12.9475 6.09606 12.6879 6.35297 12.3678 6.35297H6.7638C6.44363 6.35297 6.18408 6.09606 6.18408 5.77914Z" fill="#EB0203"></path>
                    <path fill-rule="evenodd" clip-rule="evenodd" d="M6.18408 11.9034C6.18408 11.5865 6.44363 11.3296 6.7638 11.3296H12.3678C12.6879 11.3296 12.9475 11.5865 12.9475 11.9034C12.9475 12.2202 12.6879 12.4771 12.3678 12.4771H6.7638C6.44363 12.4771 6.18408 12.2202 6.18408 11.9034Z" fill="#EB0203"></path>
                    <path fill-rule="evenodd" clip-rule="evenodd" d="M6.18408 8.84116C6.18408 8.52424 6.44363 8.26733 6.7638 8.26733H12.3678C12.6879 8.26733 12.9475 8.52424 12.9475 8.84116C12.9475 9.15807 12.6879 9.41498 12.3678 9.41498H6.7638C6.44363 9.41498 6.18408 9.15807 6.18408 8.84116Z" fill="#EB0203"></path>
                    <path fill-rule="evenodd" clip-rule="evenodd" d="M6.18408 14.9655C6.18408 14.6486 6.44363 14.3917 6.7638 14.3917H10.1455C10.4657 14.3917 10.7252 14.6486 10.7252 14.9655C10.7252 15.2825 10.4657 15.5394 10.1455 15.5394H6.7638C6.44363 15.5394 6.18408 15.2825 6.18408 14.9655Z" fill="#EB0203"></path>
                    <path fill-rule="evenodd" clip-rule="evenodd" d="M3.67139 5.77914C3.67139 5.46223 3.93094 5.20532 4.25111 5.20532H4.63759C4.95776 5.20532 5.21731 5.46223 5.21731 5.77914C5.21731 6.09606 4.95776 6.35297 4.63759 6.35297H4.25111C3.93094 6.35297 3.67139 6.09606 3.67139 5.77914Z" fill="#EB0203"></path>
                    <path fill-rule="evenodd" clip-rule="evenodd" d="M3.67139 11.9034C3.67139 11.5865 3.93094 11.3296 4.25111 11.3296H4.63759C4.95776 11.3296 5.21731 11.5865 5.21731 11.9034C5.21731 12.2202 4.95776 12.4771 4.63759 12.4771H4.25111C3.93094 12.4771 3.67139 12.2202 3.67139 11.9034Z" fill="#EB0203"></path>
                    <path fill-rule="evenodd" clip-rule="evenodd" d="M3.67139 8.84116C3.67139 8.52424 3.93094 8.26733 4.25111 8.26733H4.63759C4.95776 8.26733 5.21731 8.52424 5.21731 8.84116C5.21731 9.15807 4.95776 9.41498 4.63759 9.41498H4.25111C3.93094 9.41498 3.67139 9.15807 3.67139 8.84116Z" fill="#EB0203"></path>
                    <path fill-rule="evenodd" clip-rule="evenodd" d="M3.67139 14.9655C3.67139 14.6486 3.93094 14.3917 4.25111 14.3917H4.63759C4.95776 14.3917 5.21731 14.6486 5.21731 14.9655C5.21731 15.2825 4.95776 15.5394 4.63759 15.5394H4.25111C3.93094 15.5394 3.67139 15.2825 3.67139 14.9655Z" fill="#EB0203"></path>
                    <path fill-rule="evenodd" clip-rule="evenodd" d="M0 1.76033C0 0.914738 0.692131 0.229248 1.54592 0.229248H15.0727C15.9265 0.229248 16.6186 0.914738 16.6186 1.76033V11.2818C16.6186 11.5989 16.3591 11.8559 16.0389 11.8559C15.7187 11.8559 15.4592 11.5989 15.4592 11.2818V1.76033C15.4592 1.54893 15.2862 1.37756 15.0727 1.37756H1.54592C1.33247 1.37756 1.15944 1.54893 1.15944 1.76033V18.985C1.15944 19.1964 1.33247 19.3678 1.54592 19.3678H9.27551C9.59568 19.3678 9.85523 19.6249 9.85523 19.942C9.85523 20.2591 9.59568 20.5161 9.27551 20.5161H1.54592C0.692131 20.5161 0 19.8306 0 18.985V1.76033Z" fill="#EB0203"></path>
                    <path fill-rule="evenodd" clip-rule="evenodd" d="M14.6254 13.8718C13.4921 12.8567 11.7821 12.7615 10.6574 13.7147C9.12472 15.0124 9.34891 17.128 10.4413 18.2493L14.0161 21.9126C14.2199 22.1217 14.493 22.2386 14.7824 22.2386C15.0739 22.2386 15.3449 22.1238 15.5487 21.9147L19.1235 18.2514C20.2139 17.13 20.4422 15.0144 18.9075 13.7147C17.7827 12.7634 16.0726 12.8569 14.9392 13.872C14.8856 13.92 14.8333 13.9701 14.7824 14.0222C14.7314 13.97 14.6791 13.9199 14.6254 13.8718ZM18.1546 14.588C19.0972 15.3869 18.9961 16.7262 18.2891 17.4541C18.2888 17.4543 18.2886 17.4546 18.2884 17.4548L14.7834 21.0466L11.2757 17.452C11.2756 17.4519 11.2755 17.4517 11.2753 17.4516C10.5681 16.7252 10.4682 15.3856 11.4108 14.5876L11.4112 14.5872C12.0748 14.0248 13.202 14.0556 13.949 14.8205L14.7824 15.674L15.6158 14.8205C16.3618 14.0567 17.4896 14.0256 18.1545 14.5879" fill="#EB0203"></path>
                    </svg>
                    </button>
                    </div>
                    </div>
                    <p class="ct-tile--brand">Alpro</p>
                    <p class="ct-tile--quantity">emb. 1 lt</p>
                    </div>
                    <div class="ct-tile-bottom row no-gutters justify-content-between">
                    <div class="ct-price-wrap col-8 col-sm-12">
                    <div class="price js-product-price">
                    <div class="prices-wrapper">
                    <span class="sales ct-tile--price-primary ">
                    <span class="value" content="1.89">
                    <span class="ct-price-formatted">
                    €1,89
                    </span>
                    <span class="ct-m-unit">
                    /un
                    </span>
                    </span>
                    </span>
                    </div>
                     <div class="ct-tile--price-secondary">
                    <span class="ct-price-value">
                    €1,89
                    </span>
                    <span class="ct-m-unit">
                    /lt
                    </span>
                    </div>
                    <p class="ct-discount-amount ct-discount-amount-pvpr">PVP Recomendado: €2,39/un</p>
                    </div>
                    </div>
                    <div class="ct-tile-buy-section d-flex justify-content-center no-gutters col-auto col-sm-12">
                    <div class="col-2 d-sm-flex d-none">
                    <button class="wishlist-toggler guest-mode inactive button button--tertiary" data-pid="7632255" data-add-url="https://www.continente.pt/on/demandware.store/Sites-continente-Site/default/Wishlist-AddProduct?pid=7632255" data-toggle="tooltip" aria-label="Adicionar aos favoritos " data-original-title="Adicionar aos favoritos" data-placement="top" tabindex="-1">
                    <svg class="active-content" width="100%" height="100%" viewBox="0 0 20 22" fill="none" xmlns="http://www.w3.org/2000/svg">
                    <path fill-rule="evenodd" clip-rule="evenodd" d="M0 1.53052C0 0.685236 0.692171 0 1.54601 0H15.0736C15.9274 0 16.6196 0.685235 16.6196 1.53052V13.4064L15.8127 13.922L14.2658 14.2658L12.7189 13.4064L10.6054 14.3818C10.4994 14.2451 10.3327 14.157 10.1452 14.157H6.76329C6.4431 14.157 6.18354 14.414 6.18354 14.731C6.18354 15.0479 6.4431 15.3049 6.76329 15.3049H10.1452C10.2478 15.3049 10.3441 15.2785 10.4277 15.2322L10.3126 16.8439L13.2345 20.2793H1.54601C0.69217 20.2793 0 19.5941 0 18.7488V1.53052ZM6.18354 5.5483C6.18354 5.23132 6.4431 4.97436 6.76329 4.97436H12.3676C12.6878 4.97436 12.9473 5.23132 12.9473 5.5483C12.9473 5.86528 12.6878 6.12224 12.3676 6.12224H6.76329C6.4431 6.12224 6.18354 5.86528 6.18354 5.5483ZM6.76329 11.0961C6.4431 11.0961 6.18354 11.3531 6.18354 11.6701C6.18354 11.987 6.4431 12.244 6.76329 12.244H12.3676C12.6878 12.244 12.9473 11.987 12.9473 11.6701C12.9473 11.3531 12.6878 11.0961 12.3676 11.0961H6.76329ZM6.18354 8.60985C6.18354 8.29287 6.4431 8.03591 6.76329 8.03591H12.3676C12.6878 8.03591 12.9473 8.29287 12.9473 8.60985C12.9473 8.92684 12.6878 9.1838 12.3676 9.1838H6.76329C6.4431 9.1838 6.18354 8.92684 6.18354 8.60985ZM3.67118 5.5483C3.67118 5.23132 3.93075 4.97436 4.25093 4.97436H4.63743C4.95762 4.97436 5.21719 5.23132 5.21719 5.5483C5.21719 5.86528 4.95762 6.12224 4.63743 6.12224H4.25093C3.93075 6.12224 3.67118 5.86528 3.67118 5.5483ZM4.25093 11.0961C3.93075 11.0961 3.67118 11.3531 3.67118 11.6701C3.67118 11.987 3.93075 12.244 4.25093 12.244H4.63743C4.95762 12.244 5.21719 11.987 5.21719 11.6701C5.21719 11.3531 4.95762 11.0961 4.63743 11.0961H4.25093ZM3.67118 8.60985C3.67118 8.29287 3.93075 8.03591 4.25093 8.03591H4.63743C4.95762 8.03591 5.21719 8.29287 5.21719 8.60985C5.21719 8.92684 4.95762 9.1838 4.63743 9.1838H4.25093C3.93075 9.1838 3.67118 8.92684 3.67118 8.60985ZM4.25093 14.157C3.93075 14.157 3.67118 14.414 3.67118 14.731C3.67118 15.0479 3.93075 15.3049 4.25093 15.3049H4.63743C4.95762 15.3049 5.21719 15.0479 5.21719 14.731C5.21719 14.414 4.95762 14.157 4.63743 14.157H4.25093Z" fill="#EB0203"></path>
                    <path fill-rule="evenodd" clip-rule="evenodd" d="M14.6252 13.6363C13.4918 12.6215 11.7817 12.5264 10.6569 13.4792C9.12421 14.7764 9.34841 16.8912 10.4409 18.0122L14.0159 21.6742C14.2197 21.8832 14.4928 22 14.7822 22C15.0737 22 15.3448 21.8852 15.5486 21.6762L19.1236 18.0142C20.214 16.8933 20.4423 14.7785 18.9075 13.4792C17.7827 12.5283 16.0724 12.6217 14.9391 13.6365C14.8855 13.6845 14.8331 13.7345 14.7822 13.7866C14.7313 13.7345 14.6789 13.6843 14.6252 13.6363ZM18.1546 14.3522C19.0973 15.1508 18.9962 16.4896 18.2891 17.2173C18.2888 17.2175 18.2886 17.2177 18.2884 17.218L14.7832 20.8084L11.2753 17.2151C11.2752 17.215 11.2751 17.2149 11.2749 17.2148C10.5677 16.4887 10.4678 15.1495 11.4104 14.3518L11.4108 14.3514C12.0745 13.7892 13.2018 13.82 13.9488 14.5846L14.7822 15.4378L15.6157 14.5846C16.3617 13.8211 17.4896 13.79 18.1545 14.3521" fill="#EB0203"></path>
                    </svg>
                    <svg class="inactive-content" width="100%" height="100%" viewBox="0 0 20 23" fill="none" xmlns="http://www.w3.org/2000/svg">
                    <path fill-rule="evenodd" clip-rule="evenodd" d="M6.18408 5.77914C6.18408 5.46223 6.44363 5.20532 6.7638 5.20532H12.3678C12.6879 5.20532 12.9475 5.46223 12.9475 5.77914C12.9475 6.09606 12.6879 6.35297 12.3678 6.35297H6.7638C6.44363 6.35297 6.18408 6.09606 6.18408 5.77914Z" fill="#EB0203"></path>
                    <path fill-rule="evenodd" clip-rule="evenodd" d="M6.18408 11.9034C6.18408 11.5865 6.44363 11.3296 6.7638 11.3296H12.3678C12.6879 11.3296 12.9475 11.5865 12.9475 11.9034C12.9475 12.2202 12.6879 12.4771 12.3678 12.4771H6.7638C6.44363 12.4771 6.18408 12.2202 6.18408 11.9034Z" fill="#EB0203"></path>
                    <path fill-rule="evenodd" clip-rule="evenodd" d="M6.18408 8.84116C6.18408 8.52424 6.44363 8.26733 6.7638 8.26733H12.3678C12.6879 8.26733 12.9475 8.52424 12.9475 8.84116C12.9475 9.15807 12.6879 9.41498 12.3678 9.41498H6.7638C6.44363 9.41498 6.18408 9.15807 6.18408 8.84116Z" fill="#EB0203"></path>
                    <path fill-rule="evenodd" clip-rule="evenodd" d="M6.18408 14.9655C6.18408 14.6486 6.44363 14.3917 6.7638 14.3917H10.1455C10.4657 14.3917 10.7252 14.6486 10.7252 14.9655C10.7252 15.2825 10.4657 15.5394 10.1455 15.5394H6.7638C6.44363 15.5394 6.18408 15.2825 6.18408 14.9655Z" fill="#EB0203"></path>
                    <path fill-rule="evenodd" clip-rule="evenodd" d="M3.67139 5.77914C3.67139 5.46223 3.93094 5.20532 4.25111 5.20532H4.63759C4.95776 5.20532 5.21731 5.46223 5.21731 5.77914C5.21731 6.09606 4.95776 6.35297 4.63759 6.35297H4.25111C3.93094 6.35297 3.67139 6.09606 3.67139 5.77914Z" fill="#EB0203"></path>
                    <path fill-rule="evenodd" clip-rule="evenodd" d="M3.67139 11.9034C3.67139 11.5865 3.93094 11.3296 4.25111 11.3296H4.63759C4.95776 11.3296 5.21731 11.5865 5.21731 11.9034C5.21731 12.2202 4.95776 12.4771 4.63759 12.4771H4.25111C3.93094 12.4771 3.67139 12.2202 3.67139 11.9034Z" fill="#EB0203"></path>
                    <path fill-rule="evenodd" clip-rule="evenodd" d="M3.67139 8.84116C3.67139 8.52424 3.93094 8.26733 4.25111 8.26733H4.63759C4.95776 8.26733 5.21731 8.52424 5.21731 8.84116C5.21731 9.15807 4.95776 9.41498 4.63759 9.41498H4.25111C3.93094 9.41498 3.67139 9.15807 3.67139 8.84116Z" fill="#EB0203"></path>
                    <path fill-rule="evenodd" clip-rule="evenodd" d="M3.67139 14.9655C3.67139 14.6486 3.93094 14.3917 4.25111 14.3917H4.63759C4.95776 14.3917 5.21731 14.6486 5.21731 14.9655C5.21731 15.2825 4.95776 15.5394 4.63759 15.5394H4.25111C3.93094 15.5394 3.67139 15.2825 3.67139 14.9655Z" fill="#EB0203"></path>
                    <path fill-rule="evenodd" clip-rule="evenodd" d="M0 1.76033C0 0.914738 0.692131 0.229248 1.54592 0.229248H15.0727C15.9265 0.229248 16.6186 0.914738 16.6186 1.76033V11.2818C16.6186 11.5989 16.3591 11.8559 16.0389 11.8559C15.7187 11.8559 15.4592 11.5989 15.4592 11.2818V1.76033C15.4592 1.54893 15.2862 1.37756 15.0727 1.37756H1.54592C1.33247 1.37756 1.15944 1.54893 1.15944 1.76033V18.985C1.15944 19.1964 1.33247 19.3678 1.54592 19.3678H9.27551C9.59568 19.3678 9.85523 19.6249 9.85523 19.942C9.85523 20.2591 9.59568 20.5161 9.27551 20.5161H1.54592C0.692131 20.5161 0 19.8306 0 18.985V1.76033Z" fill="#EB0203"></path>
                    <path fill-rule="evenodd" clip-rule="evenodd" d="M14.6254 13.8718C13.4921 12.8567 11.7821 12.7615 10.6574 13.7147C9.12472 15.0124 9.34891 17.128 10.4413 18.2493L14.0161 21.9126C14.2199 22.1217 14.493 22.2386 14.7824 22.2386C15.0739 22.2386 15.3449 22.1238 15.5487 21.9147L19.1235 18.2514C20.2139 17.13 20.4422 15.0144 18.9075 13.7147C17.7827 12.7634 16.0726 12.8569 14.9392 13.872C14.8856 13.92 14.8333 13.9701 14.7824 14.0222C14.7314 13.97 14.6791 13.9199 14.6254 13.8718ZM18.1546 14.588C19.0972 15.3869 18.9961 16.7262 18.2891 17.4541C18.2888 17.4543 18.2886 17.4546 18.2884 17.4548L14.7834 21.0466L11.2757 17.452C11.2756 17.4519 11.2755 17.4517 11.2753 17.4516C10.5681 16.7252 10.4682 15.3856 11.4108 14.5876L11.4112 14.5872C12.0748 14.0248 13.202 14.0556 13.949 14.8205L14.7824 15.674L15.6158 14.8205C16.3618 14.0567 17.4896 14.0256 18.1545 14.5879" fill="#EB0203"></path>
                    </svg>
                    </button>
                    </div>
                    <div class="col-sm-10 col-12">
                    <div class="ct-tile-quantity d-none" data-pid="7632255">
                    <input type="hidden" class="add-to-cart-url" value="https://www.continente.pt/on/demandware.store/Sites-continente-Site/default/Cart-AddProduct" tabindex="-1">
                    <div class="d-none tile-delete-confirmation-btn" data-pid="7632255" data-delay-time="3000" data-in-cart-msg="no carrinho" data-one-product-added="Adicionado ao carrinho" data-remove-from-cart-msg="Removido do carrinho" data-stay-open="6000.0" data-confirmation-image="{&quot;url&quot;:&quot;https://www.continente.pt/dw/image/v2/BDVS_PRD/on/demandware.static/-/Sites-col-master-catalog/default/dw4ad11b46/images/col/763/7632255-frente.jpg?sw=87&amp;sh=80&quot;,&quot;fallbackimage&quot;:{&quot;url&quot;:&quot;https://www.continente.pt/dw/image/v2/BDVS_PRD/on/demandware.static/Sites-continente-Site/-/default/dw7c42b4da/images/noimagelarge_product.png?sw=87&amp;sh=80&quot;,&quot;title&quot;:&quot;Bebida Vegetal de Aveia Sabor a Leite&quot;,&quot;alt&quot;:&quot;Bebida Vegetal de Aveia Sabor a Leite&quot;},&quot;title&quot;:&quot;Bebida Vegetal de Aveia Sabor a Leite&quot;,&quot;alt&quot;:&quot;Bebida Vegetal de Aveia Sabor a Leite&quot;}"></div>
                    <div class="ct-tile-quantity-update quantity-update product-qty-vue" data-remove-action="https://www.continente.pt/on/demandware.store/Sites-continente-Site/default/Cart-RemoveProductLineItem" data-action="https://www.continente.pt/on/demandware.store/Sites-continente-Site/default/Cart-UpdateQuantity" data-dimension-update="https://www.continente.pt/on/demandware.store/Sites-continente-Site/default/Cart-DimensionUpdate" data-pid="7632255" data-uuid="9816bae40d18a323b0f5a09590" data-add-delay="500.0" data-measure-options="{&quot;hasConversionRate&quot;:false,&quot;hasAlternativeSaleUnit&quot;:false,&quot;unitConversionRate&quot;:0,&quot;minOrderQuantity&quot;:1,&quot;stepQuantity&quot;:1,&quot;primaryunit&quot;:&quot;un&quot;,&quot;secondaryunit&quot;:&quot;lt&quot;,&quot;selectedunit&quot;:&quot;primary&quot;,&quot;maxNumberOfUnitsPerSale&quot;:50}" data-price-available="null" :data-has-error="isMaxQtyReached || isMinQtyReached || qtySelectedMoreThanOne">
                    <template v-show="prodUnits">
                    <div class="quantity-input-wrapper has-units">
                    <label class="visually-hidden" :for="'quantity-' + pid + additionalTag">
                    Quantidade no carrinho
                    </label>
                    <input :ref="'quantityInput-' + pid + additionalTag" class="add-to-cart-quantity form-control ct-form-input text-center" inputmode="numeric" :class="{'is-invalid': isInvalid}" :data-pid="pid + additionalTag" :name="'quantity-' + pid + additionalTag" type="text" aria-label="Insira a quantidade" title="" v-model="displayValue" @change="updateQuantity" @focus="updateQtyFormat" @blur="restoreQtyFormat" :disabled="!isPriceAvailable">
                    <span class="quantity-icon quantity-icon--minus">
                    <button class="decrease-quantity-btn" @click="updateQuantity" :disabled="!isPriceAvailable" role="button" aria-label="Reduzir quantidade">
                    <i class="css-math-minus"></i>
                    </button>
                    </span>
                    <span class="quantity-icon quantity-icon--plus">
                    <button class="increase-quantity-btn" @click="updateQuantity" :disabled="isMaxQtyReached || !isPriceAvailable" role="button" aria-label="Aumentar quantidade">
                    <i class="css-math-plus"></i>
                    </button>
                     <span class="quantity-btn-disabled-placeholder"></span>
                    </span>
                    <template v-if="isPDP">
                    <span class="quantity-error ct-span-error text-sm-center product-max-allocation" v-if="isMaxQtyReached">
                    Quantidade máxima atingida
                    </span>
                    <span class="quantity-error ct-span-product text-sm-center product-allocation" v-if="!isMinQtyReached &amp;&amp; !isMaxQtyReached">
                    {{quantitySelected}} no carrinho
                    </span>
                    <span class="quantity-error ct-span-error text-sm-center product-min-allocation" :data-pid="pid" v-if="isMinQtyReached &amp;&amp; !isMaxQtyReached">
                    Quantidade mínima atingida
                    </span>
                    </template>
                    </div>
                    <template v-if="showNotes">
                    <div class="add-note-link-container ">
                    <div class="add-note">
                    <a href="/produto/bebida-vegetal-de-aveia-sabor-a-leite-alpro-7632255.html?showNote=true" class="ct-add-note-redirect-pdp" aria-label="Adicionar comentário">
                    <span class="svg-wrapper svg-icon-notes" style="width:19px; height:20px">
                    <svg class="svg-inline icon-notes" viewBox="0 0 28 30" xmlns="http://www.w3.org/2000/svg" width="100%" height="100%"><path d="M21.738 0C22.985 0 24 1.04 24 2.319V12.47c0 .469-.37.848-.828.848-.457 0-.827-.38-.827-.848V2.32c0-.343-.273-.622-.607-.622H2.262c-.334 0-.607.279-.607.622V27.68c0 .343.273.622.607.622h7.81c.457 0 .827.38.827.849 0 .468-.37.848-.827.848h-7.81C1.015 30 0 28.96 0 27.681V2.32C0 1.04 1.015 0 2.262 0h19.476zm2.844 16.004l.227.007c.823.053 1.589.39 2.176.964.64.627.993 1.46.993 2.349 0 .888-.353 1.722-.993 2.348l-6.83 6.665c-.11.108-.247.186-.397.226l-5.032 1.363c-.078.021-.16.032-.241.032-.242 0-.478-.097-.647-.266-.23-.231-.314-.566-.218-.874l1.49-4.798c.044-.139.122-.266.227-.369l6.844-6.677c.64-.625 1.493-.97 2.401-.97zm-2.886 3.94l-4.922 4.802-.947 3.048 3.22-.872 4.897-4.78-2.248-2.197zm2.887-2.174c-.425 0-.824.162-1.124.455l-.484.472 2.248 2.197.484-.472c.62-.606.62-1.591 0-2.197l-.117-.104c-.283-.227-.636-.35-1.007-.35zm-10.839.022c.498 0 .904.396.904.883 0 .488-.406.884-.904.884H5.946c-.499 0-.904-.396-.904-.884 0-.487.405-.883.904-.883zm5.042-4.876c.498 0 .904.397.904.884s-.406.884-.904.884H5.946c-.499 0-.904-.397-.904-.884s.405-.884.904-.884zm0-4.875c.498 0 .904.396.904.884 0 .487-.406.883-.904.883H5.946c-.499 0-.904-.396-.904-.883 0-.488.405-.884.904-.884z" fill="#EB0203" fill-rule="evenodd"></path></svg>
                    </span>
                    <div class="available-note d-none"></div>
                    </a>
                    </div>
                    </div>
                    </template>
                    <div class="measurement-unit-section" v-if="isPriceAvailable &amp;&amp; prodUnits ? prodUnits.hasAlternativeUnit : false">
                    <div class="ct-form-radio" @click="setDimension">
                    <input type="radio" title="" class="ct-form-check-input product-measurement-unit" :data-type="prodUnits.selectedUnit == prodUnits.secondaryUnit ? 'primary' : ''" :id="prodUnits.secondaryUnit + '-' + pid + '-measurement-unit-ptile' + additionalTag" :name="'measurement-unit-' + pid + '-ptile' + additionalTag" :value="prodUnits.secondaryUnit" v-model="prodUnits.selectedUnit">
                    <label :class="prodUnits.secondaryUnit + '-label ct-form-check-label mb-0'" :for="prodUnits.secondaryUnit + '-' + pid + '-measurement-unit-ptile' + additionalTag">
                    {{prodUnits.secondaryUnit}}
                    </label>
                    <span class="checkmark"></span>
                    </div>
                    <div class="ct-form-radio" @click="setDimension">
                    <input type="radio" title="" class="ct-form-check-input product-measurement-unit" :data-type="prodUnits.selectedUnit == prodUnits.primaryUnit ? 'primary' : ''" :id="prodUnits.primaryUnit + '-' + pid + '-measurement-unit-ptile' + additionalTag" :name="'measurement-unit-' + pid + '-ptile' + additionalTag" :value="prodUnits.primaryUnit" v-model="prodUnits.selectedUnit">
                    <label :class="prodUnits.primaryUnit + '-label ct-form-check-label mb-0'" :for="prodUnits.primaryUnit + '-' + pid + '-measurement-unit-ptile' + additionalTag">
                    {{prodUnits.primaryUnit}}
                    </label>
                    <span class="checkmark"></span>
                    </div>
                    </div>
                    <template v-if="!isPDP &amp;&amp; isPriceAvailable">
                    <span class="quantity-error ct-span-error product-max-allocation" v-if="isMaxQtyReached">
                    Quantidade máxima atingida
                    </span>
                    <span class="quantity-error ct-span-product product-allocation" v-if="!isMinQtyReached &amp;&amp; !isMaxQtyReached">
                    {{quantitySelected}} no carrinho
                    </span>
                    <span class="quantity-error ct-span-error product-min-allocation" :data-pid="pid" v-if="isMinQtyReached &amp;&amp; !isMaxQtyReached">
                    Quantidade mínima atingida
                    </span>
                    </template>
                    </template>
                    </div>
                    <input class="quantity-value-mask d-none" name="quantity" type="number" min="0" value="" tabindex="-1">
                    </div>
                    <button type="button" class="add-to-cart button js-add-to-cart js-add-to-cart-tile 7632255 button--primary dynamic-layout-btn" data-toggle="modal" data-target="#chooseBonusProductModal" data-pid="7632255" data-quantity-value="null" aria-label="Carrinho" tabindex="-1">
                    <span class="d-block d-sm-none">
                    <span class="svg-wrapper svg-icon-cart" style="width:20px; height:20px">
                    <svg class="svg-inline icon-cart" xmlns="http://www.w3.org/2000/svg" viewBox="0 0 500 500" width="100%" height="100%"><path fill="#EB0203" fill-rule="evenodd" d="M 485.67317,94.386311 C 476.37798,83.847129 463.09468,78.03348 448.30404,78.03348 H 90.690813 L 87.079511,51.327997 C 83.185582,22.539551 62.962285,0 41.011841,0 H 14.727836 C 6.563151,0 0,6.5286975 0,14.580758 c 0,8.05206 6.5945535,14.580758 14.727836,14.580758 h 26.284005 c 4.710398,0 14.696435,9.855222 16.894619,26.021523 L 100.01739,368.0631 c 1.88416,13.77244 9.01256,26.70549 20.1605,36.37417 8.25889,7.15046 18.02511,11.9071 28.26237,13.89679 -4.17655,7.58572 -6.53175,16.25957 -6.53175,25.493 0,29.53459 24.27424,53.59751 54.13815,53.59751 29.8325,0 54.13814,-24.03184 54.13814,-53.59751 0,-8.79818 -2.19818,-17.09897 -5.9979,-24.43598 h 77.12488 c -3.79973,7.33701 -5.96652,15.6378 -5.96652,24.43598 0,29.53459 24.27424,53.59751 54.13817,53.59751 29.83249,0 54.13814,-24.03184 54.13814,-53.59751 0,-8.79818 -2.1982,-17.09897 -5.9979,-24.43598 h 38.56243 c 8.13328,0 14.72783,-6.5287 14.72783,-14.61183 0,-8.02098 -6.59455,-14.54967 -14.72783,-14.54967 H 159.24277 c -14.38241,0 -28.13677,-11.90711 -30.02092,-26.02153 l -3.07746,-22.88154 h 290.6314 c 14.03698,0 27.94834,-5.28513 39.06488,-14.95381 11.11652,-9.6376 18.27632,-22.57065 20.16048,-36.37417 l 21.10259,-156.78201 c 1.94694,-14.51858 -2.10398,-28.29103 -11.43057,-38.861299 z M 220.76053,443.82706 c 0,13.49265 -11.08513,24.46709 -24.68247,24.46709 -13.62874,0 -24.71387,-10.97444 -24.71387,-24.46709 0,-13.49262 11.08513,-24.43598 24.71387,-24.43598 13.59734,0 24.68247,10.94336 24.68247,24.43598 z m 173.43675,0 c 0,13.49265 -11.08512,24.46709 -24.68245,24.46709 -13.62876,0 -24.71388,-10.97444 -24.71388,-24.46709 0,-13.49262 11.08512,-24.43598 24.71388,-24.43598 13.59733,0 24.68245,10.94336 24.68245,24.43598 z m 73.7648,-314.46558 -21.13397,156.782 c -1.88416,14.11442 -15.63851,26.05261 -30.02091,26.05261 H 122.25046 L 94.616142,107.19499 H 448.33544 c 6.18632,0 11.61896,2.2695 15.23028,6.37326 3.64269,4.13484 5.21283,9.73086 4.39636,15.79323 z"></path></svg>
                    </span>
                    </span>
                    <span class="add-to-cart--text d-none d-sm-block">Carrinho</span>
                    </button>
                    </div>
                    </div>
                    </div>
                    </div>
                    
                    <div class="col-12 d-sm-none">
                    </div>
                    </div>
                    </div>
                    </div>
                    </div><div class="pd-tile-wrap slick-slide slick-cloned" data-idx="1" style="width: 276px; height: auto;" data-slick-index="10" id="" aria-hidden="true" tabindex="-1">
                    
                    <script type="text/javascript">//<!--
                    /* <![CDATA[ */
                    (function(){
                    try {
                        if(window.CQuotient) {
                            var cq_params = {};
                            cq_params.cookieId = window.CQuotient.getCQCookieId();
                            cq_params.userId = window.CQuotient.getCQUserId();
                            cq_params.emailId = CQuotient.getCQHashedEmail();
                            cq_params.loginId = CQuotient.getCQHashedLogin();
                            cq_params.accumulate = true;
                            cq_params.products = [{
                                id: '7214151',
                                sku: '',
                                type: '',
                                alt_id: ''
                            }];
                            cq_params.recommenderName = '__UNDEFINED__';
                            cq_params.realm = "BDVS";
                            cq_params.siteId = "continente";
                            cq_params.instanceType = "prd";
                            cq_params.locale = window.CQuotient.locale;
                            cq_params.slotId = '';
                            cq_params.slotConfigId = '';
                            cq_params.slotConfigTemplate = '';
                            if(window.CQuotient.sendActivity)
                                window.CQuotient.sendActivity( CQuotient.clientId, 'viewReco', cq_params );
                            else
                                window.CQuotient.activities.push( {activityType: 'viewReco', parameters: cq_params} );
                        }
                    } catch(err) {}
                    })();
                    /* ]]> */
                    // -->
                    </script>
                    <script type="text/javascript">//<!--
                    /* <![CDATA[ (viewProduct-active_data.js) */
                    dw.ac._capture({id: "7214151", type: "recommendation"});
                    /* ]]> */
                    // -->
                    </script>
                    <div class="product" data-pid="7214151">
                    <div class="product-tile pid-7214151   ct-product-tile " data-delay-time="3000" data-variants-mapping="[]" data-in-cart-msg="no carrinho" data-one-product-added="Adicionado ao carrinho" data-remove-from-cart-msg="Removido do carrinho" data-stay-open="6000.0" data-product-tile-impression="{&quot;name&quot;:&quot;7214151&quot;,&quot;id&quot;:&quot;7214151&quot;,&quot;price&quot;:2.39,&quot;brand&quot;:&quot;Oikos&quot;,&quot;category&quot;:[{&quot;category_level_1&quot;:&quot;Laticínios e Ovos&quot;},{&quot;category_level_2&quot;:&quot;Iogurtes&quot;},{&quot;category_level_3&quot;:&quot;Iogurtes Gregos&quot;}],&quot;variant&quot;:&quot;&quot;}">
                    <div class="ct-inner-tile-wrap row no-gutters justify-content-center align-content-start">
                    <div class="ct-product-tile-badge ct-product-tile-badge--promotional">
                    <img class="img-fluid lazyloaded" loading="lazy" data-src="https://www.continente.pt/dw/image/v2/BDVS_PRD/on/demandware.static/-/Sites-continente-Library/default/dwf5980f2e/images/badges/pvpr/col/pvpr.png?sw=60&amp;sh=42" alt="PVP Recomendado: €2,99/un" title="PVP Recomendado: €2,99/un" src="https://www.continente.pt/dw/image/v2/BDVS_PRD/on/demandware.static/-/Sites-continente-Library/default/dwf5980f2e/images/badges/pvpr/col/pvpr.png?sw=60&amp;sh=42">
                    <div class="ct-product-tile-badge-value-wrapper ct-product-tile-badge-value-wrapper--pvpr  ">
                    <span class="ct-product-tile-badge-value--pvpr">
                    20
                    </span>
                    <span class="ct-product-tile-badge-value--pvpr-quantifier ">
                    %
                    </span>
                    </div>
                    </div>
                    
                    <div class="ct-image-container col-4 col-sm" data-confirmation-image="{&quot;url&quot;:&quot;https://www.continente.pt/dw/image/v2/BDVS_PRD/on/demandware.static/-/Sites-col-master-catalog/default/dw2180ff1f/images/col/721/7214151-frente.jpg?sw=87&amp;sh=80&quot;,&quot;fallbackimage&quot;:{&quot;url&quot;:&quot;https://www.continente.pt/dw/image/v2/BDVS_PRD/on/demandware.static/Sites-continente-Site/-/default/dw7c42b4da/images/noimagelarge_product.png?sw=87&amp;sh=80&quot;,&quot;title&quot;:&quot;Iogurte Grego Natural Açucarado&quot;,&quot;alt&quot;:&quot;Iogurte Grego Natural Açucarado&quot;},&quot;title&quot;:&quot;Iogurte Grego Natural Açucarado&quot;,&quot;alt&quot;:&quot;Iogurte Grego Natural Açucarado&quot;}">
                    <a href="https://www.continente.pt/produto/iogurte-grego-natural-acucarado-oikos-7214151.html?cgid=home" tabindex="-1">
                    <picture class="intrinsic intrinsic--square">
                    <img class="ct-tile-image lazyloaded" loading="lazy" onerror="this.onerror=null;this.src='/on/demandware.static/Sites-continente-Site/-/default/dw7c42b4da/images/noimagelarge_product.png';" data-src="https://www.continente.pt/dw/image/v2/BDVS_PRD/on/demandware.static/-/Sites-col-master-catalog/default/dw2180ff1f/images/col/721/7214151-frente.jpg?sw=280&amp;sh=280" alt="Iogurte Grego Natural Açucarado" title="Iogurte Grego Natural Açucarado" src="https://www.continente.pt/dw/image/v2/BDVS_PRD/on/demandware.static/-/Sites-col-master-catalog/default/dw2180ff1f/images/col/721/7214151-frente.jpg?sw=280&amp;sh=280">
                    </picture>
                    </a>
                    <div class="color-swatches d-flex" style="margin-left: 5px;">
                    <div class="swatches d-flex">
                    </div>
                    </div>
                    </div>
                    <div class="ct-tile-body col col-sm-auto ">
                    <div class="ct-pdp-details">
                    <div class="ct-pdp-link">
                    <a class="ct-tile--description" href="https://www.continente.pt/produto/iogurte-grego-natural-acucarado-oikos-7214151.html?cgid=home" tabindex="-1">Iogurte Grego Natural Açucarado</a>
                    <div class="ct-tile--favorite-top d-sm-none">
                    <button class="wishlist-toggler guest-mode inactive button button--tertiary" data-pid="7214151" data-add-url="https://www.continente.pt/on/demandware.store/Sites-continente-Site/default/Wishlist-AddProduct?pid=7214151" data-toggle="tooltip" aria-label="Adicionar aos favoritos " data-original-title="Adicionar aos favoritos" data-placement="top" tabindex="-1">
                    <svg class="active-content" width="100%" height="100%" viewBox="0 0 20 22" fill="none" xmlns="http://www.w3.org/2000/svg">
                    <path fill-rule="evenodd" clip-rule="evenodd" d="M0 1.53052C0 0.685236 0.692171 0 1.54601 0H15.0736C15.9274 0 16.6196 0.685235 16.6196 1.53052V13.4064L15.8127 13.922L14.2658 14.2658L12.7189 13.4064L10.6054 14.3818C10.4994 14.2451 10.3327 14.157 10.1452 14.157H6.76329C6.4431 14.157 6.18354 14.414 6.18354 14.731C6.18354 15.0479 6.4431 15.3049 6.76329 15.3049H10.1452C10.2478 15.3049 10.3441 15.2785 10.4277 15.2322L10.3126 16.8439L13.2345 20.2793H1.54601C0.69217 20.2793 0 19.5941 0 18.7488V1.53052ZM6.18354 5.5483C6.18354 5.23132 6.4431 4.97436 6.76329 4.97436H12.3676C12.6878 4.97436 12.9473 5.23132 12.9473 5.5483C12.9473 5.86528 12.6878 6.12224 12.3676 6.12224H6.76329C6.4431 6.12224 6.18354 5.86528 6.18354 5.5483ZM6.76329 11.0961C6.4431 11.0961 6.18354 11.3531 6.18354 11.6701C6.18354 11.987 6.4431 12.244 6.76329 12.244H12.3676C12.6878 12.244 12.9473 11.987 12.9473 11.6701C12.9473 11.3531 12.6878 11.0961 12.3676 11.0961H6.76329ZM6.18354 8.60985C6.18354 8.29287 6.4431 8.03591 6.76329 8.03591H12.3676C12.6878 8.03591 12.9473 8.29287 12.9473 8.60985C12.9473 8.92684 12.6878 9.1838 12.3676 9.1838H6.76329C6.4431 9.1838 6.18354 8.92684 6.18354 8.60985ZM3.67118 5.5483C3.67118 5.23132 3.93075 4.97436 4.25093 4.97436H4.63743C4.95762 4.97436 5.21719 5.23132 5.21719 5.5483C5.21719 5.86528 4.95762 6.12224 4.63743 6.12224H4.25093C3.93075 6.12224 3.67118 5.86528 3.67118 5.5483ZM4.25093 11.0961C3.93075 11.0961 3.67118 11.3531 3.67118 11.6701C3.67118 11.987 3.93075 12.244 4.25093 12.244H4.63743C4.95762 12.244 5.21719 11.987 5.21719 11.6701C5.21719 11.3531 4.95762 11.0961 4.63743 11.0961H4.25093ZM3.67118 8.60985C3.67118 8.29287 3.93075 8.03591 4.25093 8.03591H4.63743C4.95762 8.03591 5.21719 8.29287 5.21719 8.60985C5.21719 8.92684 4.95762 9.1838 4.63743 9.1838H4.25093C3.93075 9.1838 3.67118 8.92684 3.67118 8.60985ZM4.25093 14.157C3.93075 14.157 3.67118 14.414 3.67118 14.731C3.67118 15.0479 3.93075 15.3049 4.25093 15.3049H4.63743C4.95762 15.3049 5.21719 15.0479 5.21719 14.731C5.21719 14.414 4.95762 14.157 4.63743 14.157H4.25093Z" fill="#EB0203"></path>
                    <path fill-rule="evenodd" clip-rule="evenodd" d="M14.6252 13.6363C13.4918 12.6215 11.7817 12.5264 10.6569 13.4792C9.12421 14.7764 9.34841 16.8912 10.4409 18.0122L14.0159 21.6742C14.2197 21.8832 14.4928 22 14.7822 22C15.0737 22 15.3448 21.8852 15.5486 21.6762L19.1236 18.0142C20.214 16.8933 20.4423 14.7785 18.9075 13.4792C17.7827 12.5283 16.0724 12.6217 14.9391 13.6365C14.8855 13.6845 14.8331 13.7345 14.7822 13.7866C14.7313 13.7345 14.6789 13.6843 14.6252 13.6363ZM18.1546 14.3522C19.0973 15.1508 18.9962 16.4896 18.2891 17.2173C18.2888 17.2175 18.2886 17.2177 18.2884 17.218L14.7832 20.8084L11.2753 17.2151C11.2752 17.215 11.2751 17.2149 11.2749 17.2148C10.5677 16.4887 10.4678 15.1495 11.4104 14.3518L11.4108 14.3514C12.0745 13.7892 13.2018 13.82 13.9488 14.5846L14.7822 15.4378L15.6157 14.5846C16.3617 13.8211 17.4896 13.79 18.1545 14.3521" fill="#EB0203"></path>
                    </svg>
                    <svg class="inactive-content" width="100%" height="100%" viewBox="0 0 20 23" fill="none" xmlns="http://www.w3.org/2000/svg">
                    <path fill-rule="evenodd" clip-rule="evenodd" d="M6.18408 5.77914C6.18408 5.46223 6.44363 5.20532 6.7638 5.20532H12.3678C12.6879 5.20532 12.9475 5.46223 12.9475 5.77914C12.9475 6.09606 12.6879 6.35297 12.3678 6.35297H6.7638C6.44363 6.35297 6.18408 6.09606 6.18408 5.77914Z" fill="#EB0203"></path>
                    <path fill-rule="evenodd" clip-rule="evenodd" d="M6.18408 11.9034C6.18408 11.5865 6.44363 11.3296 6.7638 11.3296H12.3678C12.6879 11.3296 12.9475 11.5865 12.9475 11.9034C12.9475 12.2202 12.6879 12.4771 12.3678 12.4771H6.7638C6.44363 12.4771 6.18408 12.2202 6.18408 11.9034Z" fill="#EB0203"></path>
                    <path fill-rule="evenodd" clip-rule="evenodd" d="M6.18408 8.84116C6.18408 8.52424 6.44363 8.26733 6.7638 8.26733H12.3678C12.6879 8.26733 12.9475 8.52424 12.9475 8.84116C12.9475 9.15807 12.6879 9.41498 12.3678 9.41498H6.7638C6.44363 9.41498 6.18408 9.15807 6.18408 8.84116Z" fill="#EB0203"></path>
                    <path fill-rule="evenodd" clip-rule="evenodd" d="M6.18408 14.9655C6.18408 14.6486 6.44363 14.3917 6.7638 14.3917H10.1455C10.4657 14.3917 10.7252 14.6486 10.7252 14.9655C10.7252 15.2825 10.4657 15.5394 10.1455 15.5394H6.7638C6.44363 15.5394 6.18408 15.2825 6.18408 14.9655Z" fill="#EB0203"></path>
                    <path fill-rule="evenodd" clip-rule="evenodd" d="M3.67139 5.77914C3.67139 5.46223 3.93094 5.20532 4.25111 5.20532H4.63759C4.95776 5.20532 5.21731 5.46223 5.21731 5.77914C5.21731 6.09606 4.95776 6.35297 4.63759 6.35297H4.25111C3.93094 6.35297 3.67139 6.09606 3.67139 5.77914Z" fill="#EB0203"></path>
                    <path fill-rule="evenodd" clip-rule="evenodd" d="M3.67139 11.9034C3.67139 11.5865 3.93094 11.3296 4.25111 11.3296H4.63759C4.95776 11.3296 5.21731 11.5865 5.21731 11.9034C5.21731 12.2202 4.95776 12.4771 4.63759 12.4771H4.25111C3.93094 12.4771 3.67139 12.2202 3.67139 11.9034Z" fill="#EB0203"></path>
                    <path fill-rule="evenodd" clip-rule="evenodd" d="M3.67139 8.84116C3.67139 8.52424 3.93094 8.26733 4.25111 8.26733H4.63759C4.95776 8.26733 5.21731 8.52424 5.21731 8.84116C5.21731 9.15807 4.95776 9.41498 4.63759 9.41498H4.25111C3.93094 9.41498 3.67139 9.15807 3.67139 8.84116Z" fill="#EB0203"></path>
                    <path fill-rule="evenodd" clip-rule="evenodd" d="M3.67139 14.9655C3.67139 14.6486 3.93094 14.3917 4.25111 14.3917H4.63759C4.95776 14.3917 5.21731 14.6486 5.21731 14.9655C5.21731 15.2825 4.95776 15.5394 4.63759 15.5394H4.25111C3.93094 15.5394 3.67139 15.2825 3.67139 14.9655Z" fill="#EB0203"></path>
                    <path fill-rule="evenodd" clip-rule="evenodd" d="M0 1.76033C0 0.914738 0.692131 0.229248 1.54592 0.229248H15.0727C15.9265 0.229248 16.6186 0.914738 16.6186 1.76033V11.2818C16.6186 11.5989 16.3591 11.8559 16.0389 11.8559C15.7187 11.8559 15.4592 11.5989 15.4592 11.2818V1.76033C15.4592 1.54893 15.2862 1.37756 15.0727 1.37756H1.54592C1.33247 1.37756 1.15944 1.54893 1.15944 1.76033V18.985C1.15944 19.1964 1.33247 19.3678 1.54592 19.3678H9.27551C9.59568 19.3678 9.85523 19.6249 9.85523 19.942C9.85523 20.2591 9.59568 20.5161 9.27551 20.5161H1.54592C0.692131 20.5161 0 19.8306 0 18.985V1.76033Z" fill="#EB0203"></path>
                    <path fill-rule="evenodd" clip-rule="evenodd" d="M14.6254 13.8718C13.4921 12.8567 11.7821 12.7615 10.6574 13.7147C9.12472 15.0124 9.34891 17.128 10.4413 18.2493L14.0161 21.9126C14.2199 22.1217 14.493 22.2386 14.7824 22.2386C15.0739 22.2386 15.3449 22.1238 15.5487 21.9147L19.1235 18.2514C20.2139 17.13 20.4422 15.0144 18.9075 13.7147C17.7827 12.7634 16.0726 12.8569 14.9392 13.872C14.8856 13.92 14.8333 13.9701 14.7824 14.0222C14.7314 13.97 14.6791 13.9199 14.6254 13.8718ZM18.1546 14.588C19.0972 15.3869 18.9961 16.7262 18.2891 17.4541C18.2888 17.4543 18.2886 17.4546 18.2884 17.4548L14.7834 21.0466L11.2757 17.452C11.2756 17.4519 11.2755 17.4517 11.2753 17.4516C10.5681 16.7252 10.4682 15.3856 11.4108 14.5876L11.4112 14.5872C12.0748 14.0248 13.202 14.0556 13.949 14.8205L14.7824 15.674L15.6158 14.8205C16.3618 14.0567 17.4896 14.0256 18.1545 14.5879" fill="#EB0203"></path>
                    </svg>
                    </button>
                    </div>
                    </div>
                    <p class="ct-tile--brand">Oikos</p>
                    <p class="ct-tile--quantity">emb. 440 gr (4 un)</p>
                    </div>
                    <div class="ct-tile-bottom row no-gutters justify-content-between">
                    <div class="ct-price-wrap col-8 col-sm-12">
                    <div class="price js-product-price">
                    <div class="prices-wrapper">
                    <span class="sales ct-tile--price-primary ">
                    <span class="value" content="2.39">
                    <span class="ct-price-formatted">
                    €2,39
                    </span>
                    <span class="ct-m-unit">
                    /un
                    </span>
                    </span>
                    </span>
                    </div>
                    <div class="ct-tile--price-secondary">
                    <span class="ct-price-value">
                    €5,43
                    </span>
                    <span class="ct-m-unit">
                    /kg
                    </span>
                    </div>
                    <p class="ct-discount-amount ct-discount-amount-pvpr">PVP Recomendado: €2,99/un</p>
                    </div>
                    </div>
                    <div class="ct-tile-buy-section d-flex justify-content-center no-gutters col-auto col-sm-12">
                    <div class="col-2 d-sm-flex d-none">
                    <button class="wishlist-toggler guest-mode inactive button button--tertiary" data-pid="7214151" data-add-url="https://www.continente.pt/on/demandware.store/Sites-continente-Site/default/Wishlist-AddProduct?pid=7214151" data-toggle="tooltip" aria-label="Adicionar aos favoritos " data-original-title="Adicionar aos favoritos" data-placement="top" tabindex="-1">
                    <svg class="active-content" width="100%" height="100%" viewBox="0 0 20 22" fill="none" xmlns="http://www.w3.org/2000/svg">
                    <path fill-rule="evenodd" clip-rule="evenodd" d="M0 1.53052C0 0.685236 0.692171 0 1.54601 0H15.0736C15.9274 0 16.6196 0.685235 16.6196 1.53052V13.4064L15.8127 13.922L14.2658 14.2658L12.7189 13.4064L10.6054 14.3818C10.4994 14.2451 10.3327 14.157 10.1452 14.157H6.76329C6.4431 14.157 6.18354 14.414 6.18354 14.731C6.18354 15.0479 6.4431 15.3049 6.76329 15.3049H10.1452C10.2478 15.3049 10.3441 15.2785 10.4277 15.2322L10.3126 16.8439L13.2345 20.2793H1.54601C0.69217 20.2793 0 19.5941 0 18.7488V1.53052ZM6.18354 5.5483C6.18354 5.23132 6.4431 4.97436 6.76329 4.97436H12.3676C12.6878 4.97436 12.9473 5.23132 12.9473 5.5483C12.9473 5.86528 12.6878 6.12224 12.3676 6.12224H6.76329C6.4431 6.12224 6.18354 5.86528 6.18354 5.5483ZM6.76329 11.0961C6.4431 11.0961 6.18354 11.3531 6.18354 11.6701C6.18354 11.987 6.4431 12.244 6.76329 12.244H12.3676C12.6878 12.244 12.9473 11.987 12.9473 11.6701C12.9473 11.3531 12.6878 11.0961 12.3676 11.0961H6.76329ZM6.18354 8.60985C6.18354 8.29287 6.4431 8.03591 6.76329 8.03591H12.3676C12.6878 8.03591 12.9473 8.29287 12.9473 8.60985C12.9473 8.92684 12.6878 9.1838 12.3676 9.1838H6.76329C6.4431 9.1838 6.18354 8.92684 6.18354 8.60985ZM3.67118 5.5483C3.67118 5.23132 3.93075 4.97436 4.25093 4.97436H4.63743C4.95762 4.97436 5.21719 5.23132 5.21719 5.5483C5.21719 5.86528 4.95762 6.12224 4.63743 6.12224H4.25093C3.93075 6.12224 3.67118 5.86528 3.67118 5.5483ZM4.25093 11.0961C3.93075 11.0961 3.67118 11.3531 3.67118 11.6701C3.67118 11.987 3.93075 12.244 4.25093 12.244H4.63743C4.95762 12.244 5.21719 11.987 5.21719 11.6701C5.21719 11.3531 4.95762 11.0961 4.63743 11.0961H4.25093ZM3.67118 8.60985C3.67118 8.29287 3.93075 8.03591 4.25093 8.03591H4.63743C4.95762 8.03591 5.21719 8.29287 5.21719 8.60985C5.21719 8.92684 4.95762 9.1838 4.63743 9.1838H4.25093C3.93075 9.1838 3.67118 8.92684 3.67118 8.60985ZM4.25093 14.157C3.93075 14.157 3.67118 14.414 3.67118 14.731C3.67118 15.0479 3.93075 15.3049 4.25093 15.3049H4.63743C4.95762 15.3049 5.21719 15.0479 5.21719 14.731C5.21719 14.414 4.95762 14.157 4.63743 14.157H4.25093Z" fill="#EB0203"></path>
                    <path fill-rule="evenodd" clip-rule="evenodd" d="M14.6252 13.6363C13.4918 12.6215 11.7817 12.5264 10.6569 13.4792C9.12421 14.7764 9.34841 16.8912 10.4409 18.0122L14.0159 21.6742C14.2197 21.8832 14.4928 22 14.7822 22C15.0737 22 15.3448 21.8852 15.5486 21.6762L19.1236 18.0142C20.214 16.8933 20.4423 14.7785 18.9075 13.4792C17.7827 12.5283 16.0724 12.6217 14.9391 13.6365C14.8855 13.6845 14.8331 13.7345 14.7822 13.7866C14.7313 13.7345 14.6789 13.6843 14.6252 13.6363ZM18.1546 14.3522C19.0973 15.1508 18.9962 16.4896 18.2891 17.2173C18.2888 17.2175 18.2886 17.2177 18.2884 17.218L14.7832 20.8084L11.2753 17.2151C11.2752 17.215 11.2751 17.2149 11.2749 17.2148C10.5677 16.4887 10.4678 15.1495 11.4104 14.3518L11.4108 14.3514C12.0745 13.7892 13.2018 13.82 13.9488 14.5846L14.7822 15.4378L15.6157 14.5846C16.3617 13.8211 17.4896 13.79 18.1545 14.3521" fill="#EB0203"></path>
                    </svg>
                    <svg class="inactive-content" width="100%" height="100%" viewBox="0 0 20 23" fill="none" xmlns="http://www.w3.org/2000/svg">
                    <path fill-rule="evenodd" clip-rule="evenodd" d="M6.18408 5.77914C6.18408 5.46223 6.44363 5.20532 6.7638 5.20532H12.3678C12.6879 5.20532 12.9475 5.46223 12.9475 5.77914C12.9475 6.09606 12.6879 6.35297 12.3678 6.35297H6.7638C6.44363 6.35297 6.18408 6.09606 6.18408 5.77914Z" fill="#EB0203"></path>
                    <path fill-rule="evenodd" clip-rule="evenodd" d="M6.18408 11.9034C6.18408 11.5865 6.44363 11.3296 6.7638 11.3296H12.3678C12.6879 11.3296 12.9475 11.5865 12.9475 11.9034C12.9475 12.2202 12.6879 12.4771 12.3678 12.4771H6.7638C6.44363 12.4771 6.18408 12.2202 6.18408 11.9034Z" fill="#EB0203"></path>
                    <path fill-rule="evenodd" clip-rule="evenodd" d="M6.18408 8.84116C6.18408 8.52424 6.44363 8.26733 6.7638 8.26733H12.3678C12.6879 8.26733 12.9475 8.52424 12.9475 8.84116C12.9475 9.15807 12.6879 9.41498 12.3678 9.41498H6.7638C6.44363 9.41498 6.18408 9.15807 6.18408 8.84116Z" fill="#EB0203"></path>
                    <path fill-rule="evenodd" clip-rule="evenodd" d="M6.18408 14.9655C6.18408 14.6486 6.44363 14.3917 6.7638 14.3917H10.1455C10.4657 14.3917 10.7252 14.6486 10.7252 14.9655C10.7252 15.2825 10.4657 15.5394 10.1455 15.5394H6.7638C6.44363 15.5394 6.18408 15.2825 6.18408 14.9655Z" fill="#EB0203"></path>
                    <path fill-rule="evenodd" clip-rule="evenodd" d="M3.67139 5.77914C3.67139 5.46223 3.93094 5.20532 4.25111 5.20532H4.63759C4.95776 5.20532 5.21731 5.46223 5.21731 5.77914C5.21731 6.09606 4.95776 6.35297 4.63759 6.35297H4.25111C3.93094 6.35297 3.67139 6.09606 3.67139 5.77914Z" fill="#EB0203"></path>
                    <path fill-rule="evenodd" clip-rule="evenodd" d="M3.67139 11.9034C3.67139 11.5865 3.93094 11.3296 4.25111 11.3296H4.63759C4.95776 11.3296 5.21731 11.5865 5.21731 11.9034C5.21731 12.2202 4.95776 12.4771 4.63759 12.4771H4.25111C3.93094 12.4771 3.67139 12.2202 3.67139 11.9034Z" fill="#EB0203"></path>
                    <path fill-rule="evenodd" clip-rule="evenodd" d="M3.67139 8.84116C3.67139 8.52424 3.93094 8.26733 4.25111 8.26733H4.63759C4.95776 8.26733 5.21731 8.52424 5.21731 8.84116C5.21731 9.15807 4.95776 9.41498 4.63759 9.41498H4.25111C3.93094 9.41498 3.67139 9.15807 3.67139 8.84116Z" fill="#EB0203"></path>
                    <path fill-rule="evenodd" clip-rule="evenodd" d="M3.67139 14.9655C3.67139 14.6486 3.93094 14.3917 4.25111 14.3917H4.63759C4.95776 14.3917 5.21731 14.6486 5.21731 14.9655C5.21731 15.2825 4.95776 15.5394 4.63759 15.5394H4.25111C3.93094 15.5394 3.67139 15.2825 3.67139 14.9655Z" fill="#EB0203"></path>
                    <path fill-rule="evenodd" clip-rule="evenodd" d="M0 1.76033C0 0.914738 0.692131 0.229248 1.54592 0.229248H15.0727C15.9265 0.229248 16.6186 0.914738 16.6186 1.76033V11.2818C16.6186 11.5989 16.3591 11.8559 16.0389 11.8559C15.7187 11.8559 15.4592 11.5989 15.4592 11.2818V1.76033C15.4592 1.54893 15.2862 1.37756 15.0727 1.37756H1.54592C1.33247 1.37756 1.15944 1.54893 1.15944 1.76033V18.985C1.15944 19.1964 1.33247 19.3678 1.54592 19.3678H9.27551C9.59568 19.3678 9.85523 19.6249 9.85523 19.942C9.85523 20.2591 9.59568 20.5161 9.27551 20.5161H1.54592C0.692131 20.5161 0 19.8306 0 18.985V1.76033Z" fill="#EB0203"></path>
                    <path fill-rule="evenodd" clip-rule="evenodd" d="M14.6254 13.8718C13.4921 12.8567 11.7821 12.7615 10.6574 13.7147C9.12472 15.0124 9.34891 17.128 10.4413 18.2493L14.0161 21.9126C14.2199 22.1217 14.493 22.2386 14.7824 22.2386C15.0739 22.2386 15.3449 22.1238 15.5487 21.9147L19.1235 18.2514C20.2139 17.13 20.4422 15.0144 18.9075 13.7147C17.7827 12.7634 16.0726 12.8569 14.9392 13.872C14.8856 13.92 14.8333 13.9701 14.7824 14.0222C14.7314 13.97 14.6791 13.9199 14.6254 13.8718ZM18.1546 14.588C19.0972 15.3869 18.9961 16.7262 18.2891 17.4541C18.2888 17.4543 18.2886 17.4546 18.2884 17.4548L14.7834 21.0466L11.2757 17.452C11.2756 17.4519 11.2755 17.4517 11.2753 17.4516C10.5681 16.7252 10.4682 15.3856 11.4108 14.5876L11.4112 14.5872C12.0748 14.0248 13.202 14.0556 13.949 14.8205L14.7824 15.674L15.6158 14.8205C16.3618 14.0567 17.4896 14.0256 18.1545 14.5879" fill="#EB0203"></path>
                    </svg>
                    </button>
                    </div>
                    <div class="col-sm-10 col-12">
                    <div class="ct-tile-quantity d-none" data-pid="7214151">
                    <input type="hidden" class="add-to-cart-url" value="https://www.continente.pt/on/demandware.store/Sites-continente-Site/default/Cart-AddProduct" tabindex="-1">
                    <div class="d-none tile-delete-confirmation-btn" data-pid="7214151" data-delay-time="3000" data-in-cart-msg="no carrinho" data-one-product-added="Adicionado ao carrinho" data-remove-from-cart-msg="Removido do carrinho" data-stay-open="6000.0" data-confirmation-image="{&quot;url&quot;:&quot;https://www.continente.pt/dw/image/v2/BDVS_PRD/on/demandware.static/-/Sites-col-master-catalog/default/dw2180ff1f/images/col/721/7214151-frente.jpg?sw=87&amp;sh=80&quot;,&quot;fallbackimage&quot;:{&quot;url&quot;:&quot;https://www.continente.pt/dw/image/v2/BDVS_PRD/on/demandware.static/Sites-continente-Site/-/default/dw7c42b4da/images/noimagelarge_product.png?sw=87&amp;sh=80&quot;,&quot;title&quot;:&quot;Iogurte Grego Natural Açucarado&quot;,&quot;alt&quot;:&quot;Iogurte Grego Natural Açucarado&quot;},&quot;title&quot;:&quot;Iogurte Grego Natural Açucarado&quot;,&quot;alt&quot;:&quot;Iogurte Grego Natural Açucarado&quot;}"></div>
                    <div class="ct-tile-quantity-update quantity-update product-qty-vue" data-remove-action="https://www.continente.pt/on/demandware.store/Sites-continente-Site/default/Cart-RemoveProductLineItem" data-action="https://www.continente.pt/on/demandware.store/Sites-continente-Site/default/Cart-UpdateQuantity" data-dimension-update="https://www.continente.pt/on/demandware.store/Sites-continente-Site/default/Cart-DimensionUpdate" data-pid="7214151" data-uuid="f8f64b9fb3a8954a8553d77325" data-add-delay="500.0" data-measure-options="{&quot;hasConversionRate&quot;:false,&quot;hasAlternativeSaleUnit&quot;:false,&quot;unitConversionRate&quot;:null,&quot;minOrderQuantity&quot;:1,&quot;stepQuantity&quot;:1,&quot;primaryunit&quot;:&quot;un&quot;,&quot;secondaryunit&quot;:&quot;kg&quot;,&quot;selectedunit&quot;:&quot;primary&quot;,&quot;maxNumberOfUnitsPerSale&quot;:50}" data-price-available="null" :data-has-error="isMaxQtyReached || isMinQtyReached || qtySelectedMoreThanOne">
                    <template v-show="prodUnits">
                    <div class="quantity-input-wrapper has-units">
                    <label class="visually-hidden" :for="'quantity-' + pid + additionalTag">
                    Quantidade no carrinho
                    </label>
                    <input :ref="'quantityInput-' + pid + additionalTag" class="add-to-cart-quantity form-control ct-form-input text-center" inputmode="numeric" :class="{'is-invalid': isInvalid}" :data-pid="pid + additionalTag" :name="'quantity-' + pid + additionalTag" type="text" aria-label="Insira a quantidade" title="" v-model="displayValue" @change="updateQuantity" @focus="updateQtyFormat" @blur="restoreQtyFormat" :disabled="!isPriceAvailable">
                    <span class="quantity-icon quantity-icon--minus">
                    <button class="decrease-quantity-btn" @click="updateQuantity" :disabled="!isPriceAvailable" role="button" aria-label="Reduzir quantidade">
                    <i class="css-math-minus"></i>
                    </button>
                    </span>
                    <span class="quantity-icon quantity-icon--plus">
                    <button class="increase-quantity-btn" @click="updateQuantity" :disabled="isMaxQtyReached || !isPriceAvailable" role="button" aria-label="Aumentar quantidade">
                    <i class="css-math-plus"></i>
                    </button>
                    <span class="quantity-btn-disabled-placeholder"></span>
                    </span>
                    <template v-if="isPDP">
                    <span class="quantity-error ct-span-error text-sm-center product-max-allocation" v-if="isMaxQtyReached">
                    Quantidade máxima atingida
                    </span>
                    <span class="quantity-error ct-span-product text-sm-center product-allocation" v-if="!isMinQtyReached &amp;&amp; !isMaxQtyReached">
                    {{quantitySelected}} no carrinho
                    </span>
                    <span class="quantity-error ct-span-error text-sm-center product-min-allocation" :data-pid="pid" v-if="isMinQtyReached &amp;&amp; !isMaxQtyReached">
                    Quantidade mínima atingida
                    </span>
                    </template>
                    </div>
                    <template v-if="showNotes">
                    <div class="add-note-link-container ">
                    <div class="add-note">
                    <a href="/produto/iogurte-grego-natural-acucarado-oikos-7214151.html?showNote=true" class="ct-add-note-redirect-pdp" aria-label="Adicionar comentário">
                    <span class="svg-wrapper svg-icon-notes" style="width:19px; height:20px">
                    <svg class="svg-inline icon-notes" viewBox="0 0 28 30" xmlns="http://www.w3.org/2000/svg" width="100%" height="100%"><path d="M21.738 0C22.985 0 24 1.04 24 2.319V12.47c0 .469-.37.848-.828.848-.457 0-.827-.38-.827-.848V2.32c0-.343-.273-.622-.607-.622H2.262c-.334 0-.607.279-.607.622V27.68c0 .343.273.622.607.622h7.81c.457 0 .827.38.827.849 0 .468-.37.848-.827.848h-7.81C1.015 30 0 28.96 0 27.681V2.32C0 1.04 1.015 0 2.262 0h19.476zm2.844 16.004l.227.007c.823.053 1.589.39 2.176.964.64.627.993 1.46.993 2.349 0 .888-.353 1.722-.993 2.348l-6.83 6.665c-.11.108-.247.186-.397.226l-5.032 1.363c-.078.021-.16.032-.241.032-.242 0-.478-.097-.647-.266-.23-.231-.314-.566-.218-.874l1.49-4.798c.044-.139.122-.266.227-.369l6.844-6.677c.64-.625 1.493-.97 2.401-.97zm-2.886 3.94l-4.922 4.802-.947 3.048 3.22-.872 4.897-4.78-2.248-2.197zm2.887-2.174c-.425 0-.824.162-1.124.455l-.484.472 2.248 2.197.484-.472c.62-.606.62-1.591 0-2.197l-.117-.104c-.283-.227-.636-.35-1.007-.35zm-10.839.022c.498 0 .904.396.904.883 0 .488-.406.884-.904.884H5.946c-.499 0-.904-.396-.904-.884 0-.487.405-.883.904-.883zm5.042-4.876c.498 0 .904.397.904.884s-.406.884-.904.884H5.946c-.499 0-.904-.397-.904-.884s.405-.884.904-.884zm0-4.875c.498 0 .904.396.904.884 0 .487-.406.883-.904.883H5.946c-.499 0-.904-.396-.904-.883 0-.488.405-.884.904-.884z" fill="#EB0203" fill-rule="evenodd"></path></svg>
                    </span>
                    <div class="available-note d-none"></div>
                    </a>
                    </div>
                    </div>
                    </template>
                    <div class="measurement-unit-section" v-if="isPriceAvailable &amp;&amp; prodUnits ? prodUnits.hasAlternativeUnit : false">
                    <div class="ct-form-radio" @click="setDimension">
                    <input type="radio" title="" class="ct-form-check-input product-measurement-unit" :data-type="prodUnits.selectedUnit == prodUnits.secondaryUnit ? 'primary' : ''" :id="prodUnits.secondaryUnit + '-' + pid + '-measurement-unit-ptile' + additionalTag" :name="'measurement-unit-' + pid + '-ptile' + additionalTag" :value="prodUnits.secondaryUnit" v-model="prodUnits.selectedUnit">
                    <label :class="prodUnits.secondaryUnit + '-label ct-form-check-label mb-0'" :for="prodUnits.secondaryUnit + '-' + pid + '-measurement-unit-ptile' + additionalTag">
                    {{prodUnits.secondaryUnit}}
                    </label>
                    <span class="checkmark"></span>
                    </div>
                    <div class="ct-form-radio" @click="setDimension">
                    <input type="radio" title="" class="ct-form-check-input product-measurement-unit" :data-type="prodUnits.selectedUnit == prodUnits.primaryUnit ? 'primary' : ''" :id="prodUnits.primaryUnit + '-' + pid + '-measurement-unit-ptile' + additionalTag" :name="'measurement-unit-' + pid + '-ptile' + additionalTag" :value="prodUnits.primaryUnit" v-model="prodUnits.selectedUnit">
                    <label :class="prodUnits.primaryUnit + '-label ct-form-check-label mb-0'" :for="prodUnits.primaryUnit + '-' + pid + '-measurement-unit-ptile' + additionalTag">
                    {{prodUnits.primaryUnit}}
                    </label>
                    <span class="checkmark"></span>
                    </div>
                    </div>
                    <template v-if="!isPDP &amp;&amp; isPriceAvailable">
                    <span class="quantity-error ct-span-error product-max-allocation" v-if="isMaxQtyReached">
                    Quantidade máxima atingida
                    </span>
                    <span class="quantity-error ct-span-product product-allocation" v-if="!isMinQtyReached &amp;&amp; !isMaxQtyReached">
                    {{quantitySelected}} no carrinho
                    </span>
                    <span class="quantity-error ct-span-error product-min-allocation" :data-pid="pid" v-if="isMinQtyReached &amp;&amp; !isMaxQtyReached">
                    Quantidade mínima atingida
                    </span>
                    </template>
                    </template>
                    </div>
                    <input class="quantity-value-mask d-none" name="quantity" type="number" min="0" value="" tabindex="-1">
                    </div>
                    <button type="button" class="add-to-cart button js-add-to-cart js-add-to-cart-tile 7214151 button--primary dynamic-layout-btn" data-toggle="modal" data-target="#chooseBonusProductModal" data-pid="7214151" data-quantity-value="null" aria-label="Carrinho" tabindex="-1">
                    <span class="d-block d-sm-none">
                    <span class="svg-wrapper svg-icon-cart" style="width:20px; height:20px">
                    <svg class="svg-inline icon-cart" xmlns="http://www.w3.org/2000/svg" viewBox="0 0 500 500" width="100%" height="100%"><path fill="#EB0203" fill-rule="evenodd" d="M 485.67317,94.386311 C 476.37798,83.847129 463.09468,78.03348 448.30404,78.03348 H 90.690813 L 87.079511,51.327997 C 83.185582,22.539551 62.962285,0 41.011841,0 H 14.727836 C 6.563151,0 0,6.5286975 0,14.580758 c 0,8.05206 6.5945535,14.580758 14.727836,14.580758 h 26.284005 c 4.710398,0 14.696435,9.855222 16.894619,26.021523 L 100.01739,368.0631 c 1.88416,13.77244 9.01256,26.70549 20.1605,36.37417 8.25889,7.15046 18.02511,11.9071 28.26237,13.89679 -4.17655,7.58572 -6.53175,16.25957 -6.53175,25.493 0,29.53459 24.27424,53.59751 54.13815,53.59751 29.8325,0 54.13814,-24.03184 54.13814,-53.59751 0,-8.79818 -2.19818,-17.09897 -5.9979,-24.43598 h 77.12488 c -3.79973,7.33701 -5.96652,15.6378 -5.96652,24.43598 0,29.53459 24.27424,53.59751 54.13817,53.59751 29.83249,0 54.13814,-24.03184 54.13814,-53.59751 0,-8.79818 -2.1982,-17.09897 -5.9979,-24.43598 h 38.56243 c 8.13328,0 14.72783,-6.5287 14.72783,-14.61183 0,-8.02098 -6.59455,-14.54967 -14.72783,-14.54967 H 159.24277 c -14.38241,0 -28.13677,-11.90711 -30.02092,-26.02153 l -3.07746,-22.88154 h 290.6314 c 14.03698,0 27.94834,-5.28513 39.06488,-14.95381 11.11652,-9.6376 18.27632,-22.57065 20.16048,-36.37417 l 21.10259,-156.78201 c 1.94694,-14.51858 -2.10398,-28.29103 -11.43057,-38.861299 z M 220.76053,443.82706 c 0,13.49265 -11.08513,24.46709 -24.68247,24.46709 -13.62874,0 -24.71387,-10.97444 -24.71387,-24.46709 0,-13.49262 11.08513,-24.43598 24.71387,-24.43598 13.59734,0 24.68247,10.94336 24.68247,24.43598 z m 173.43675,0 c 0,13.49265 -11.08512,24.46709 -24.68245,24.46709 -13.62876,0 -24.71388,-10.97444 -24.71388,-24.46709 0,-13.49262 11.08512,-24.43598 24.71388,-24.43598 13.59733,0 24.68245,10.94336 24.68245,24.43598 z m 73.7648,-314.46558 -21.13397,156.782 c -1.88416,14.11442 -15.63851,26.05261 -30.02091,26.05261 H 122.25046 L 94.616142,107.19499 H 448.33544 c 6.18632,0 11.61896,2.2695 15.23028,6.37326 3.64269,4.13484 5.21283,9.73086 4.39636,15.79323 z"></path></svg>
                    </span>
                    </span>
                    <span class="add-to-cart--text d-none d-sm-block">Carrinho</span>
                    </button>
                    </div>
                    </div>
                    </div>
                    </div>
                    
                    <div class="col-12 d-sm-none">
                    </div>
                    </div>
                    </div>
                    </div>
                    </div><div class="pd-tile-wrap slick-slide slick-cloned" data-idx="2" style="width: 276px; height: auto;" data-slick-index="11" id="" aria-hidden="true" tabindex="-1">
                    
                    <script type="text/javascript">//<!--
                    /* <![CDATA[ */
                    (function(){
                    try {
                        if(window.CQuotient) {
                            var cq_params = {};
                            cq_params.cookieId = window.CQuotient.getCQCookieId();
                            cq_params.userId = window.CQuotient.getCQUserId();
                            cq_params.emailId = CQuotient.getCQHashedEmail();
                            cq_params.loginId = CQuotient.getCQHashedLogin();
                            cq_params.accumulate = true;
                            cq_params.products = [{
                                id: '5248728',
                                sku: '',
                                type: '',
                                alt_id: ''
                            }];
                            cq_params.recommenderName = '__UNDEFINED__';
                            cq_params.realm = "BDVS";
                            cq_params.siteId = "continente";
                            cq_params.instanceType = "prd";
                            cq_params.locale = window.CQuotient.locale;
                            cq_params.slotId = '';
                            cq_params.slotConfigId = '';
                            cq_params.slotConfigTemplate = '';
                            if(window.CQuotient.sendActivity)
                                window.CQuotient.sendActivity( CQuotient.clientId, 'viewReco', cq_params );
                            else
                                window.CQuotient.activities.push( {activityType: 'viewReco', parameters: cq_params} );
                        }
                    } catch(err) {}
                    })();
                    /* ]]> */
                    // -->
                    </script>
                    <script type="text/javascript">//<!--
                    /* <![CDATA[ (viewProduct-active_data.js) */
                    dw.ac._capture({id: "5248728", type: "recommendation"});
                    /* ]]> */
                    // -->
                    </script>
                    <div class="product" data-pid="5248728">
                    <div class="product-tile pid-5248728   ct-product-tile " data-delay-time="3000" data-variants-mapping="[]" data-in-cart-msg="no carrinho" data-one-product-added="Adicionado ao carrinho" data-remove-from-cart-msg="Removido do carrinho" data-stay-open="6000.0" data-product-tile-impression="{&quot;name&quot;:&quot;5248728&quot;,&quot;id&quot;:&quot;5248728&quot;,&quot;price&quot;:1.79,&quot;brand&quot;:&quot;Danonino&quot;,&quot;category&quot;:[{&quot;category_level_1&quot;:&quot;Laticínios e Ovos&quot;},{&quot;category_level_2&quot;:&quot;Iogurtes&quot;},{&quot;category_level_3&quot;:&quot;Iogurtes Infantis&quot;}],&quot;variant&quot;:&quot;&quot;}">
                    <div class="ct-inner-tile-wrap row no-gutters justify-content-center align-content-start">
                    <div class="ct-product-tile-badge ct-product-tile-badge--promotional">
                    <img class="img-fluid lazyloaded" loading="lazy" data-src="https://www.continente.pt/dw/image/v2/BDVS_PRD/on/demandware.static/-/Sites-continente-Library/default/dwf5980f2e/images/badges/pvpr/col/pvpr.png?sw=60&amp;sh=42" alt="PVP Recomendado: €2,29/un" title="PVP Recomendado: €2,29/un" src="https://www.continente.pt/dw/image/v2/BDVS_PRD/on/demandware.static/-/Sites-continente-Library/default/dwf5980f2e/images/badges/pvpr/col/pvpr.png?sw=60&amp;sh=42">
                    <div class="ct-product-tile-badge-value-wrapper ct-product-tile-badge-value-wrapper--pvpr  ">
                    <div class="ct-product-tile-badge-addition d-flex flex-column align-self-center text-center">
                    <span class="ct-product-tile-badge-addition--sign">
                    +
                    </span>
                    <span class="ct-product-tile-badge-addition--text">
                    DE
                    </span>
                    </div>
                    <span class="ct-product-tile-badge-value--pvpr">
                    20
                    </span>
                    <span class="ct-product-tile-badge-value--pvpr-quantifier ">
                    %
                    </span>
                    </div>
                    </div>
                    
                    <div class="ct-image-container col-4 col-sm" data-confirmation-image="{&quot;url&quot;:&quot;https://www.continente.pt/dw/image/v2/BDVS_PRD/on/demandware.static/-/Sites-col-master-catalog/default/dw02ce3162/images/col/524/5248728-frente.jpg?sw=87&amp;sh=80&quot;,&quot;fallbackimage&quot;:{&quot;url&quot;:&quot;https://www.continente.pt/dw/image/v2/BDVS_PRD/on/demandware.static/Sites-continente-Site/-/default/dw7c42b4da/images/noimagelarge_product.png?sw=87&amp;sh=80&quot;,&quot;title&quot;:&quot;Iogurte Líquido Morango Infantil&quot;,&quot;alt&quot;:&quot;Iogurte Líquido Morango Infantil&quot;},&quot;title&quot;:&quot;Iogurte Líquido Morango Infantil&quot;,&quot;alt&quot;:&quot;Iogurte Líquido Morango Infantil&quot;}">
                    <a href="https://www.continente.pt/produto/iogurte-liquido-morango-infantil-danonino-5248728.html?cgid=home" tabindex="-1">
                    <picture class="intrinsic intrinsic--square">
                    <img class="ct-tile-image lazyloaded" loading="lazy" onerror="this.onerror=null;this.src='/on/demandware.static/Sites-continente-Site/-/default/dw7c42b4da/images/noimagelarge_product.png';" data-src="https://www.continente.pt/dw/image/v2/BDVS_PRD/on/demandware.static/-/Sites-col-master-catalog/default/dw02ce3162/images/col/524/5248728-frente.jpg?sw=280&amp;sh=280" alt="Iogurte Líquido Morango Infantil" title="Iogurte Líquido Morango Infantil" src="https://www.continente.pt/dw/image/v2/BDVS_PRD/on/demandware.static/-/Sites-col-master-catalog/default/dw02ce3162/images/col/524/5248728-frente.jpg?sw=280&amp;sh=280">
                    </picture>
                    </a>
                    <div class="color-swatches d-flex" style="margin-left: 5px;">
                    <div class="swatches d-flex">
                    </div>
                    </div>
                    </div>
                    <div class="ct-tile-body col col-sm-auto ">
                    <div class="ct-pdp-details">
                    <div class="ct-pdp-link">
                    <a class="ct-tile--description" href="https://www.continente.pt/produto/iogurte-liquido-morango-infantil-danonino-5248728.html?cgid=home" tabindex="-1">Iogurte Líquido Morango Infantil</a>
                    <div class="ct-tile--favorite-top d-sm-none">
                    <button class="wishlist-toggler guest-mode inactive button button--tertiary" data-pid="5248728" data-add-url="https://www.continente.pt/on/demandware.store/Sites-continente-Site/default/Wishlist-AddProduct?pid=5248728" data-toggle="tooltip" aria-label="Adicionar aos favoritos " data-original-title="Adicionar aos favoritos" data-placement="top" tabindex="-1">
                    <svg class="active-content" width="100%" height="100%" viewBox="0 0 20 22" fill="none" xmlns="http://www.w3.org/2000/svg">
                    <path fill-rule="evenodd" clip-rule="evenodd" d="M0 1.53052C0 0.685236 0.692171 0 1.54601 0H15.0736C15.9274 0 16.6196 0.685235 16.6196 1.53052V13.4064L15.8127 13.922L14.2658 14.2658L12.7189 13.4064L10.6054 14.3818C10.4994 14.2451 10.3327 14.157 10.1452 14.157H6.76329C6.4431 14.157 6.18354 14.414 6.18354 14.731C6.18354 15.0479 6.4431 15.3049 6.76329 15.3049H10.1452C10.2478 15.3049 10.3441 15.2785 10.4277 15.2322L10.3126 16.8439L13.2345 20.2793H1.54601C0.69217 20.2793 0 19.5941 0 18.7488V1.53052ZM6.18354 5.5483C6.18354 5.23132 6.4431 4.97436 6.76329 4.97436H12.3676C12.6878 4.97436 12.9473 5.23132 12.9473 5.5483C12.9473 5.86528 12.6878 6.12224 12.3676 6.12224H6.76329C6.4431 6.12224 6.18354 5.86528 6.18354 5.5483ZM6.76329 11.0961C6.4431 11.0961 6.18354 11.3531 6.18354 11.6701C6.18354 11.987 6.4431 12.244 6.76329 12.244H12.3676C12.6878 12.244 12.9473 11.987 12.9473 11.6701C12.9473 11.3531 12.6878 11.0961 12.3676 11.0961H6.76329ZM6.18354 8.60985C6.18354 8.29287 6.4431 8.03591 6.76329 8.03591H12.3676C12.6878 8.03591 12.9473 8.29287 12.9473 8.60985C12.9473 8.92684 12.6878 9.1838 12.3676 9.1838H6.76329C6.4431 9.1838 6.18354 8.92684 6.18354 8.60985ZM3.67118 5.5483C3.67118 5.23132 3.93075 4.97436 4.25093 4.97436H4.63743C4.95762 4.97436 5.21719 5.23132 5.21719 5.5483C5.21719 5.86528 4.95762 6.12224 4.63743 6.12224H4.25093C3.93075 6.12224 3.67118 5.86528 3.67118 5.5483ZM4.25093 11.0961C3.93075 11.0961 3.67118 11.3531 3.67118 11.6701C3.67118 11.987 3.93075 12.244 4.25093 12.244H4.63743C4.95762 12.244 5.21719 11.987 5.21719 11.6701C5.21719 11.3531 4.95762 11.0961 4.63743 11.0961H4.25093ZM3.67118 8.60985C3.67118 8.29287 3.93075 8.03591 4.25093 8.03591H4.63743C4.95762 8.03591 5.21719 8.29287 5.21719 8.60985C5.21719 8.92684 4.95762 9.1838 4.63743 9.1838H4.25093C3.93075 9.1838 3.67118 8.92684 3.67118 8.60985ZM4.25093 14.157C3.93075 14.157 3.67118 14.414 3.67118 14.731C3.67118 15.0479 3.93075 15.3049 4.25093 15.3049H4.63743C4.95762 15.3049 5.21719 15.0479 5.21719 14.731C5.21719 14.414 4.95762 14.157 4.63743 14.157H4.25093Z" fill="#EB0203"></path>
                    <path fill-rule="evenodd" clip-rule="evenodd" d="M14.6252 13.6363C13.4918 12.6215 11.7817 12.5264 10.6569 13.4792C9.12421 14.7764 9.34841 16.8912 10.4409 18.0122L14.0159 21.6742C14.2197 21.8832 14.4928 22 14.7822 22C15.0737 22 15.3448 21.8852 15.5486 21.6762L19.1236 18.0142C20.214 16.8933 20.4423 14.7785 18.9075 13.4792C17.7827 12.5283 16.0724 12.6217 14.9391 13.6365C14.8855 13.6845 14.8331 13.7345 14.7822 13.7866C14.7313 13.7345 14.6789 13.6843 14.6252 13.6363ZM18.1546 14.3522C19.0973 15.1508 18.9962 16.4896 18.2891 17.2173C18.2888 17.2175 18.2886 17.2177 18.2884 17.218L14.7832 20.8084L11.2753 17.2151C11.2752 17.215 11.2751 17.2149 11.2749 17.2148C10.5677 16.4887 10.4678 15.1495 11.4104 14.3518L11.4108 14.3514C12.0745 13.7892 13.2018 13.82 13.9488 14.5846L14.7822 15.4378L15.6157 14.5846C16.3617 13.8211 17.4896 13.79 18.1545 14.3521" fill="#EB0203"></path>
                    </svg>
                    <svg class="inactive-content" width="100%" height="100%" viewBox="0 0 20 23" fill="none" xmlns="http://www.w3.org/2000/svg">
                    <path fill-rule="evenodd" clip-rule="evenodd" d="M6.18408 5.77914C6.18408 5.46223 6.44363 5.20532 6.7638 5.20532H12.3678C12.6879 5.20532 12.9475 5.46223 12.9475 5.77914C12.9475 6.09606 12.6879 6.35297 12.3678 6.35297H6.7638C6.44363 6.35297 6.18408 6.09606 6.18408 5.77914Z" fill="#EB0203"></path>
                    <path fill-rule="evenodd" clip-rule="evenodd" d="M6.18408 11.9034C6.18408 11.5865 6.44363 11.3296 6.7638 11.3296H12.3678C12.6879 11.3296 12.9475 11.5865 12.9475 11.9034C12.9475 12.2202 12.6879 12.4771 12.3678 12.4771H6.7638C6.44363 12.4771 6.18408 12.2202 6.18408 11.9034Z" fill="#EB0203"></path>
                    <path fill-rule="evenodd" clip-rule="evenodd" d="M6.18408 8.84116C6.18408 8.52424 6.44363 8.26733 6.7638 8.26733H12.3678C12.6879 8.26733 12.9475 8.52424 12.9475 8.84116C12.9475 9.15807 12.6879 9.41498 12.3678 9.41498H6.7638C6.44363 9.41498 6.18408 9.15807 6.18408 8.84116Z" fill="#EB0203"></path>
                    <path fill-rule="evenodd" clip-rule="evenodd" d="M6.18408 14.9655C6.18408 14.6486 6.44363 14.3917 6.7638 14.3917H10.1455C10.4657 14.3917 10.7252 14.6486 10.7252 14.9655C10.7252 15.2825 10.4657 15.5394 10.1455 15.5394H6.7638C6.44363 15.5394 6.18408 15.2825 6.18408 14.9655Z" fill="#EB0203"></path>
                    <path fill-rule="evenodd" clip-rule="evenodd" d="M3.67139 5.77914C3.67139 5.46223 3.93094 5.20532 4.25111 5.20532H4.63759C4.95776 5.20532 5.21731 5.46223 5.21731 5.77914C5.21731 6.09606 4.95776 6.35297 4.63759 6.35297H4.25111C3.93094 6.35297 3.67139 6.09606 3.67139 5.77914Z" fill="#EB0203"></path>
                    <path fill-rule="evenodd" clip-rule="evenodd" d="M3.67139 11.9034C3.67139 11.5865 3.93094 11.3296 4.25111 11.3296H4.63759C4.95776 11.3296 5.21731 11.5865 5.21731 11.9034C5.21731 12.2202 4.95776 12.4771 4.63759 12.4771H4.25111C3.93094 12.4771 3.67139 12.2202 3.67139 11.9034Z" fill="#EB0203"></path>
                    <path fill-rule="evenodd" clip-rule="evenodd" d="M3.67139 8.84116C3.67139 8.52424 3.93094 8.26733 4.25111 8.26733H4.63759C4.95776 8.26733 5.21731 8.52424 5.21731 8.84116C5.21731 9.15807 4.95776 9.41498 4.63759 9.41498H4.25111C3.93094 9.41498 3.67139 9.15807 3.67139 8.84116Z" fill="#EB0203"></path>
                    <path fill-rule="evenodd" clip-rule="evenodd" d="M3.67139 14.9655C3.67139 14.6486 3.93094 14.3917 4.25111 14.3917H4.63759C4.95776 14.3917 5.21731 14.6486 5.21731 14.9655C5.21731 15.2825 4.95776 15.5394 4.63759 15.5394H4.25111C3.93094 15.5394 3.67139 15.2825 3.67139 14.9655Z" fill="#EB0203"></path>
                    <path fill-rule="evenodd" clip-rule="evenodd" d="M0 1.76033C0 0.914738 0.692131 0.229248 1.54592 0.229248H15.0727C15.9265 0.229248 16.6186 0.914738 16.6186 1.76033V11.2818C16.6186 11.5989 16.3591 11.8559 16.0389 11.8559C15.7187 11.8559 15.4592 11.5989 15.4592 11.2818V1.76033C15.4592 1.54893 15.2862 1.37756 15.0727 1.37756H1.54592C1.33247 1.37756 1.15944 1.54893 1.15944 1.76033V18.985C1.15944 19.1964 1.33247 19.3678 1.54592 19.3678H9.27551C9.59568 19.3678 9.85523 19.6249 9.85523 19.942C9.85523 20.2591 9.59568 20.5161 9.27551 20.5161H1.54592C0.692131 20.5161 0 19.8306 0 18.985V1.76033Z" fill="#EB0203"></path>
                    <path fill-rule="evenodd" clip-rule="evenodd" d="M14.6254 13.8718C13.4921 12.8567 11.7821 12.7615 10.6574 13.7147C9.12472 15.0124 9.34891 17.128 10.4413 18.2493L14.0161 21.9126C14.2199 22.1217 14.493 22.2386 14.7824 22.2386C15.0739 22.2386 15.3449 22.1238 15.5487 21.9147L19.1235 18.2514C20.2139 17.13 20.4422 15.0144 18.9075 13.7147C17.7827 12.7634 16.0726 12.8569 14.9392 13.872C14.8856 13.92 14.8333 13.9701 14.7824 14.0222C14.7314 13.97 14.6791 13.9199 14.6254 13.8718ZM18.1546 14.588C19.0972 15.3869 18.9961 16.7262 18.2891 17.4541C18.2888 17.4543 18.2886 17.4546 18.2884 17.4548L14.7834 21.0466L11.2757 17.452C11.2756 17.4519 11.2755 17.4517 11.2753 17.4516C10.5681 16.7252 10.4682 15.3856 11.4108 14.5876L11.4112 14.5872C12.0748 14.0248 13.202 14.0556 13.949 14.8205L14.7824 15.674L15.6158 14.8205C16.3618 14.0567 17.4896 14.0256 18.1545 14.5879" fill="#EB0203"></path>
                    </svg>
                    </button>
                    </div>
                    </div>
                    <p class="ct-tile--brand">Danonino</p>
                    <p class="ct-tile--quantity">emb. 400 gr (4 un)</p>
                    </div>
                    <div class="ct-tile-bottom row no-gutters justify-content-between">
                    <div class="ct-price-wrap col-8 col-sm-12">
                    <div class="price js-product-price">
                    <div class="prices-wrapper">
                    <span class="sales ct-tile--price-primary ">
                    <span class="value" content="1.79">
                    <span class="ct-price-formatted">
                    €1,79
                    </span>
                    <span class="ct-m-unit">
                    /un
                    </span>
                    </span>
                    </span>
                    </div>
                    <div class="ct-tile--price-secondary">
                    <span class="ct-price-value">
                    €4,48
                    </span>
                    <span class="ct-m-unit">
                    /kg
                    </span>
                    </div>
                    <p class="ct-discount-amount ct-discount-amount-pvpr">PVP Recomendado: €2,29/un</p>
                    </div>
                    </div>
                    <div class="ct-tile-buy-section d-flex justify-content-center no-gutters col-auto col-sm-12">
                    <div class="col-2 d-sm-flex d-none">
                    <button class="wishlist-toggler guest-mode inactive button button--tertiary" data-pid="5248728" data-add-url="https://www.continente.pt/on/demandware.store/Sites-continente-Site/default/Wishlist-AddProduct?pid=5248728" data-toggle="tooltip" aria-label="Adicionar aos favoritos " data-original-title="Adicionar aos favoritos" data-placement="top" tabindex="-1">
                    <svg class="active-content" width="100%" height="100%" viewBox="0 0 20 22" fill="none" xmlns="http://www.w3.org/2000/svg">
                    <path fill-rule="evenodd" clip-rule="evenodd" d="M0 1.53052C0 0.685236 0.692171 0 1.54601 0H15.0736C15.9274 0 16.6196 0.685235 16.6196 1.53052V13.4064L15.8127 13.922L14.2658 14.2658L12.7189 13.4064L10.6054 14.3818C10.4994 14.2451 10.3327 14.157 10.1452 14.157H6.76329C6.4431 14.157 6.18354 14.414 6.18354 14.731C6.18354 15.0479 6.4431 15.3049 6.76329 15.3049H10.1452C10.2478 15.3049 10.3441 15.2785 10.4277 15.2322L10.3126 16.8439L13.2345 20.2793H1.54601C0.69217 20.2793 0 19.5941 0 18.7488V1.53052ZM6.18354 5.5483C6.18354 5.23132 6.4431 4.97436 6.76329 4.97436H12.3676C12.6878 4.97436 12.9473 5.23132 12.9473 5.5483C12.9473 5.86528 12.6878 6.12224 12.3676 6.12224H6.76329C6.4431 6.12224 6.18354 5.86528 6.18354 5.5483ZM6.76329 11.0961C6.4431 11.0961 6.18354 11.3531 6.18354 11.6701C6.18354 11.987 6.4431 12.244 6.76329 12.244H12.3676C12.6878 12.244 12.9473 11.987 12.9473 11.6701C12.9473 11.3531 12.6878 11.0961 12.3676 11.0961H6.76329ZM6.18354 8.60985C6.18354 8.29287 6.4431 8.03591 6.76329 8.03591H12.3676C12.6878 8.03591 12.9473 8.29287 12.9473 8.60985C12.9473 8.92684 12.6878 9.1838 12.3676 9.1838H6.76329C6.4431 9.1838 6.18354 8.92684 6.18354 8.60985ZM3.67118 5.5483C3.67118 5.23132 3.93075 4.97436 4.25093 4.97436H4.63743C4.95762 4.97436 5.21719 5.23132 5.21719 5.5483C5.21719 5.86528 4.95762 6.12224 4.63743 6.12224H4.25093C3.93075 6.12224 3.67118 5.86528 3.67118 5.5483ZM4.25093 11.0961C3.93075 11.0961 3.67118 11.3531 3.67118 11.6701C3.67118 11.987 3.93075 12.244 4.25093 12.244H4.63743C4.95762 12.244 5.21719 11.987 5.21719 11.6701C5.21719 11.3531 4.95762 11.0961 4.63743 11.0961H4.25093ZM3.67118 8.60985C3.67118 8.29287 3.93075 8.03591 4.25093 8.03591H4.63743C4.95762 8.03591 5.21719 8.29287 5.21719 8.60985C5.21719 8.92684 4.95762 9.1838 4.63743 9.1838H4.25093C3.93075 9.1838 3.67118 8.92684 3.67118 8.60985ZM4.25093 14.157C3.93075 14.157 3.67118 14.414 3.67118 14.731C3.67118 15.0479 3.93075 15.3049 4.25093 15.3049H4.63743C4.95762 15.3049 5.21719 15.0479 5.21719 14.731C5.21719 14.414 4.95762 14.157 4.63743 14.157H4.25093Z" fill="#EB0203"></path>
                    <path fill-rule="evenodd" clip-rule="evenodd" d="M14.6252 13.6363C13.4918 12.6215 11.7817 12.5264 10.6569 13.4792C9.12421 14.7764 9.34841 16.8912 10.4409 18.0122L14.0159 21.6742C14.2197 21.8832 14.4928 22 14.7822 22C15.0737 22 15.3448 21.8852 15.5486 21.6762L19.1236 18.0142C20.214 16.8933 20.4423 14.7785 18.9075 13.4792C17.7827 12.5283 16.0724 12.6217 14.9391 13.6365C14.8855 13.6845 14.8331 13.7345 14.7822 13.7866C14.7313 13.7345 14.6789 13.6843 14.6252 13.6363ZM18.1546 14.3522C19.0973 15.1508 18.9962 16.4896 18.2891 17.2173C18.2888 17.2175 18.2886 17.2177 18.2884 17.218L14.7832 20.8084L11.2753 17.2151C11.2752 17.215 11.2751 17.2149 11.2749 17.2148C10.5677 16.4887 10.4678 15.1495 11.4104 14.3518L11.4108 14.3514C12.0745 13.7892 13.2018 13.82 13.9488 14.5846L14.7822 15.4378L15.6157 14.5846C16.3617 13.8211 17.4896 13.79 18.1545 14.3521" fill="#EB0203"></path>
                    </svg>
                    <svg class="inactive-content" width="100%" height="100%" viewBox="0 0 20 23" fill="none" xmlns="http://www.w3.org/2000/svg">
                    <path fill-rule="evenodd" clip-rule="evenodd" d="M6.18408 5.77914C6.18408 5.46223 6.44363 5.20532 6.7638 5.20532H12.3678C12.6879 5.20532 12.9475 5.46223 12.9475 5.77914C12.9475 6.09606 12.6879 6.35297 12.3678 6.35297H6.7638C6.44363 6.35297 6.18408 6.09606 6.18408 5.77914Z" fill="#EB0203"></path>
                    <path fill-rule="evenodd" clip-rule="evenodd" d="M6.18408 11.9034C6.18408 11.5865 6.44363 11.3296 6.7638 11.3296H12.3678C12.6879 11.3296 12.9475 11.5865 12.9475 11.9034C12.9475 12.2202 12.6879 12.4771 12.3678 12.4771H6.7638C6.44363 12.4771 6.18408 12.2202 6.18408 11.9034Z" fill="#EB0203"></path>
                    <path fill-rule="evenodd" clip-rule="evenodd" d="M6.18408 8.84116C6.18408 8.52424 6.44363 8.26733 6.7638 8.26733H12.3678C12.6879 8.26733 12.9475 8.52424 12.9475 8.84116C12.9475 9.15807 12.6879 9.41498 12.3678 9.41498H6.7638C6.44363 9.41498 6.18408 9.15807 6.18408 8.84116Z" fill="#EB0203"></path>
                    <path fill-rule="evenodd" clip-rule="evenodd" d="M6.18408 14.9655C6.18408 14.6486 6.44363 14.3917 6.7638 14.3917H10.1455C10.4657 14.3917 10.7252 14.6486 10.7252 14.9655C10.7252 15.2825 10.4657 15.5394 10.1455 15.5394H6.7638C6.44363 15.5394 6.18408 15.2825 6.18408 14.9655Z" fill="#EB0203"></path>
                    <path fill-rule="evenodd" clip-rule="evenodd" d="M3.67139 5.77914C3.67139 5.46223 3.93094 5.20532 4.25111 5.20532H4.63759C4.95776 5.20532 5.21731 5.46223 5.21731 5.77914C5.21731 6.09606 4.95776 6.35297 4.63759 6.35297H4.25111C3.93094 6.35297 3.67139 6.09606 3.67139 5.77914Z" fill="#EB0203"></path>
                    <path fill-rule="evenodd" clip-rule="evenodd" d="M3.67139 11.9034C3.67139 11.5865 3.93094 11.3296 4.25111 11.3296H4.63759C4.95776 11.3296 5.21731 11.5865 5.21731 11.9034C5.21731 12.2202 4.95776 12.4771 4.63759 12.4771H4.25111C3.93094 12.4771 3.67139 12.2202 3.67139 11.9034Z" fill="#EB0203"></path>
                    <path fill-rule="evenodd" clip-rule="evenodd" d="M3.67139 8.84116C3.67139 8.52424 3.93094 8.26733 4.25111 8.26733H4.63759C4.95776 8.26733 5.21731 8.52424 5.21731 8.84116C5.21731 9.15807 4.95776 9.41498 4.63759 9.41498H4.25111C3.93094 9.41498 3.67139 9.15807 3.67139 8.84116Z" fill="#EB0203"></path>
                    <path fill-rule="evenodd" clip-rule="evenodd" d="M3.67139 14.9655C3.67139 14.6486 3.93094 14.3917 4.25111 14.3917H4.63759C4.95776 14.3917 5.21731 14.6486 5.21731 14.9655C5.21731 15.2825 4.95776 15.5394 4.63759 15.5394H4.25111C3.93094 15.5394 3.67139 15.2825 3.67139 14.9655Z" fill="#EB0203"></path>
                    <path fill-rule="evenodd" clip-rule="evenodd" d="M0 1.76033C0 0.914738 0.692131 0.229248 1.54592 0.229248H15.0727C15.9265 0.229248 16.6186 0.914738 16.6186 1.76033V11.2818C16.6186 11.5989 16.3591 11.8559 16.0389 11.8559C15.7187 11.8559 15.4592 11.5989 15.4592 11.2818V1.76033C15.4592 1.54893 15.2862 1.37756 15.0727 1.37756H1.54592C1.33247 1.37756 1.15944 1.54893 1.15944 1.76033V18.985C1.15944 19.1964 1.33247 19.3678 1.54592 19.3678H9.27551C9.59568 19.3678 9.85523 19.6249 9.85523 19.942C9.85523 20.2591 9.59568 20.5161 9.27551 20.5161H1.54592C0.692131 20.5161 0 19.8306 0 18.985V1.76033Z" fill="#EB0203"></path>
                    <path fill-rule="evenodd" clip-rule="evenodd" d="M14.6254 13.8718C13.4921 12.8567 11.7821 12.7615 10.6574 13.7147C9.12472 15.0124 9.34891 17.128 10.4413 18.2493L14.0161 21.9126C14.2199 22.1217 14.493 22.2386 14.7824 22.2386C15.0739 22.2386 15.3449 22.1238 15.5487 21.9147L19.1235 18.2514C20.2139 17.13 20.4422 15.0144 18.9075 13.7147C17.7827 12.7634 16.0726 12.8569 14.9392 13.872C14.8856 13.92 14.8333 13.9701 14.7824 14.0222C14.7314 13.97 14.6791 13.9199 14.6254 13.8718ZM18.1546 14.588C19.0972 15.3869 18.9961 16.7262 18.2891 17.4541C18.2888 17.4543 18.2886 17.4546 18.2884 17.4548L14.7834 21.0466L11.2757 17.452C11.2756 17.4519 11.2755 17.4517 11.2753 17.4516C10.5681 16.7252 10.4682 15.3856 11.4108 14.5876L11.4112 14.5872C12.0748 14.0248 13.202 14.0556 13.949 14.8205L14.7824 15.674L15.6158 14.8205C16.3618 14.0567 17.4896 14.0256 18.1545 14.5879" fill="#EB0203"></path>
                    </svg>
                    </button>
                    </div>
                    <div class="col-sm-10 col-12">
                    <div class="ct-tile-quantity d-none" data-pid="5248728">
                    <input type="hidden" class="add-to-cart-url" value="https://www.continente.pt/on/demandware.store/Sites-continente-Site/default/Cart-AddProduct" tabindex="-1">
                    <div class="d-none tile-delete-confirmation-btn" data-pid="5248728" data-delay-time="3000" data-in-cart-msg="no carrinho" data-one-product-added="Adicionado ao carrinho" data-remove-from-cart-msg="Removido do carrinho" data-stay-open="6000.0" data-confirmation-image="{&quot;url&quot;:&quot;https://www.continente.pt/dw/image/v2/BDVS_PRD/on/demandware.static/-/Sites-col-master-catalog/default/dw02ce3162/images/col/524/5248728-frente.jpg?sw=87&amp;sh=80&quot;,&quot;fallbackimage&quot;:{&quot;url&quot;:&quot;https://www.continente.pt/dw/image/v2/BDVS_PRD/on/demandware.static/Sites-continente-Site/-/default/dw7c42b4da/images/noimagelarge_product.png?sw=87&amp;sh=80&quot;,&quot;title&quot;:&quot;Iogurte Líquido Morango Infantil&quot;,&quot;alt&quot;:&quot;Iogurte Líquido Morango Infantil&quot;},&quot;title&quot;:&quot;Iogurte Líquido Morango Infantil&quot;,&quot;alt&quot;:&quot;Iogurte Líquido Morango Infantil&quot;}"></div>
                    <div class="ct-tile-quantity-update quantity-update product-qty-vue" data-remove-action="https://www.continente.pt/on/demandware.store/Sites-continente-Site/default/Cart-RemoveProductLineItem" data-action="https://www.continente.pt/on/demandware.store/Sites-continente-Site/default/Cart-UpdateQuantity" data-dimension-update="https://www.continente.pt/on/demandware.store/Sites-continente-Site/default/Cart-DimensionUpdate" data-pid="5248728" data-uuid="04654da971dec7b5419fcd1302" data-add-delay="500.0" data-measure-options="{&quot;hasConversionRate&quot;:false,&quot;hasAlternativeSaleUnit&quot;:false,&quot;unitConversionRate&quot;:0,&quot;minOrderQuantity&quot;:1,&quot;stepQuantity&quot;:1,&quot;primaryunit&quot;:&quot;un&quot;,&quot;secondaryunit&quot;:&quot;kg&quot;,&quot;selectedunit&quot;:&quot;primary&quot;,&quot;maxNumberOfUnitsPerSale&quot;:50}" data-price-available="null" :data-has-error="isMaxQtyReached || isMinQtyReached || qtySelectedMoreThanOne">
                    <template v-show="prodUnits">
                    <div class="quantity-input-wrapper has-units">
                    <label class="visually-hidden" :for="'quantity-' + pid + additionalTag">
                    Quantidade no carrinho
                    </label>
                    <input :ref="'quantityInput-' + pid + additionalTag" class="add-to-cart-quantity form-control ct-form-input text-center" inputmode="numeric" :class="{'is-invalid': isInvalid}" :data-pid="pid + additionalTag" :name="'quantity-' + pid + additionalTag" type="text" aria-label="Insira a quantidade" title="" v-model="displayValue" @change="updateQuantity" @focus="updateQtyFormat" @blur="restoreQtyFormat" :disabled="!isPriceAvailable">
                    <span class="quantity-icon quantity-icon--minus">
                    <button class="decrease-quantity-btn" @click="updateQuantity" :disabled="!isPriceAvailable" role="button" aria-label="Reduzir quantidade">
                    <i class="css-math-minus"></i>
                    </button>
                    </span>
                    <span class="quantity-icon quantity-icon--plus">
                    <button class="increase-quantity-btn" @click="updateQuantity" :disabled="isMaxQtyReached || !isPriceAvailable" role="button" aria-label="Aumentar quantidade">
                    <i class="css-math-plus"></i>
                    </button>
                    <span class="quantity-btn-disabled-placeholder"></span>
                    </span>
                    <template v-if="isPDP">
                    <span class="quantity-error ct-span-error text-sm-center product-max-allocation" v-if="isMaxQtyReached">
                    Quantidade máxima atingida
                    </span>
                    <span class="quantity-error ct-span-product text-sm-center product-allocation" v-if="!isMinQtyReached &amp;&amp; !isMaxQtyReached">
                    {{quantitySelected}} no carrinho
                    </span>
                    <span class="quantity-error ct-span-error text-sm-center product-min-allocation" :data-pid="pid" v-if="isMinQtyReached &amp;&amp; !isMaxQtyReached">
                    Quantidade mínima atingida
                    </span>
                    </template>
                    </div>
                    <template v-if="showNotes">
                    <div class="add-note-link-container ">
                    <div class="add-note">
                    <a href="/produto/iogurte-liquido-morango-infantil-danonino-5248728.html?showNote=true" class="ct-add-note-redirect-pdp" aria-label="Adicionar comentário">
                    <span class="svg-wrapper svg-icon-notes" style="width:19px; height:20px">
                    <svg class="svg-inline icon-notes" viewBox="0 0 28 30" xmlns="http://www.w3.org/2000/svg" width="100%" height="100%"><path d="M21.738 0C22.985 0 24 1.04 24 2.319V12.47c0 .469-.37.848-.828.848-.457 0-.827-.38-.827-.848V2.32c0-.343-.273-.622-.607-.622H2.262c-.334 0-.607.279-.607.622V27.68c0 .343.273.622.607.622h7.81c.457 0 .827.38.827.849 0 .468-.37.848-.827.848h-7.81C1.015 30 0 28.96 0 27.681V2.32C0 1.04 1.015 0 2.262 0h19.476zm2.844 16.004l.227.007c.823.053 1.589.39 2.176.964.64.627.993 1.46.993 2.349 0 .888-.353 1.722-.993 2.348l-6.83 6.665c-.11.108-.247.186-.397.226l-5.032 1.363c-.078.021-.16.032-.241.032-.242 0-.478-.097-.647-.266-.23-.231-.314-.566-.218-.874l1.49-4.798c.044-.139.122-.266.227-.369l6.844-6.677c.64-.625 1.493-.97 2.401-.97zm-2.886 3.94l-4.922 4.802-.947 3.048 3.22-.872 4.897-4.78-2.248-2.197zm2.887-2.174c-.425 0-.824.162-1.124.455l-.484.472 2.248 2.197.484-.472c.62-.606.62-1.591 0-2.197l-.117-.104c-.283-.227-.636-.35-1.007-.35zm-10.839.022c.498 0 .904.396.904.883 0 .488-.406.884-.904.884H5.946c-.499 0-.904-.396-.904-.884 0-.487.405-.883.904-.883zm5.042-4.876c.498 0 .904.397.904.884s-.406.884-.904.884H5.946c-.499 0-.904-.397-.904-.884s.405-.884.904-.884zm0-4.875c.498 0 .904.396.904.884 0 .487-.406.883-.904.883H5.946c-.499 0-.904-.396-.904-.883 0-.488.405-.884.904-.884z" fill="#EB0203" fill-rule="evenodd"></path></svg>
                    </span>
                    <div class="available-note d-none"></div>
                    </a>
                    </div>
                    </div>
                    </template>
                    <div class="measurement-unit-section" v-if="isPriceAvailable &amp;&amp; prodUnits ? prodUnits.hasAlternativeUnit : false">
                    <div class="ct-form-radio" @click="setDimension">
                    <input type="radio" title="" class="ct-form-check-input product-measurement-unit" :data-type="prodUnits.selectedUnit == prodUnits.secondaryUnit ? 'primary' : ''" :id="prodUnits.secondaryUnit + '-' + pid + '-measurement-unit-ptile' + additionalTag" :name="'measurement-unit-' + pid + '-ptile' + additionalTag" :value="prodUnits.secondaryUnit" v-model="prodUnits.selectedUnit">
                    <label :class="prodUnits.secondaryUnit + '-label ct-form-check-label mb-0'" :for="prodUnits.secondaryUnit + '-' + pid + '-measurement-unit-ptile' + additionalTag">
                    {{prodUnits.secondaryUnit}}
                    </label>
                    <span class="checkmark"></span>
                    </div>
                    <div class="ct-form-radio" @click="setDimension">
                    <input type="radio" title="" class="ct-form-check-input product-measurement-unit" :data-type="prodUnits.selectedUnit == prodUnits.primaryUnit ? 'primary' : ''" :id="prodUnits.primaryUnit + '-' + pid + '-measurement-unit-ptile' + additionalTag" :name="'measurement-unit-' + pid + '-ptile' + additionalTag" :value="prodUnits.primaryUnit" v-model="prodUnits.selectedUnit">
                    <label :class="prodUnits.primaryUnit + '-label ct-form-check-label mb-0'" :for="prodUnits.primaryUnit + '-' + pid + '-measurement-unit-ptile' + additionalTag">
                    {{prodUnits.primaryUnit}}
                    </label>
                    <span class="checkmark"></span>
                    </div>
                    </div>
                    <template v-if="!isPDP &amp;&amp; isPriceAvailable">
                    <span class="quantity-error ct-span-error product-max-allocation" v-if="isMaxQtyReached">
                    Quantidade máxima atingida
                    </span>
                    <span class="quantity-error ct-span-product product-allocation" v-if="!isMinQtyReached &amp;&amp; !isMaxQtyReached">
                    {{quantitySelected}} no carrinho
                    </span>
                    <span class="quantity-error ct-span-error product-min-allocation" :data-pid="pid" v-if="isMinQtyReached &amp;&amp; !isMaxQtyReached">
                    Quantidade mínima atingida
                     </span>
                    </template>
                    </template>
                    </div>
                    <input class="quantity-value-mask d-none" name="quantity" type="number" min="0" value="" tabindex="-1">
                    </div>
                    <button type="button" class="add-to-cart button js-add-to-cart js-add-to-cart-tile 5248728 button--primary dynamic-layout-btn" data-toggle="modal" data-target="#chooseBonusProductModal" data-pid="5248728" data-quantity-value="null" aria-label="Carrinho" tabindex="-1">
                    <span class="d-block d-sm-none">
                    <span class="svg-wrapper svg-icon-cart" style="width:20px; height:20px">
                    <svg class="svg-inline icon-cart" xmlns="http://www.w3.org/2000/svg" viewBox="0 0 500 500" width="100%" height="100%"><path fill="#EB0203" fill-rule="evenodd" d="M 485.67317,94.386311 C 476.37798,83.847129 463.09468,78.03348 448.30404,78.03348 H 90.690813 L 87.079511,51.327997 C 83.185582,22.539551 62.962285,0 41.011841,0 H 14.727836 C 6.563151,0 0,6.5286975 0,14.580758 c 0,8.05206 6.5945535,14.580758 14.727836,14.580758 h 26.284005 c 4.710398,0 14.696435,9.855222 16.894619,26.021523 L 100.01739,368.0631 c 1.88416,13.77244 9.01256,26.70549 20.1605,36.37417 8.25889,7.15046 18.02511,11.9071 28.26237,13.89679 -4.17655,7.58572 -6.53175,16.25957 -6.53175,25.493 0,29.53459 24.27424,53.59751 54.13815,53.59751 29.8325,0 54.13814,-24.03184 54.13814,-53.59751 0,-8.79818 -2.19818,-17.09897 -5.9979,-24.43598 h 77.12488 c -3.79973,7.33701 -5.96652,15.6378 -5.96652,24.43598 0,29.53459 24.27424,53.59751 54.13817,53.59751 29.83249,0 54.13814,-24.03184 54.13814,-53.59751 0,-8.79818 -2.1982,-17.09897 -5.9979,-24.43598 h 38.56243 c 8.13328,0 14.72783,-6.5287 14.72783,-14.61183 0,-8.02098 -6.59455,-14.54967 -14.72783,-14.54967 H 159.24277 c -14.38241,0 -28.13677,-11.90711 -30.02092,-26.02153 l -3.07746,-22.88154 h 290.6314 c 14.03698,0 27.94834,-5.28513 39.06488,-14.95381 11.11652,-9.6376 18.27632,-22.57065 20.16048,-36.37417 l 21.10259,-156.78201 c 1.94694,-14.51858 -2.10398,-28.29103 -11.43057,-38.861299 z M 220.76053,443.82706 c 0,13.49265 -11.08513,24.46709 -24.68247,24.46709 -13.62874,0 -24.71387,-10.97444 -24.71387,-24.46709 0,-13.49262 11.08513,-24.43598 24.71387,-24.43598 13.59734,0 24.68247,10.94336 24.68247,24.43598 z m 173.43675,0 c 0,13.49265 -11.08512,24.46709 -24.68245,24.46709 -13.62876,0 -24.71388,-10.97444 -24.71388,-24.46709 0,-13.49262 11.08512,-24.43598 24.71388,-24.43598 13.59733,0 24.68245,10.94336 24.68245,24.43598 z m 73.7648,-314.46558 -21.13397,156.782 c -1.88416,14.11442 -15.63851,26.05261 -30.02091,26.05261 H 122.25046 L 94.616142,107.19499 H 448.33544 c 6.18632,0 11.61896,2.2695 15.23028,6.37326 3.64269,4.13484 5.21283,9.73086 4.39636,15.79323 z"></path></svg>
                    </span>
                    </span>
                    <span class="add-to-cart--text d-none d-sm-block">Carrinho</span>
                    </button>
                    </div>
                    </div>
                    </div>
                    </div>
                    
                    <div class="col-12 d-sm-none">
                    </div>
                    </div>
                    </div>
                    </div>
                    </div><div class="pd-tile-wrap slick-slide slick-cloned" data-idx="3" style="width: 276px; height: auto;" data-slick-index="12" id="" aria-hidden="true" tabindex="-1">
                    
                    <script type="text/javascript">//<!--
                    /* <![CDATA[ */
                    (function(){
                    try {
                        if(window.CQuotient) {
                            var cq_params = {};
                            cq_params.cookieId = window.CQuotient.getCQCookieId();
                            cq_params.userId = window.CQuotient.getCQUserId();
                            cq_params.emailId = CQuotient.getCQHashedEmail();
                            cq_params.loginId = CQuotient.getCQHashedLogin();
                            cq_params.accumulate = true;
                            cq_params.products = [{
                                id: '7214149',
                                sku: '',
                                type: '',
                                alt_id: ''
                            }];
                            cq_params.recommenderName = '__UNDEFINED__';
                            cq_params.realm = "BDVS";
                            cq_params.siteId = "continente";
                            cq_params.instanceType = "prd";
                            cq_params.locale = window.CQuotient.locale;
                            cq_params.slotId = '';
                            cq_params.slotConfigId = '';
                            cq_params.slotConfigTemplate = '';
                            if(window.CQuotient.sendActivity)
                                window.CQuotient.sendActivity( CQuotient.clientId, 'viewReco', cq_params );
                            else
                                window.CQuotient.activities.push( {activityType: 'viewReco', parameters: cq_params} );
                        }
                    } catch(err) {}
                    })();
                    /* ]]> */
                    // -->
                    </script>
                    <script type="text/javascript">//<!--
                    /* <![CDATA[ (viewProduct-active_data.js) */
                    dw.ac._capture({id: "7214149", type: "recommendation"});
                    /* ]]> */
                    // -->
                    </script>
                    <div class="product" data-pid="7214149">
                    <div class="product-tile pid-7214149   ct-product-tile " data-delay-time="3000" data-variants-mapping="[]" data-in-cart-msg="no carrinho" data-one-product-added="Adicionado ao carrinho" data-remove-from-cart-msg="Removido do carrinho" data-stay-open="6000.0" data-product-tile-impression="{&quot;name&quot;:&quot;7214149&quot;,&quot;id&quot;:&quot;7214149&quot;,&quot;price&quot;:2.39,&quot;brand&quot;:&quot;Oikos&quot;,&quot;category&quot;:[{&quot;category_level_1&quot;:&quot;Laticínios e Ovos&quot;},{&quot;category_level_2&quot;:&quot;Iogurtes&quot;},{&quot;category_level_3&quot;:&quot;Iogurtes Gregos&quot;}],&quot;variant&quot;:&quot;&quot;}">
                    <div class="ct-inner-tile-wrap row no-gutters justify-content-center align-content-start">
                    <div class="ct-product-tile-badge ct-product-tile-badge--promotional">
                    <img class="img-fluid lazyloaded" loading="lazy" data-src="https://www.continente.pt/dw/image/v2/BDVS_PRD/on/demandware.static/-/Sites-continente-Library/default/dwf5980f2e/images/badges/pvpr/col/pvpr.png?sw=60&amp;sh=42" alt="PVP Recomendado: €2,99/un" title="PVP Recomendado: €2,99/un" src="https://www.continente.pt/dw/image/v2/BDVS_PRD/on/demandware.static/-/Sites-continente-Library/default/dwf5980f2e/images/badges/pvpr/col/pvpr.png?sw=60&amp;sh=42">
                    <div class="ct-product-tile-badge-value-wrapper ct-product-tile-badge-value-wrapper--pvpr  ">
                    <span class="ct-product-tile-badge-value--pvpr">
                    20
                    </span>
                    <span class="ct-product-tile-badge-value--pvpr-quantifier ">
                    %
                    </span>
                    </div>
                    </div>
                    
                    <div class="ct-image-container col-4 col-sm" data-confirmation-image="{&quot;url&quot;:&quot;https://www.continente.pt/dw/image/v2/BDVS_PRD/on/demandware.static/-/Sites-col-master-catalog/default/dw0c7b8407/images/col/721/7214149-frente.jpg?sw=87&amp;sh=80&quot;,&quot;fallbackimage&quot;:{&quot;url&quot;:&quot;https://www.continente.pt/dw/image/v2/BDVS_PRD/on/demandware.static/Sites-continente-Site/-/default/dw7c42b4da/images/noimagelarge_product.png?sw=87&amp;sh=80&quot;,&quot;title&quot;:&quot;Iogurte Grego Morango&quot;,&quot;alt&quot;:&quot;Iogurte Grego Morango&quot;},&quot;title&quot;:&quot;Iogurte Grego Morango&quot;,&quot;alt&quot;:&quot;Iogurte Grego Morango&quot;}">
                    <a href="https://www.continente.pt/produto/iogurte-grego-morango-oikos-7214149.html?cgid=home" tabindex="-1">
                    <picture class="intrinsic intrinsic--square">
                    <img class="ct-tile-image lazyloaded" loading="lazy" onerror="this.onerror=null;this.src='/on/demandware.static/Sites-continente-Site/-/default/dw7c42b4da/images/noimagelarge_product.png';" data-src="https://www.continente.pt/dw/image/v2/BDVS_PRD/on/demandware.static/-/Sites-col-master-catalog/default/dw0c7b8407/images/col/721/7214149-frente.jpg?sw=280&amp;sh=280" alt="Iogurte Grego Morango" title="Iogurte Grego Morango" src="https://www.continente.pt/dw/image/v2/BDVS_PRD/on/demandware.static/-/Sites-col-master-catalog/default/dw0c7b8407/images/col/721/7214149-frente.jpg?sw=280&amp;sh=280">
                    </picture>
                    </a>
                    <div class="color-swatches d-flex" style="margin-left: 5px;">
                    <div class="swatches d-flex">
                    </div>
                    </div>
                    </div>
                    <div class="ct-tile-body col col-sm-auto ">
                    <div class="ct-pdp-details">
                    <div class="ct-pdp-link">
                    <a class="ct-tile--description" href="https://www.continente.pt/produto/iogurte-grego-morango-oikos-7214149.html?cgid=home" tabindex="-1">Iogurte Grego Morango</a>
                    <div class="ct-tile--favorite-top d-sm-none">
                    <button class="wishlist-toggler guest-mode inactive button button--tertiary" data-pid="7214149" data-add-url="https://www.continente.pt/on/demandware.store/Sites-continente-Site/default/Wishlist-AddProduct?pid=7214149" data-toggle="tooltip" aria-label="Adicionar aos favoritos " data-original-title="Adicionar aos favoritos" data-placement="top" tabindex="-1">
                    <svg class="active-content" width="100%" height="100%" viewBox="0 0 20 22" fill="none" xmlns="http://www.w3.org/2000/svg">
                    <path fill-rule="evenodd" clip-rule="evenodd" d="M0 1.53052C0 0.685236 0.692171 0 1.54601 0H15.0736C15.9274 0 16.6196 0.685235 16.6196 1.53052V13.4064L15.8127 13.922L14.2658 14.2658L12.7189 13.4064L10.6054 14.3818C10.4994 14.2451 10.3327 14.157 10.1452 14.157H6.76329C6.4431 14.157 6.18354 14.414 6.18354 14.731C6.18354 15.0479 6.4431 15.3049 6.76329 15.3049H10.1452C10.2478 15.3049 10.3441 15.2785 10.4277 15.2322L10.3126 16.8439L13.2345 20.2793H1.54601C0.69217 20.2793 0 19.5941 0 18.7488V1.53052ZM6.18354 5.5483C6.18354 5.23132 6.4431 4.97436 6.76329 4.97436H12.3676C12.6878 4.97436 12.9473 5.23132 12.9473 5.5483C12.9473 5.86528 12.6878 6.12224 12.3676 6.12224H6.76329C6.4431 6.12224 6.18354 5.86528 6.18354 5.5483ZM6.76329 11.0961C6.4431 11.0961 6.18354 11.3531 6.18354 11.6701C6.18354 11.987 6.4431 12.244 6.76329 12.244H12.3676C12.6878 12.244 12.9473 11.987 12.9473 11.6701C12.9473 11.3531 12.6878 11.0961 12.3676 11.0961H6.76329ZM6.18354 8.60985C6.18354 8.29287 6.4431 8.03591 6.76329 8.03591H12.3676C12.6878 8.03591 12.9473 8.29287 12.9473 8.60985C12.9473 8.92684 12.6878 9.1838 12.3676 9.1838H6.76329C6.4431 9.1838 6.18354 8.92684 6.18354 8.60985ZM3.67118 5.5483C3.67118 5.23132 3.93075 4.97436 4.25093 4.97436H4.63743C4.95762 4.97436 5.21719 5.23132 5.21719 5.5483C5.21719 5.86528 4.95762 6.12224 4.63743 6.12224H4.25093C3.93075 6.12224 3.67118 5.86528 3.67118 5.5483ZM4.25093 11.0961C3.93075 11.0961 3.67118 11.3531 3.67118 11.6701C3.67118 11.987 3.93075 12.244 4.25093 12.244H4.63743C4.95762 12.244 5.21719 11.987 5.21719 11.6701C5.21719 11.3531 4.95762 11.0961 4.63743 11.0961H4.25093ZM3.67118 8.60985C3.67118 8.29287 3.93075 8.03591 4.25093 8.03591H4.63743C4.95762 8.03591 5.21719 8.29287 5.21719 8.60985C5.21719 8.92684 4.95762 9.1838 4.63743 9.1838H4.25093C3.93075 9.1838 3.67118 8.92684 3.67118 8.60985ZM4.25093 14.157C3.93075 14.157 3.67118 14.414 3.67118 14.731C3.67118 15.0479 3.93075 15.3049 4.25093 15.3049H4.63743C4.95762 15.3049 5.21719 15.0479 5.21719 14.731C5.21719 14.414 4.95762 14.157 4.63743 14.157H4.25093Z" fill="#EB0203"></path>
                    <path fill-rule="evenodd" clip-rule="evenodd" d="M14.6252 13.6363C13.4918 12.6215 11.7817 12.5264 10.6569 13.4792C9.12421 14.7764 9.34841 16.8912 10.4409 18.0122L14.0159 21.6742C14.2197 21.8832 14.4928 22 14.7822 22C15.0737 22 15.3448 21.8852 15.5486 21.6762L19.1236 18.0142C20.214 16.8933 20.4423 14.7785 18.9075 13.4792C17.7827 12.5283 16.0724 12.6217 14.9391 13.6365C14.8855 13.6845 14.8331 13.7345 14.7822 13.7866C14.7313 13.7345 14.6789 13.6843 14.6252 13.6363ZM18.1546 14.3522C19.0973 15.1508 18.9962 16.4896 18.2891 17.2173C18.2888 17.2175 18.2886 17.2177 18.2884 17.218L14.7832 20.8084L11.2753 17.2151C11.2752 17.215 11.2751 17.2149 11.2749 17.2148C10.5677 16.4887 10.4678 15.1495 11.4104 14.3518L11.4108 14.3514C12.0745 13.7892 13.2018 13.82 13.9488 14.5846L14.7822 15.4378L15.6157 14.5846C16.3617 13.8211 17.4896 13.79 18.1545 14.3521" fill="#EB0203"></path>
                    </svg>
                    <svg class="inactive-content" width="100%" height="100%" viewBox="0 0 20 23" fill="none" xmlns="http://www.w3.org/2000/svg">
                    <path fill-rule="evenodd" clip-rule="evenodd" d="M6.18408 5.77914C6.18408 5.46223 6.44363 5.20532 6.7638 5.20532H12.3678C12.6879 5.20532 12.9475 5.46223 12.9475 5.77914C12.9475 6.09606 12.6879 6.35297 12.3678 6.35297H6.7638C6.44363 6.35297 6.18408 6.09606 6.18408 5.77914Z" fill="#EB0203"></path>
                    <path fill-rule="evenodd" clip-rule="evenodd" d="M6.18408 11.9034C6.18408 11.5865 6.44363 11.3296 6.7638 11.3296H12.3678C12.6879 11.3296 12.9475 11.5865 12.9475 11.9034C12.9475 12.2202 12.6879 12.4771 12.3678 12.4771H6.7638C6.44363 12.4771 6.18408 12.2202 6.18408 11.9034Z" fill="#EB0203"></path>
                    <path fill-rule="evenodd" clip-rule="evenodd" d="M6.18408 8.84116C6.18408 8.52424 6.44363 8.26733 6.7638 8.26733H12.3678C12.6879 8.26733 12.9475 8.52424 12.9475 8.84116C12.9475 9.15807 12.6879 9.41498 12.3678 9.41498H6.7638C6.44363 9.41498 6.18408 9.15807 6.18408 8.84116Z" fill="#EB0203"></path>
                    <path fill-rule="evenodd" clip-rule="evenodd" d="M6.18408 14.9655C6.18408 14.6486 6.44363 14.3917 6.7638 14.3917H10.1455C10.4657 14.3917 10.7252 14.6486 10.7252 14.9655C10.7252 15.2825 10.4657 15.5394 10.1455 15.5394H6.7638C6.44363 15.5394 6.18408 15.2825 6.18408 14.9655Z" fill="#EB0203"></path>
                    <path fill-rule="evenodd" clip-rule="evenodd" d="M3.67139 5.77914C3.67139 5.46223 3.93094 5.20532 4.25111 5.20532H4.63759C4.95776 5.20532 5.21731 5.46223 5.21731 5.77914C5.21731 6.09606 4.95776 6.35297 4.63759 6.35297H4.25111C3.93094 6.35297 3.67139 6.09606 3.67139 5.77914Z" fill="#EB0203"></path>
                    <path fill-rule="evenodd" clip-rule="evenodd" d="M3.67139 11.9034C3.67139 11.5865 3.93094 11.3296 4.25111 11.3296H4.63759C4.95776 11.3296 5.21731 11.5865 5.21731 11.9034C5.21731 12.2202 4.95776 12.4771 4.63759 12.4771H4.25111C3.93094 12.4771 3.67139 12.2202 3.67139 11.9034Z" fill="#EB0203"></path>
                    <path fill-rule="evenodd" clip-rule="evenodd" d="M3.67139 8.84116C3.67139 8.52424 3.93094 8.26733 4.25111 8.26733H4.63759C4.95776 8.26733 5.21731 8.52424 5.21731 8.84116C5.21731 9.15807 4.95776 9.41498 4.63759 9.41498H4.25111C3.93094 9.41498 3.67139 9.15807 3.67139 8.84116Z" fill="#EB0203"></path>
                    <path fill-rule="evenodd" clip-rule="evenodd" d="M3.67139 14.9655C3.67139 14.6486 3.93094 14.3917 4.25111 14.3917H4.63759C4.95776 14.3917 5.21731 14.6486 5.21731 14.9655C5.21731 15.2825 4.95776 15.5394 4.63759 15.5394H4.25111C3.93094 15.5394 3.67139 15.2825 3.67139 14.9655Z" fill="#EB0203"></path>
                    <path fill-rule="evenodd" clip-rule="evenodd" d="M0 1.76033C0 0.914738 0.692131 0.229248 1.54592 0.229248H15.0727C15.9265 0.229248 16.6186 0.914738 16.6186 1.76033V11.2818C16.6186 11.5989 16.3591 11.8559 16.0389 11.8559C15.7187 11.8559 15.4592 11.5989 15.4592 11.2818V1.76033C15.4592 1.54893 15.2862 1.37756 15.0727 1.37756H1.54592C1.33247 1.37756 1.15944 1.54893 1.15944 1.76033V18.985C1.15944 19.1964 1.33247 19.3678 1.54592 19.3678H9.27551C9.59568 19.3678 9.85523 19.6249 9.85523 19.942C9.85523 20.2591 9.59568 20.5161 9.27551 20.5161H1.54592C0.692131 20.5161 0 19.8306 0 18.985V1.76033Z" fill="#EB0203"></path>
                    <path fill-rule="evenodd" clip-rule="evenodd" d="M14.6254 13.8718C13.4921 12.8567 11.7821 12.7615 10.6574 13.7147C9.12472 15.0124 9.34891 17.128 10.4413 18.2493L14.0161 21.9126C14.2199 22.1217 14.493 22.2386 14.7824 22.2386C15.0739 22.2386 15.3449 22.1238 15.5487 21.9147L19.1235 18.2514C20.2139 17.13 20.4422 15.0144 18.9075 13.7147C17.7827 12.7634 16.0726 12.8569 14.9392 13.872C14.8856 13.92 14.8333 13.9701 14.7824 14.0222C14.7314 13.97 14.6791 13.9199 14.6254 13.8718ZM18.1546 14.588C19.0972 15.3869 18.9961 16.7262 18.2891 17.4541C18.2888 17.4543 18.2886 17.4546 18.2884 17.4548L14.7834 21.0466L11.2757 17.452C11.2756 17.4519 11.2755 17.4517 11.2753 17.4516C10.5681 16.7252 10.4682 15.3856 11.4108 14.5876L11.4112 14.5872C12.0748 14.0248 13.202 14.0556 13.949 14.8205L14.7824 15.674L15.6158 14.8205C16.3618 14.0567 17.4896 14.0256 18.1545 14.5879" fill="#EB0203"></path>
                    </svg>
                    </button>
                    </div>
                    </div>
                    <p class="ct-tile--brand">Oikos</p>
                    <p class="ct-tile--quantity">emb. 440 gr (4 un)</p>
                    </div>
                    <div class="ct-tile-bottom row no-gutters justify-content-between">
                    <div class="ct-price-wrap col-8 col-sm-12">
                    <div class="price js-product-price">
                    <div class="prices-wrapper">
                    <span class="sales ct-tile--price-primary ">
                    <span class="value" content="2.39">
                    <span class="ct-price-formatted">
                    €2,39
                    </span>
                    <span class="ct-m-unit">
                    /un
                    </span>
                    </span>
                    </span>
                    </div>
                    <div class="ct-tile--price-secondary">
                    <span class="ct-price-value">
                    €5,43
                    </span>
                    <span class="ct-m-unit">
                    /kg
                    </span>
                    </div>
                    <p class="ct-discount-amount ct-discount-amount-pvpr">PVP Recomendado: €2,99/un</p>
                    </div>
                    </div>
                    <div class="ct-tile-buy-section d-flex justify-content-center no-gutters col-auto col-sm-12">
                    <div class="col-2 d-sm-flex d-none">
                    <button class="wishlist-toggler guest-mode inactive button button--tertiary" data-pid="7214149" data-add-url="https://www.continente.pt/on/demandware.store/Sites-continente-Site/default/Wishlist-AddProduct?pid=7214149" data-toggle="tooltip" aria-label="Adicionar aos favoritos " data-original-title="Adicionar aos favoritos" data-placement="top" tabindex="-1">
                    <svg class="active-content" width="100%" height="100%" viewBox="0 0 20 22" fill="none" xmlns="http://www.w3.org/2000/svg">
                    <path fill-rule="evenodd" clip-rule="evenodd" d="M0 1.53052C0 0.685236 0.692171 0 1.54601 0H15.0736C15.9274 0 16.6196 0.685235 16.6196 1.53052V13.4064L15.8127 13.922L14.2658 14.2658L12.7189 13.4064L10.6054 14.3818C10.4994 14.2451 10.3327 14.157 10.1452 14.157H6.76329C6.4431 14.157 6.18354 14.414 6.18354 14.731C6.18354 15.0479 6.4431 15.3049 6.76329 15.3049H10.1452C10.2478 15.3049 10.3441 15.2785 10.4277 15.2322L10.3126 16.8439L13.2345 20.2793H1.54601C0.69217 20.2793 0 19.5941 0 18.7488V1.53052ZM6.18354 5.5483C6.18354 5.23132 6.4431 4.97436 6.76329 4.97436H12.3676C12.6878 4.97436 12.9473 5.23132 12.9473 5.5483C12.9473 5.86528 12.6878 6.12224 12.3676 6.12224H6.76329C6.4431 6.12224 6.18354 5.86528 6.18354 5.5483ZM6.76329 11.0961C6.4431 11.0961 6.18354 11.3531 6.18354 11.6701C6.18354 11.987 6.4431 12.244 6.76329 12.244H12.3676C12.6878 12.244 12.9473 11.987 12.9473 11.6701C12.9473 11.3531 12.6878 11.0961 12.3676 11.0961H6.76329ZM6.18354 8.60985C6.18354 8.29287 6.4431 8.03591 6.76329 8.03591H12.3676C12.6878 8.03591 12.9473 8.29287 12.9473 8.60985C12.9473 8.92684 12.6878 9.1838 12.3676 9.1838H6.76329C6.4431 9.1838 6.18354 8.92684 6.18354 8.60985ZM3.67118 5.5483C3.67118 5.23132 3.93075 4.97436 4.25093 4.97436H4.63743C4.95762 4.97436 5.21719 5.23132 5.21719 5.5483C5.21719 5.86528 4.95762 6.12224 4.63743 6.12224H4.25093C3.93075 6.12224 3.67118 5.86528 3.67118 5.5483ZM4.25093 11.0961C3.93075 11.0961 3.67118 11.3531 3.67118 11.6701C3.67118 11.987 3.93075 12.244 4.25093 12.244H4.63743C4.95762 12.244 5.21719 11.987 5.21719 11.6701C5.21719 11.3531 4.95762 11.0961 4.63743 11.0961H4.25093ZM3.67118 8.60985C3.67118 8.29287 3.93075 8.03591 4.25093 8.03591H4.63743C4.95762 8.03591 5.21719 8.29287 5.21719 8.60985C5.21719 8.92684 4.95762 9.1838 4.63743 9.1838H4.25093C3.93075 9.1838 3.67118 8.92684 3.67118 8.60985ZM4.25093 14.157C3.93075 14.157 3.67118 14.414 3.67118 14.731C3.67118 15.0479 3.93075 15.3049 4.25093 15.3049H4.63743C4.95762 15.3049 5.21719 15.0479 5.21719 14.731C5.21719 14.414 4.95762 14.157 4.63743 14.157H4.25093Z" fill="#EB0203"></path>
                    <path fill-rule="evenodd" clip-rule="evenodd" d="M14.6252 13.6363C13.4918 12.6215 11.7817 12.5264 10.6569 13.4792C9.12421 14.7764 9.34841 16.8912 10.4409 18.0122L14.0159 21.6742C14.2197 21.8832 14.4928 22 14.7822 22C15.0737 22 15.3448 21.8852 15.5486 21.6762L19.1236 18.0142C20.214 16.8933 20.4423 14.7785 18.9075 13.4792C17.7827 12.5283 16.0724 12.6217 14.9391 13.6365C14.8855 13.6845 14.8331 13.7345 14.7822 13.7866C14.7313 13.7345 14.6789 13.6843 14.6252 13.6363ZM18.1546 14.3522C19.0973 15.1508 18.9962 16.4896 18.2891 17.2173C18.2888 17.2175 18.2886 17.2177 18.2884 17.218L14.7832 20.8084L11.2753 17.2151C11.2752 17.215 11.2751 17.2149 11.2749 17.2148C10.5677 16.4887 10.4678 15.1495 11.4104 14.3518L11.4108 14.3514C12.0745 13.7892 13.2018 13.82 13.9488 14.5846L14.7822 15.4378L15.6157 14.5846C16.3617 13.8211 17.4896 13.79 18.1545 14.3521" fill="#EB0203"></path>
                    </svg>
                    <svg class="inactive-content" width="100%" height="100%" viewBox="0 0 20 23" fill="none" xmlns="http://www.w3.org/2000/svg">
                    <path fill-rule="evenodd" clip-rule="evenodd" d="M6.18408 5.77914C6.18408 5.46223 6.44363 5.20532 6.7638 5.20532H12.3678C12.6879 5.20532 12.9475 5.46223 12.9475 5.77914C12.9475 6.09606 12.6879 6.35297 12.3678 6.35297H6.7638C6.44363 6.35297 6.18408 6.09606 6.18408 5.77914Z" fill="#EB0203"></path>
                    <path fill-rule="evenodd" clip-rule="evenodd" d="M6.18408 11.9034C6.18408 11.5865 6.44363 11.3296 6.7638 11.3296H12.3678C12.6879 11.3296 12.9475 11.5865 12.9475 11.9034C12.9475 12.2202 12.6879 12.4771 12.3678 12.4771H6.7638C6.44363 12.4771 6.18408 12.2202 6.18408 11.9034Z" fill="#EB0203"></path>
                    <path fill-rule="evenodd" clip-rule="evenodd" d="M6.18408 8.84116C6.18408 8.52424 6.44363 8.26733 6.7638 8.26733H12.3678C12.6879 8.26733 12.9475 8.52424 12.9475 8.84116C12.9475 9.15807 12.6879 9.41498 12.3678 9.41498H6.7638C6.44363 9.41498 6.18408 9.15807 6.18408 8.84116Z" fill="#EB0203"></path>
                    <path fill-rule="evenodd" clip-rule="evenodd" d="M6.18408 14.9655C6.18408 14.6486 6.44363 14.3917 6.7638 14.3917H10.1455C10.4657 14.3917 10.7252 14.6486 10.7252 14.9655C10.7252 15.2825 10.4657 15.5394 10.1455 15.5394H6.7638C6.44363 15.5394 6.18408 15.2825 6.18408 14.9655Z" fill="#EB0203"></path>
                    <path fill-rule="evenodd" clip-rule="evenodd" d="M3.67139 5.77914C3.67139 5.46223 3.93094 5.20532 4.25111 5.20532H4.63759C4.95776 5.20532 5.21731 5.46223 5.21731 5.77914C5.21731 6.09606 4.95776 6.35297 4.63759 6.35297H4.25111C3.93094 6.35297 3.67139 6.09606 3.67139 5.77914Z" fill="#EB0203"></path>
                    <path fill-rule="evenodd" clip-rule="evenodd" d="M3.67139 11.9034C3.67139 11.5865 3.93094 11.3296 4.25111 11.3296H4.63759C4.95776 11.3296 5.21731 11.5865 5.21731 11.9034C5.21731 12.2202 4.95776 12.4771 4.63759 12.4771H4.25111C3.93094 12.4771 3.67139 12.2202 3.67139 11.9034Z" fill="#EB0203"></path>
                    <path fill-rule="evenodd" clip-rule="evenodd" d="M3.67139 8.84116C3.67139 8.52424 3.93094 8.26733 4.25111 8.26733H4.63759C4.95776 8.26733 5.21731 8.52424 5.21731 8.84116C5.21731 9.15807 4.95776 9.41498 4.63759 9.41498H4.25111C3.93094 9.41498 3.67139 9.15807 3.67139 8.84116Z" fill="#EB0203"></path>
                    <path fill-rule="evenodd" clip-rule="evenodd" d="M3.67139 14.9655C3.67139 14.6486 3.93094 14.3917 4.25111 14.3917H4.63759C4.95776 14.3917 5.21731 14.6486 5.21731 14.9655C5.21731 15.2825 4.95776 15.5394 4.63759 15.5394H4.25111C3.93094 15.5394 3.67139 15.2825 3.67139 14.9655Z" fill="#EB0203"></path>
                    <path fill-rule="evenodd" clip-rule="evenodd" d="M0 1.76033C0 0.914738 0.692131 0.229248 1.54592 0.229248H15.0727C15.9265 0.229248 16.6186 0.914738 16.6186 1.76033V11.2818C16.6186 11.5989 16.3591 11.8559 16.0389 11.8559C15.7187 11.8559 15.4592 11.5989 15.4592 11.2818V1.76033C15.4592 1.54893 15.2862 1.37756 15.0727 1.37756H1.54592C1.33247 1.37756 1.15944 1.54893 1.15944 1.76033V18.985C1.15944 19.1964 1.33247 19.3678 1.54592 19.3678H9.27551C9.59568 19.3678 9.85523 19.6249 9.85523 19.942C9.85523 20.2591 9.59568 20.5161 9.27551 20.5161H1.54592C0.692131 20.5161 0 19.8306 0 18.985V1.76033Z" fill="#EB0203"></path>
                    <path fill-rule="evenodd" clip-rule="evenodd" d="M14.6254 13.8718C13.4921 12.8567 11.7821 12.7615 10.6574 13.7147C9.12472 15.0124 9.34891 17.128 10.4413 18.2493L14.0161 21.9126C14.2199 22.1217 14.493 22.2386 14.7824 22.2386C15.0739 22.2386 15.3449 22.1238 15.5487 21.9147L19.1235 18.2514C20.2139 17.13 20.4422 15.0144 18.9075 13.7147C17.7827 12.7634 16.0726 12.8569 14.9392 13.872C14.8856 13.92 14.8333 13.9701 14.7824 14.0222C14.7314 13.97 14.6791 13.9199 14.6254 13.8718ZM18.1546 14.588C19.0972 15.3869 18.9961 16.7262 18.2891 17.4541C18.2888 17.4543 18.2886 17.4546 18.2884 17.4548L14.7834 21.0466L11.2757 17.452C11.2756 17.4519 11.2755 17.4517 11.2753 17.4516C10.5681 16.7252 10.4682 15.3856 11.4108 14.5876L11.4112 14.5872C12.0748 14.0248 13.202 14.0556 13.949 14.8205L14.7824 15.674L15.6158 14.8205C16.3618 14.0567 17.4896 14.0256 18.1545 14.5879" fill="#EB0203"></path>
                    </svg>
                    </button>
                    </div>
                    <div class="col-sm-10 col-12">
                    <div class="ct-tile-quantity d-none" data-pid="7214149">
                    <input type="hidden" class="add-to-cart-url" value="https://www.continente.pt/on/demandware.store/Sites-continente-Site/default/Cart-AddProduct" tabindex="-1">
                    <div class="d-none tile-delete-confirmation-btn" data-pid="7214149" data-delay-time="3000" data-in-cart-msg="no carrinho" data-one-product-added="Adicionado ao carrinho" data-remove-from-cart-msg="Removido do carrinho" data-stay-open="6000.0" data-confirmation-image="{&quot;url&quot;:&quot;https://www.continente.pt/dw/image/v2/BDVS_PRD/on/demandware.static/-/Sites-col-master-catalog/default/dw0c7b8407/images/col/721/7214149-frente.jpg?sw=87&amp;sh=80&quot;,&quot;fallbackimage&quot;:{&quot;url&quot;:&quot;https://www.continente.pt/dw/image/v2/BDVS_PRD/on/demandware.static/Sites-continente-Site/-/default/dw7c42b4da/images/noimagelarge_product.png?sw=87&amp;sh=80&quot;,&quot;title&quot;:&quot;Iogurte Grego Morango&quot;,&quot;alt&quot;:&quot;Iogurte Grego Morango&quot;},&quot;title&quot;:&quot;Iogurte Grego Morango&quot;,&quot;alt&quot;:&quot;Iogurte Grego Morango&quot;}"></div>
                    <div class="ct-tile-quantity-update quantity-update product-qty-vue" data-remove-action="https://www.continente.pt/on/demandware.store/Sites-continente-Site/default/Cart-RemoveProductLineItem" data-action="https://www.continente.pt/on/demandware.store/Sites-continente-Site/default/Cart-UpdateQuantity" data-dimension-update="https://www.continente.pt/on/demandware.store/Sites-continente-Site/default/Cart-DimensionUpdate" data-pid="7214149" data-uuid="67bf0d6004bd2e29d3660ac4e1" data-add-delay="500.0" data-measure-options="{&quot;hasConversionRate&quot;:false,&quot;hasAlternativeSaleUnit&quot;:false,&quot;unitConversionRate&quot;:null,&quot;minOrderQuantity&quot;:1,&quot;stepQuantity&quot;:1,&quot;primaryunit&quot;:&quot;un&quot;,&quot;secondaryunit&quot;:&quot;kg&quot;,&quot;selectedunit&quot;:&quot;primary&quot;,&quot;maxNumberOfUnitsPerSale&quot;:50}" data-price-available="null" :data-has-error="isMaxQtyReached || isMinQtyReached || qtySelectedMoreThanOne">
                    <template v-show="prodUnits">
                    <div class="quantity-input-wrapper has-units">
                    <label class="visually-hidden" :for="'quantity-' + pid + additionalTag">
                    Quantidade no carrinho
                    </label>
                    <input :ref="'quantityInput-' + pid + additionalTag" class="add-to-cart-quantity form-control ct-form-input text-center" inputmode="numeric" :class="{'is-invalid': isInvalid}" :data-pid="pid + additionalTag" :name="'quantity-' + pid + additionalTag" type="text" aria-label="Insira a quantidade" title="" v-model="displayValue" @change="updateQuantity" @focus="updateQtyFormat" @blur="restoreQtyFormat" :disabled="!isPriceAvailable">
                    <span class="quantity-icon quantity-icon--minus">
                    <button class="decrease-quantity-btn" @click="updateQuantity" :disabled="!isPriceAvailable" role="button" aria-label="Reduzir quantidade">
                    <i class="css-math-minus"></i>
                    </button>
                    </span>
                    <span class="quantity-icon quantity-icon--plus">
                    <button class="increase-quantity-btn" @click="updateQuantity" :disabled="isMaxQtyReached || !isPriceAvailable" role="button" aria-label="Aumentar quantidade">
                    <i class="css-math-plus"></i>
                    </button>
                    <span class="quantity-btn-disabled-placeholder"></span>
                    </span>
                    <template v-if="isPDP">
                    <span class="quantity-error ct-span-error text-sm-center product-max-allocation" v-if="isMaxQtyReached">
                    Quantidade máxima atingida
                    </span>
                    <span class="quantity-error ct-span-product text-sm-center product-allocation" v-if="!isMinQtyReached &amp;&amp; !isMaxQtyReached">
                    {{quantitySelected}} no carrinho
                    </span>
                    <span class="quantity-error ct-span-error text-sm-center product-min-allocation" :data-pid="pid" v-if="isMinQtyReached &amp;&amp; !isMaxQtyReached">
                    Quantidade mínima atingida
                    </span>
                    </template>
                    </div>
                    <template v-if="showNotes">
                    <div class="add-note-link-container ">
                    <div class="add-note">
                    <a href="/produto/iogurte-grego-morango-oikos-7214149.html?showNote=true" class="ct-add-note-redirect-pdp" aria-label="Adicionar comentário">
                    <span class="svg-wrapper svg-icon-notes" style="width:19px; height:20px">
                    <svg class="svg-inline icon-notes" viewBox="0 0 28 30" xmlns="http://www.w3.org/2000/svg" width="100%" height="100%"><path d="M21.738 0C22.985 0 24 1.04 24 2.319V12.47c0 .469-.37.848-.828.848-.457 0-.827-.38-.827-.848V2.32c0-.343-.273-.622-.607-.622H2.262c-.334 0-.607.279-.607.622V27.68c0 .343.273.622.607.622h7.81c.457 0 .827.38.827.849 0 .468-.37.848-.827.848h-7.81C1.015 30 0 28.96 0 27.681V2.32C0 1.04 1.015 0 2.262 0h19.476zm2.844 16.004l.227.007c.823.053 1.589.39 2.176.964.64.627.993 1.46.993 2.349 0 .888-.353 1.722-.993 2.348l-6.83 6.665c-.11.108-.247.186-.397.226l-5.032 1.363c-.078.021-.16.032-.241.032-.242 0-.478-.097-.647-.266-.23-.231-.314-.566-.218-.874l1.49-4.798c.044-.139.122-.266.227-.369l6.844-6.677c.64-.625 1.493-.97 2.401-.97zm-2.886 3.94l-4.922 4.802-.947 3.048 3.22-.872 4.897-4.78-2.248-2.197zm2.887-2.174c-.425 0-.824.162-1.124.455l-.484.472 2.248 2.197.484-.472c.62-.606.62-1.591 0-2.197l-.117-.104c-.283-.227-.636-.35-1.007-.35zm-10.839.022c.498 0 .904.396.904.883 0 .488-.406.884-.904.884H5.946c-.499 0-.904-.396-.904-.884 0-.487.405-.883.904-.883zm5.042-4.876c.498 0 .904.397.904.884s-.406.884-.904.884H5.946c-.499 0-.904-.397-.904-.884s.405-.884.904-.884zm0-4.875c.498 0 .904.396.904.884 0 .487-.406.883-.904.883H5.946c-.499 0-.904-.396-.904-.883 0-.488.405-.884.904-.884z" fill="#EB0203" fill-rule="evenodd"></path></svg>
                    </span>
                    <div class="available-note d-none"></div>
                    </a>
                    </div>
                    </div>
                    </template>
                    <div class="measurement-unit-section" v-if="isPriceAvailable &amp;&amp; prodUnits ? prodUnits.hasAlternativeUnit : false">
                    <div class="ct-form-radio" @click="setDimension">
                    <input type="radio" title="" class="ct-form-check-input product-measurement-unit" :data-type="prodUnits.selectedUnit == prodUnits.secondaryUnit ? 'primary' : ''" :id="prodUnits.secondaryUnit + '-' + pid + '-measurement-unit-ptile' + additionalTag" :name="'measurement-unit-' + pid + '-ptile' + additionalTag" :value="prodUnits.secondaryUnit" v-model="prodUnits.selectedUnit">
                    <label :class="prodUnits.secondaryUnit + '-label ct-form-check-label mb-0'" :for="prodUnits.secondaryUnit + '-' + pid + '-measurement-unit-ptile' + additionalTag">
                    {{prodUnits.secondaryUnit}}
                    </label>
                    <span class="checkmark"></span>
                    </div>
                    <div class="ct-form-radio" @click="setDimension">
                    <input type="radio" title="" class="ct-form-check-input product-measurement-unit" :data-type="prodUnits.selectedUnit == prodUnits.primaryUnit ? 'primary' : ''" :id="prodUnits.primaryUnit + '-' + pid + '-measurement-unit-ptile' + additionalTag" :name="'measurement-unit-' + pid + '-ptile' + additionalTag" :value="prodUnits.primaryUnit" v-model="prodUnits.selectedUnit">
                    <label :class="prodUnits.primaryUnit + '-label ct-form-check-label mb-0'" :for="prodUnits.primaryUnit + '-' + pid + '-measurement-unit-ptile' + additionalTag">
                    {{prodUnits.primaryUnit}}
                    </label>
                    <span class="checkmark"></span>
                    </div>
                    </div>
                    <template v-if="!isPDP &amp;&amp; isPriceAvailable">
                    <span class="quantity-error ct-span-error product-max-allocation" v-if="isMaxQtyReached">
                    Quantidade máxima atingida
                    </span>
                    <span class="quantity-error ct-span-product product-allocation" v-if="!isMinQtyReached &amp;&amp; !isMaxQtyReached">
                    {{quantitySelected}} no carrinho
                    </span>
                    <span class="quantity-error ct-span-error product-min-allocation" :data-pid="pid" v-if="isMinQtyReached &amp;&amp; !isMaxQtyReached">
                    Quantidade mínima atingida
                    </span>
                    </template>
                    </template>
                    </div>
                    <input class="quantity-value-mask d-none" name="quantity" type="number" min="0" value="" tabindex="-1">
                    </div>
                    <button type="button" class="add-to-cart button js-add-to-cart js-add-to-cart-tile 7214149 button--primary dynamic-layout-btn" data-toggle="modal" data-target="#chooseBonusProductModal" data-pid="7214149" data-quantity-value="null" aria-label="Carrinho" tabindex="-1">
                    <span class="d-block d-sm-none">
                    <span class="svg-wrapper svg-icon-cart" style="width:20px; height:20px">
                    <svg class="svg-inline icon-cart" xmlns="http://www.w3.org/2000/svg" viewBox="0 0 500 500" width="100%" height="100%"><path fill="#EB0203" fill-rule="evenodd" d="M 485.67317,94.386311 C 476.37798,83.847129 463.09468,78.03348 448.30404,78.03348 H 90.690813 L 87.079511,51.327997 C 83.185582,22.539551 62.962285,0 41.011841,0 H 14.727836 C 6.563151,0 0,6.5286975 0,14.580758 c 0,8.05206 6.5945535,14.580758 14.727836,14.580758 h 26.284005 c 4.710398,0 14.696435,9.855222 16.894619,26.021523 L 100.01739,368.0631 c 1.88416,13.77244 9.01256,26.70549 20.1605,36.37417 8.25889,7.15046 18.02511,11.9071 28.26237,13.89679 -4.17655,7.58572 -6.53175,16.25957 -6.53175,25.493 0,29.53459 24.27424,53.59751 54.13815,53.59751 29.8325,0 54.13814,-24.03184 54.13814,-53.59751 0,-8.79818 -2.19818,-17.09897 -5.9979,-24.43598 h 77.12488 c -3.79973,7.33701 -5.96652,15.6378 -5.96652,24.43598 0,29.53459 24.27424,53.59751 54.13817,53.59751 29.83249,0 54.13814,-24.03184 54.13814,-53.59751 0,-8.79818 -2.1982,-17.09897 -5.9979,-24.43598 h 38.56243 c 8.13328,0 14.72783,-6.5287 14.72783,-14.61183 0,-8.02098 -6.59455,-14.54967 -14.72783,-14.54967 H 159.24277 c -14.38241,0 -28.13677,-11.90711 -30.02092,-26.02153 l -3.07746,-22.88154 h 290.6314 c 14.03698,0 27.94834,-5.28513 39.06488,-14.95381 11.11652,-9.6376 18.27632,-22.57065 20.16048,-36.37417 l 21.10259,-156.78201 c 1.94694,-14.51858 -2.10398,-28.29103 -11.43057,-38.861299 z M 220.76053,443.82706 c 0,13.49265 -11.08513,24.46709 -24.68247,24.46709 -13.62874,0 -24.71387,-10.97444 -24.71387,-24.46709 0,-13.49262 11.08513,-24.43598 24.71387,-24.43598 13.59734,0 24.68247,10.94336 24.68247,24.43598 z m 173.43675,0 c 0,13.49265 -11.08512,24.46709 -24.68245,24.46709 -13.62876,0 -24.71388,-10.97444 -24.71388,-24.46709 0,-13.49262 11.08512,-24.43598 24.71388,-24.43598 13.59733,0 24.68245,10.94336 24.68245,24.43598 z m 73.7648,-314.46558 -21.13397,156.782 c -1.88416,14.11442 -15.63851,26.05261 -30.02091,26.05261 H 122.25046 L 94.616142,107.19499 H 448.33544 c 6.18632,0 11.61896,2.2695 15.23028,6.37326 3.64269,4.13484 5.21283,9.73086 4.39636,15.79323 z"></path></svg>
                    </span>
                    </span>
                    <span class="add-to-cart--text d-none d-sm-block">Carrinho</span>
                    </button>
                    </div>
                    </div>
                    </div>
                    </div>
                    
                    <div class="col-12 d-sm-none">
                    </div>
                    </div>
                    </div>
                    </div>
                    </div><div class="pd-tile-wrap slick-slide slick-cloned" data-idx="4" style="width: 276px; height: auto;" data-slick-index="13" id="" aria-hidden="true" tabindex="-1">
                    
                    <script type="text/javascript">//<!--
                    /* <![CDATA[ */
                    (function(){
                    try {
                        if(window.CQuotient) {
                            var cq_params = {};
                            cq_params.cookieId = window.CQuotient.getCQCookieId();
                            cq_params.userId = window.CQuotient.getCQUserId();
                            cq_params.emailId = CQuotient.getCQHashedEmail();
                            cq_params.loginId = CQuotient.getCQHashedLogin();
                            cq_params.accumulate = true;
                            cq_params.products = [{
                                id: '2528757',
                                sku: '',
                                type: '',
                                alt_id: ''
                            }];
                            cq_params.recommenderName = '__UNDEFINED__';
                            cq_params.realm = "BDVS";
                            cq_params.siteId = "continente";
                            cq_params.instanceType = "prd";
                            cq_params.locale = window.CQuotient.locale;
                            cq_params.slotId = '';
                            cq_params.slotConfigId = '';
                            cq_params.slotConfigTemplate = '';
                            if(window.CQuotient.sendActivity)
                                window.CQuotient.sendActivity( CQuotient.clientId, 'viewReco', cq_params );
                            else
                                window.CQuotient.activities.push( {activityType: 'viewReco', parameters: cq_params} );
                        }
                    } catch(err) {}
                    })();
                    /* ]]> */
                    // -->
                    </script>
                    <script type="text/javascript">//<!--
                    /* <![CDATA[ (viewProduct-active_data.js) */
                    dw.ac._capture({id: "2528757", type: "recommendation"});
                    /* ]]> */
                    // -->
                    </script>
                    <div class="product" data-pid="2528757">
                    <div class="product-tile pid-2528757   ct-product-tile " data-delay-time="3000" data-variants-mapping="[]" data-in-cart-msg="no carrinho" data-one-product-added="Adicionado ao carrinho" data-remove-from-cart-msg="Removido do carrinho" data-stay-open="6000.0" data-product-tile-impression="{&quot;name&quot;:&quot;2528757&quot;,&quot;id&quot;:&quot;2528757&quot;,&quot;price&quot;:2.95,&quot;brand&quot;:&quot;Vaqueiro&quot;,&quot;category&quot;:[{&quot;category_level_1&quot;:&quot;Laticínios e Ovos&quot;},{&quot;category_level_2&quot;:&quot;Natas e Bechamel&quot;},{&quot;category_level_3&quot;:&quot;Cremes Vegetais&quot;}],&quot;variant&quot;:&quot;&quot;}">
                    <div class="ct-inner-tile-wrap row no-gutters justify-content-center align-content-start">
                    <div class="ct-product-tile-badge ct-product-tile-badge--promotional">
                    <img class="img-fluid lazyloaded" loading="lazy" data-src="https://www.continente.pt/dw/image/v2/BDVS_PRD/on/demandware.static/-/Sites-continente-Library/default/dwf5980f2e/images/badges/pvpr/col/pvpr.png?sw=60&amp;sh=42" alt="PVP Recomendado: €3,49/un" title="PVP Recomendado: €3,49/un" src="https://www.continente.pt/dw/image/v2/BDVS_PRD/on/demandware.static/-/Sites-continente-Library/default/dwf5980f2e/images/badges/pvpr/col/pvpr.png?sw=60&amp;sh=42">
                    <div class="ct-product-tile-badge-value-wrapper ct-product-tile-badge-value-wrapper--pvpr  ">
                    <span class="ct-product-tile-badge-value--pvpr">
                    15
                    </span>
                    <span class="ct-product-tile-badge-value--pvpr-quantifier ">
                    %
                    </span>
                    </div>
                    </div>
                    
                    <div class="ct-image-container col-4 col-sm" data-confirmation-image="{&quot;url&quot;:&quot;https://www.continente.pt/dw/image/v2/BDVS_PRD/on/demandware.static/-/Sites-col-master-catalog/default/dw3514f4a6/images/col/252/2528757-hero.jpg?sw=87&amp;sh=80&quot;,&quot;fallbackimage&quot;:{&quot;url&quot;:&quot;https://www.continente.pt/dw/image/v2/BDVS_PRD/on/demandware.static/Sites-continente-Site/-/default/dw7c42b4da/images/noimagelarge_product.png?sw=87&amp;sh=80&quot;,&quot;title&quot;:&quot;Creme Culinário Líquido&quot;,&quot;alt&quot;:&quot;Creme Culinário Líquido&quot;},&quot;title&quot;:&quot;Creme Culinário Líquido&quot;,&quot;alt&quot;:&quot;Creme Culinário Líquido&quot;}">
                    <a href="https://www.continente.pt/produto/creme-culinario-liquido-vaqueiro-2528757.html?cgid=home" tabindex="-1">
                    <picture class="intrinsic intrinsic--square">
                    <img class="ct-tile-image lazyloaded" loading="lazy" onerror="this.onerror=null;this.src='/on/demandware.static/Sites-continente-Site/-/default/dw7c42b4da/images/noimagelarge_product.png';" data-src="https://www.continente.pt/dw/image/v2/BDVS_PRD/on/demandware.static/-/Sites-col-master-catalog/default/dw3514f4a6/images/col/252/2528757-hero.jpg?sw=280&amp;sh=280" alt="Creme Culinário Líquido" title="Creme Culinário Líquido" src="https://www.continente.pt/dw/image/v2/BDVS_PRD/on/demandware.static/-/Sites-col-master-catalog/default/dw3514f4a6/images/col/252/2528757-hero.jpg?sw=280&amp;sh=280">
                    </picture>
                    </a>
                    <div class="color-swatches d-flex" style="margin-left: 5px;">
                    <div class="swatches d-flex">
                    </div>
                    </div>
                    </div>
                    <div class="ct-tile-body col col-sm-auto ">
                    <div class="ct-pdp-details">
                    <div class="ct-pdp-link">
                    <a class="ct-tile--description" href="https://www.continente.pt/produto/creme-culinario-liquido-vaqueiro-2528757.html?cgid=home" tabindex="-1">Creme Culinário Líquido</a>
                    <div class="ct-tile--favorite-top d-sm-none">
                    <button class="wishlist-toggler guest-mode inactive button button--tertiary" data-pid="2528757" data-add-url="https://www.continente.pt/on/demandware.store/Sites-continente-Site/default/Wishlist-AddProduct?pid=2528757" data-toggle="tooltip" aria-label="Adicionar aos favoritos " data-original-title="Adicionar aos favoritos" data-placement="top" tabindex="-1">
                    <svg class="active-content" width="100%" height="100%" viewBox="0 0 20 22" fill="none" xmlns="http://www.w3.org/2000/svg">
                    <path fill-rule="evenodd" clip-rule="evenodd" d="M0 1.53052C0 0.685236 0.692171 0 1.54601 0H15.0736C15.9274 0 16.6196 0.685235 16.6196 1.53052V13.4064L15.8127 13.922L14.2658 14.2658L12.7189 13.4064L10.6054 14.3818C10.4994 14.2451 10.3327 14.157 10.1452 14.157H6.76329C6.4431 14.157 6.18354 14.414 6.18354 14.731C6.18354 15.0479 6.4431 15.3049 6.76329 15.3049H10.1452C10.2478 15.3049 10.3441 15.2785 10.4277 15.2322L10.3126 16.8439L13.2345 20.2793H1.54601C0.69217 20.2793 0 19.5941 0 18.7488V1.53052ZM6.18354 5.5483C6.18354 5.23132 6.4431 4.97436 6.76329 4.97436H12.3676C12.6878 4.97436 12.9473 5.23132 12.9473 5.5483C12.9473 5.86528 12.6878 6.12224 12.3676 6.12224H6.76329C6.4431 6.12224 6.18354 5.86528 6.18354 5.5483ZM6.76329 11.0961C6.4431 11.0961 6.18354 11.3531 6.18354 11.6701C6.18354 11.987 6.4431 12.244 6.76329 12.244H12.3676C12.6878 12.244 12.9473 11.987 12.9473 11.6701C12.9473 11.3531 12.6878 11.0961 12.3676 11.0961H6.76329ZM6.18354 8.60985C6.18354 8.29287 6.4431 8.03591 6.76329 8.03591H12.3676C12.6878 8.03591 12.9473 8.29287 12.9473 8.60985C12.9473 8.92684 12.6878 9.1838 12.3676 9.1838H6.76329C6.4431 9.1838 6.18354 8.92684 6.18354 8.60985ZM3.67118 5.5483C3.67118 5.23132 3.93075 4.97436 4.25093 4.97436H4.63743C4.95762 4.97436 5.21719 5.23132 5.21719 5.5483C5.21719 5.86528 4.95762 6.12224 4.63743 6.12224H4.25093C3.93075 6.12224 3.67118 5.86528 3.67118 5.5483ZM4.25093 11.0961C3.93075 11.0961 3.67118 11.3531 3.67118 11.6701C3.67118 11.987 3.93075 12.244 4.25093 12.244H4.63743C4.95762 12.244 5.21719 11.987 5.21719 11.6701C5.21719 11.3531 4.95762 11.0961 4.63743 11.0961H4.25093ZM3.67118 8.60985C3.67118 8.29287 3.93075 8.03591 4.25093 8.03591H4.63743C4.95762 8.03591 5.21719 8.29287 5.21719 8.60985C5.21719 8.92684 4.95762 9.1838 4.63743 9.1838H4.25093C3.93075 9.1838 3.67118 8.92684 3.67118 8.60985ZM4.25093 14.157C3.93075 14.157 3.67118 14.414 3.67118 14.731C3.67118 15.0479 3.93075 15.3049 4.25093 15.3049H4.63743C4.95762 15.3049 5.21719 15.0479 5.21719 14.731C5.21719 14.414 4.95762 14.157 4.63743 14.157H4.25093Z" fill="#EB0203"></path>
                    <path fill-rule="evenodd" clip-rule="evenodd" d="M14.6252 13.6363C13.4918 12.6215 11.7817 12.5264 10.6569 13.4792C9.12421 14.7764 9.34841 16.8912 10.4409 18.0122L14.0159 21.6742C14.2197 21.8832 14.4928 22 14.7822 22C15.0737 22 15.3448 21.8852 15.5486 21.6762L19.1236 18.0142C20.214 16.8933 20.4423 14.7785 18.9075 13.4792C17.7827 12.5283 16.0724 12.6217 14.9391 13.6365C14.8855 13.6845 14.8331 13.7345 14.7822 13.7866C14.7313 13.7345 14.6789 13.6843 14.6252 13.6363ZM18.1546 14.3522C19.0973 15.1508 18.9962 16.4896 18.2891 17.2173C18.2888 17.2175 18.2886 17.2177 18.2884 17.218L14.7832 20.8084L11.2753 17.2151C11.2752 17.215 11.2751 17.2149 11.2749 17.2148C10.5677 16.4887 10.4678 15.1495 11.4104 14.3518L11.4108 14.3514C12.0745 13.7892 13.2018 13.82 13.9488 14.5846L14.7822 15.4378L15.6157 14.5846C16.3617 13.8211 17.4896 13.79 18.1545 14.3521" fill="#EB0203"></path>
                    </svg>
                    <svg class="inactive-content" width="100%" height="100%" viewBox="0 0 20 23" fill="none" xmlns="http://www.w3.org/2000/svg">
                    <path fill-rule="evenodd" clip-rule="evenodd" d="M6.18408 5.77914C6.18408 5.46223 6.44363 5.20532 6.7638 5.20532H12.3678C12.6879 5.20532 12.9475 5.46223 12.9475 5.77914C12.9475 6.09606 12.6879 6.35297 12.3678 6.35297H6.7638C6.44363 6.35297 6.18408 6.09606 6.18408 5.77914Z" fill="#EB0203"></path>
                    <path fill-rule="evenodd" clip-rule="evenodd" d="M6.18408 11.9034C6.18408 11.5865 6.44363 11.3296 6.7638 11.3296H12.3678C12.6879 11.3296 12.9475 11.5865 12.9475 11.9034C12.9475 12.2202 12.6879 12.4771 12.3678 12.4771H6.7638C6.44363 12.4771 6.18408 12.2202 6.18408 11.9034Z" fill="#EB0203"></path>
                    <path fill-rule="evenodd" clip-rule="evenodd" d="M6.18408 8.84116C6.18408 8.52424 6.44363 8.26733 6.7638 8.26733H12.3678C12.6879 8.26733 12.9475 8.52424 12.9475 8.84116C12.9475 9.15807 12.6879 9.41498 12.3678 9.41498H6.7638C6.44363 9.41498 6.18408 9.15807 6.18408 8.84116Z" fill="#EB0203"></path>
                    <path fill-rule="evenodd" clip-rule="evenodd" d="M6.18408 14.9655C6.18408 14.6486 6.44363 14.3917 6.7638 14.3917H10.1455C10.4657 14.3917 10.7252 14.6486 10.7252 14.9655C10.7252 15.2825 10.4657 15.5394 10.1455 15.5394H6.7638C6.44363 15.5394 6.18408 15.2825 6.18408 14.9655Z" fill="#EB0203"></path>
                    <path fill-rule="evenodd" clip-rule="evenodd" d="M3.67139 5.77914C3.67139 5.46223 3.93094 5.20532 4.25111 5.20532H4.63759C4.95776 5.20532 5.21731 5.46223 5.21731 5.77914C5.21731 6.09606 4.95776 6.35297 4.63759 6.35297H4.25111C3.93094 6.35297 3.67139 6.09606 3.67139 5.77914Z" fill="#EB0203"></path>
                    <path fill-rule="evenodd" clip-rule="evenodd" d="M3.67139 11.9034C3.67139 11.5865 3.93094 11.3296 4.25111 11.3296H4.63759C4.95776 11.3296 5.21731 11.5865 5.21731 11.9034C5.21731 12.2202 4.95776 12.4771 4.63759 12.4771H4.25111C3.93094 12.4771 3.67139 12.2202 3.67139 11.9034Z" fill="#EB0203"></path>
                    <path fill-rule="evenodd" clip-rule="evenodd" d="M3.67139 8.84116C3.67139 8.52424 3.93094 8.26733 4.25111 8.26733H4.63759C4.95776 8.26733 5.21731 8.52424 5.21731 8.84116C5.21731 9.15807 4.95776 9.41498 4.63759 9.41498H4.25111C3.93094 9.41498 3.67139 9.15807 3.67139 8.84116Z" fill="#EB0203"></path>
                    <path fill-rule="evenodd" clip-rule="evenodd" d="M3.67139 14.9655C3.67139 14.6486 3.93094 14.3917 4.25111 14.3917H4.63759C4.95776 14.3917 5.21731 14.6486 5.21731 14.9655C5.21731 15.2825 4.95776 15.5394 4.63759 15.5394H4.25111C3.93094 15.5394 3.67139 15.2825 3.67139 14.9655Z" fill="#EB0203"></path>
                    <path fill-rule="evenodd" clip-rule="evenodd" d="M0 1.76033C0 0.914738 0.692131 0.229248 1.54592 0.229248H15.0727C15.9265 0.229248 16.6186 0.914738 16.6186 1.76033V11.2818C16.6186 11.5989 16.3591 11.8559 16.0389 11.8559C15.7187 11.8559 15.4592 11.5989 15.4592 11.2818V1.76033C15.4592 1.54893 15.2862 1.37756 15.0727 1.37756H1.54592C1.33247 1.37756 1.15944 1.54893 1.15944 1.76033V18.985C1.15944 19.1964 1.33247 19.3678 1.54592 19.3678H9.27551C9.59568 19.3678 9.85523 19.6249 9.85523 19.942C9.85523 20.2591 9.59568 20.5161 9.27551 20.5161H1.54592C0.692131 20.5161 0 19.8306 0 18.985V1.76033Z" fill="#EB0203"></path>
                    <path fill-rule="evenodd" clip-rule="evenodd" d="M14.6254 13.8718C13.4921 12.8567 11.7821 12.7615 10.6574 13.7147C9.12472 15.0124 9.34891 17.128 10.4413 18.2493L14.0161 21.9126C14.2199 22.1217 14.493 22.2386 14.7824 22.2386C15.0739 22.2386 15.3449 22.1238 15.5487 21.9147L19.1235 18.2514C20.2139 17.13 20.4422 15.0144 18.9075 13.7147C17.7827 12.7634 16.0726 12.8569 14.9392 13.872C14.8856 13.92 14.8333 13.9701 14.7824 14.0222C14.7314 13.97 14.6791 13.9199 14.6254 13.8718ZM18.1546 14.588C19.0972 15.3869 18.9961 16.7262 18.2891 17.4541C18.2888 17.4543 18.2886 17.4546 18.2884 17.4548L14.7834 21.0466L11.2757 17.452C11.2756 17.4519 11.2755 17.4517 11.2753 17.4516C10.5681 16.7252 10.4682 15.3856 11.4108 14.5876L11.4112 14.5872C12.0748 14.0248 13.202 14.0556 13.949 14.8205L14.7824 15.674L15.6158 14.8205C16.3618 14.0567 17.4896 14.0256 18.1545 14.5879" fill="#EB0203"></path>
                    </svg>
                    </button>
                    </div>
                    </div>
                    <p class="ct-tile--brand">Vaqueiro</p>
                    <p class="ct-tile--quantity">emb. 500 ml</p>
                    </div>
                    <div class="ct-tile-bottom row no-gutters justify-content-between">
                    <div class="ct-price-wrap col-8 col-sm-12">
                    <div class="price js-product-price">
                    <div class="prices-wrapper">
                    <span class="sales ct-tile--price-primary ">
                    <span class="value" content="2.95">
                    <span class="ct-price-formatted">
                    €2,95
                    </span>
                    <span class="ct-m-unit">
                    /un
                    </span>
                    </span>
                    </span>
                    </div>
                    <div class="ct-tile--price-secondary">
                    <span class="ct-price-value">
                    €5,90
                    </span>
                    <span class="ct-m-unit">
                    /lt
                    </span>
                    </div>
                    <p class="ct-discount-amount ct-discount-amount-pvpr">PVP Recomendado: €3,49/un</p>
                    </div>
                    </div>
                    <div class="ct-tile-buy-section d-flex justify-content-center no-gutters col-auto col-sm-12">
                    <div class="col-2 d-sm-flex d-none">
                    <button class="wishlist-toggler guest-mode inactive button button--tertiary" data-pid="2528757" data-add-url="https://www.continente.pt/on/demandware.store/Sites-continente-Site/default/Wishlist-AddProduct?pid=2528757" data-toggle="tooltip" aria-label="Adicionar aos favoritos " data-original-title="Adicionar aos favoritos" data-placement="top" tabindex="-1">
                    <svg class="active-content" width="100%" height="100%" viewBox="0 0 20 22" fill="none" xmlns="http://www.w3.org/2000/svg">
                    <path fill-rule="evenodd" clip-rule="evenodd" d="M0 1.53052C0 0.685236 0.692171 0 1.54601 0H15.0736C15.9274 0 16.6196 0.685235 16.6196 1.53052V13.4064L15.8127 13.922L14.2658 14.2658L12.7189 13.4064L10.6054 14.3818C10.4994 14.2451 10.3327 14.157 10.1452 14.157H6.76329C6.4431 14.157 6.18354 14.414 6.18354 14.731C6.18354 15.0479 6.4431 15.3049 6.76329 15.3049H10.1452C10.2478 15.3049 10.3441 15.2785 10.4277 15.2322L10.3126 16.8439L13.2345 20.2793H1.54601C0.69217 20.2793 0 19.5941 0 18.7488V1.53052ZM6.18354 5.5483C6.18354 5.23132 6.4431 4.97436 6.76329 4.97436H12.3676C12.6878 4.97436 12.9473 5.23132 12.9473 5.5483C12.9473 5.86528 12.6878 6.12224 12.3676 6.12224H6.76329C6.4431 6.12224 6.18354 5.86528 6.18354 5.5483ZM6.76329 11.0961C6.4431 11.0961 6.18354 11.3531 6.18354 11.6701C6.18354 11.987 6.4431 12.244 6.76329 12.244H12.3676C12.6878 12.244 12.9473 11.987 12.9473 11.6701C12.9473 11.3531 12.6878 11.0961 12.3676 11.0961H6.76329ZM6.18354 8.60985C6.18354 8.29287 6.4431 8.03591 6.76329 8.03591H12.3676C12.6878 8.03591 12.9473 8.29287 12.9473 8.60985C12.9473 8.92684 12.6878 9.1838 12.3676 9.1838H6.76329C6.4431 9.1838 6.18354 8.92684 6.18354 8.60985ZM3.67118 5.5483C3.67118 5.23132 3.93075 4.97436 4.25093 4.97436H4.63743C4.95762 4.97436 5.21719 5.23132 5.21719 5.5483C5.21719 5.86528 4.95762 6.12224 4.63743 6.12224H4.25093C3.93075 6.12224 3.67118 5.86528 3.67118 5.5483ZM4.25093 11.0961C3.93075 11.0961 3.67118 11.3531 3.67118 11.6701C3.67118 11.987 3.93075 12.244 4.25093 12.244H4.63743C4.95762 12.244 5.21719 11.987 5.21719 11.6701C5.21719 11.3531 4.95762 11.0961 4.63743 11.0961H4.25093ZM3.67118 8.60985C3.67118 8.29287 3.93075 8.03591 4.25093 8.03591H4.63743C4.95762 8.03591 5.21719 8.29287 5.21719 8.60985C5.21719 8.92684 4.95762 9.1838 4.63743 9.1838H4.25093C3.93075 9.1838 3.67118 8.92684 3.67118 8.60985ZM4.25093 14.157C3.93075 14.157 3.67118 14.414 3.67118 14.731C3.67118 15.0479 3.93075 15.3049 4.25093 15.3049H4.63743C4.95762 15.3049 5.21719 15.0479 5.21719 14.731C5.21719 14.414 4.95762 14.157 4.63743 14.157H4.25093Z" fill="#EB0203"></path>
                    <path fill-rule="evenodd" clip-rule="evenodd" d="M14.6252 13.6363C13.4918 12.6215 11.7817 12.5264 10.6569 13.4792C9.12421 14.7764 9.34841 16.8912 10.4409 18.0122L14.0159 21.6742C14.2197 21.8832 14.4928 22 14.7822 22C15.0737 22 15.3448 21.8852 15.5486 21.6762L19.1236 18.0142C20.214 16.8933 20.4423 14.7785 18.9075 13.4792C17.7827 12.5283 16.0724 12.6217 14.9391 13.6365C14.8855 13.6845 14.8331 13.7345 14.7822 13.7866C14.7313 13.7345 14.6789 13.6843 14.6252 13.6363ZM18.1546 14.3522C19.0973 15.1508 18.9962 16.4896 18.2891 17.2173C18.2888 17.2175 18.2886 17.2177 18.2884 17.218L14.7832 20.8084L11.2753 17.2151C11.2752 17.215 11.2751 17.2149 11.2749 17.2148C10.5677 16.4887 10.4678 15.1495 11.4104 14.3518L11.4108 14.3514C12.0745 13.7892 13.2018 13.82 13.9488 14.5846L14.7822 15.4378L15.6157 14.5846C16.3617 13.8211 17.4896 13.79 18.1545 14.3521" fill="#EB0203"></path>
                    </svg>
                    <svg class="inactive-content" width="100%" height="100%" viewBox="0 0 20 23" fill="none" xmlns="http://www.w3.org/2000/svg">
                    <path fill-rule="evenodd" clip-rule="evenodd" d="M6.18408 5.77914C6.18408 5.46223 6.44363 5.20532 6.7638 5.20532H12.3678C12.6879 5.20532 12.9475 5.46223 12.9475 5.77914C12.9475 6.09606 12.6879 6.35297 12.3678 6.35297H6.7638C6.44363 6.35297 6.18408 6.09606 6.18408 5.77914Z" fill="#EB0203"></path>
                    <path fill-rule="evenodd" clip-rule="evenodd" d="M6.18408 11.9034C6.18408 11.5865 6.44363 11.3296 6.7638 11.3296H12.3678C12.6879 11.3296 12.9475 11.5865 12.9475 11.9034C12.9475 12.2202 12.6879 12.4771 12.3678 12.4771H6.7638C6.44363 12.4771 6.18408 12.2202 6.18408 11.9034Z" fill="#EB0203"></path>
                    <path fill-rule="evenodd" clip-rule="evenodd" d="M6.18408 8.84116C6.18408 8.52424 6.44363 8.26733 6.7638 8.26733H12.3678C12.6879 8.26733 12.9475 8.52424 12.9475 8.84116C12.9475 9.15807 12.6879 9.41498 12.3678 9.41498H6.7638C6.44363 9.41498 6.18408 9.15807 6.18408 8.84116Z" fill="#EB0203"></path>
                    <path fill-rule="evenodd" clip-rule="evenodd" d="M6.18408 14.9655C6.18408 14.6486 6.44363 14.3917 6.7638 14.3917H10.1455C10.4657 14.3917 10.7252 14.6486 10.7252 14.9655C10.7252 15.2825 10.4657 15.5394 10.1455 15.5394H6.7638C6.44363 15.5394 6.18408 15.2825 6.18408 14.9655Z" fill="#EB0203"></path>
                    <path fill-rule="evenodd" clip-rule="evenodd" d="M3.67139 5.77914C3.67139 5.46223 3.93094 5.20532 4.25111 5.20532H4.63759C4.95776 5.20532 5.21731 5.46223 5.21731 5.77914C5.21731 6.09606 4.95776 6.35297 4.63759 6.35297H4.25111C3.93094 6.35297 3.67139 6.09606 3.67139 5.77914Z" fill="#EB0203"></path>
                    <path fill-rule="evenodd" clip-rule="evenodd" d="M3.67139 11.9034C3.67139 11.5865 3.93094 11.3296 4.25111 11.3296H4.63759C4.95776 11.3296 5.21731 11.5865 5.21731 11.9034C5.21731 12.2202 4.95776 12.4771 4.63759 12.4771H4.25111C3.93094 12.4771 3.67139 12.2202 3.67139 11.9034Z" fill="#EB0203"></path>
                    <path fill-rule="evenodd" clip-rule="evenodd" d="M3.67139 8.84116C3.67139 8.52424 3.93094 8.26733 4.25111 8.26733H4.63759C4.95776 8.26733 5.21731 8.52424 5.21731 8.84116C5.21731 9.15807 4.95776 9.41498 4.63759 9.41498H4.25111C3.93094 9.41498 3.67139 9.15807 3.67139 8.84116Z" fill="#EB0203"></path>
                    <path fill-rule="evenodd" clip-rule="evenodd" d="M3.67139 14.9655C3.67139 14.6486 3.93094 14.3917 4.25111 14.3917H4.63759C4.95776 14.3917 5.21731 14.6486 5.21731 14.9655C5.21731 15.2825 4.95776 15.5394 4.63759 15.5394H4.25111C3.93094 15.5394 3.67139 15.2825 3.67139 14.9655Z" fill="#EB0203"></path>
                    <path fill-rule="evenodd" clip-rule="evenodd" d="M0 1.76033C0 0.914738 0.692131 0.229248 1.54592 0.229248H15.0727C15.9265 0.229248 16.6186 0.914738 16.6186 1.76033V11.2818C16.6186 11.5989 16.3591 11.8559 16.0389 11.8559C15.7187 11.8559 15.4592 11.5989 15.4592 11.2818V1.76033C15.4592 1.54893 15.2862 1.37756 15.0727 1.37756H1.54592C1.33247 1.37756 1.15944 1.54893 1.15944 1.76033V18.985C1.15944 19.1964 1.33247 19.3678 1.54592 19.3678H9.27551C9.59568 19.3678 9.85523 19.6249 9.85523 19.942C9.85523 20.2591 9.59568 20.5161 9.27551 20.5161H1.54592C0.692131 20.5161 0 19.8306 0 18.985V1.76033Z" fill="#EB0203"></path>
                    <path fill-rule="evenodd" clip-rule="evenodd" d="M14.6254 13.8718C13.4921 12.8567 11.7821 12.7615 10.6574 13.7147C9.12472 15.0124 9.34891 17.128 10.4413 18.2493L14.0161 21.9126C14.2199 22.1217 14.493 22.2386 14.7824 22.2386C15.0739 22.2386 15.3449 22.1238 15.5487 21.9147L19.1235 18.2514C20.2139 17.13 20.4422 15.0144 18.9075 13.7147C17.7827 12.7634 16.0726 12.8569 14.9392 13.872C14.8856 13.92 14.8333 13.9701 14.7824 14.0222C14.7314 13.97 14.6791 13.9199 14.6254 13.8718ZM18.1546 14.588C19.0972 15.3869 18.9961 16.7262 18.2891 17.4541C18.2888 17.4543 18.2886 17.4546 18.2884 17.4548L14.7834 21.0466L11.2757 17.452C11.2756 17.4519 11.2755 17.4517 11.2753 17.4516C10.5681 16.7252 10.4682 15.3856 11.4108 14.5876L11.4112 14.5872C12.0748 14.0248 13.202 14.0556 13.949 14.8205L14.7824 15.674L15.6158 14.8205C16.3618 14.0567 17.4896 14.0256 18.1545 14.5879" fill="#EB0203"></path>
                    </svg>
                    </button>
                    </div>
                    <div class="col-sm-10 col-12">
                    <div class="ct-tile-quantity d-none" data-pid="2528757">
                    <input type="hidden" class="add-to-cart-url" value="https://www.continente.pt/on/demandware.store/Sites-continente-Site/default/Cart-AddProduct" tabindex="-1">
                    <div class="d-none tile-delete-confirmation-btn" data-pid="2528757" data-delay-time="3000" data-in-cart-msg="no carrinho" data-one-product-added="Adicionado ao carrinho" data-remove-from-cart-msg="Removido do carrinho" data-stay-open="6000.0" data-confirmation-image="{&quot;url&quot;:&quot;https://www.continente.pt/dw/image/v2/BDVS_PRD/on/demandware.static/-/Sites-col-master-catalog/default/dw3514f4a6/images/col/252/2528757-hero.jpg?sw=87&amp;sh=80&quot;,&quot;fallbackimage&quot;:{&quot;url&quot;:&quot;https://www.continente.pt/dw/image/v2/BDVS_PRD/on/demandware.static/Sites-continente-Site/-/default/dw7c42b4da/images/noimagelarge_product.png?sw=87&amp;sh=80&quot;,&quot;title&quot;:&quot;Creme Culinário Líquido&quot;,&quot;alt&quot;:&quot;Creme Culinário Líquido&quot;},&quot;title&quot;:&quot;Creme Culinário Líquido&quot;,&quot;alt&quot;:&quot;Creme Culinário Líquido&quot;}"></div>
                    <div class="ct-tile-quantity-update quantity-update product-qty-vue" data-remove-action="https://www.continente.pt/on/demandware.store/Sites-continente-Site/default/Cart-RemoveProductLineItem" data-action="https://www.continente.pt/on/demandware.store/Sites-continente-Site/default/Cart-UpdateQuantity" data-dimension-update="https://www.continente.pt/on/demandware.store/Sites-continente-Site/default/Cart-DimensionUpdate" data-pid="2528757" data-uuid="471c35f0ef79cf859da474e99e" data-add-delay="500.0" data-measure-options="{&quot;hasConversionRate&quot;:false,&quot;hasAlternativeSaleUnit&quot;:false,&quot;unitConversionRate&quot;:0,&quot;minOrderQuantity&quot;:1,&quot;stepQuantity&quot;:1,&quot;primaryunit&quot;:&quot;un&quot;,&quot;secondaryunit&quot;:&quot;lt&quot;,&quot;selectedunit&quot;:&quot;primary&quot;,&quot;maxNumberOfUnitsPerSale&quot;:50}" data-price-available="null" :data-has-error="isMaxQtyReached || isMinQtyReached || qtySelectedMoreThanOne">
                    <template v-show="prodUnits">
                    <div class="quantity-input-wrapper has-units">
                    <label class="visually-hidden" :for="'quantity-' + pid + additionalTag">
                    Quantidade no carrinho
                    </label>
                    <input :ref="'quantityInput-' + pid + additionalTag" class="add-to-cart-quantity form-control ct-form-input text-center" inputmode="numeric" :class="{'is-invalid': isInvalid}" :data-pid="pid + additionalTag" :name="'quantity-' + pid + additionalTag" type="text" aria-label="Insira a quantidade" title="" v-model="displayValue" @change="updateQuantity" @focus="updateQtyFormat" @blur="restoreQtyFormat" :disabled="!isPriceAvailable">
                    <span class="quantity-icon quantity-icon--minus">
                    <button class="decrease-quantity-btn" @click="updateQuantity" :disabled="!isPriceAvailable" role="button" aria-label="Reduzir quantidade">
                    <i class="css-math-minus"></i>
                    </button>
                    </span>
                    <span class="quantity-icon quantity-icon--plus">
                    <button class="increase-quantity-btn" @click="updateQuantity" :disabled="isMaxQtyReached || !isPriceAvailable" role="button" aria-label="Aumentar quantidade">
                    <i class="css-math-plus"></i>
                    </button>
                    <span class="quantity-btn-disabled-placeholder"></span>
                    </span>
                    <template v-if="isPDP">
                    <span class="quantity-error ct-span-error text-sm-center product-max-allocation" v-if="isMaxQtyReached">
                    Quantidade máxima atingida
                    </span>
                    <span class="quantity-error ct-span-product text-sm-center product-allocation" v-if="!isMinQtyReached &amp;&amp; !isMaxQtyReached">
                    {{quantitySelected}} no carrinho
                    </span>
                    <span class="quantity-error ct-span-error text-sm-center product-min-allocation" :data-pid="pid" v-if="isMinQtyReached &amp;&amp; !isMaxQtyReached">
                    Quantidade mínima atingida
                    </span>
                    </template>
                    </div>
                    <template v-if="showNotes">
                    <div class="add-note-link-container ">
                    <div class="add-note">
                    <a href="/produto/creme-culinario-liquido-vaqueiro-2528757.html?showNote=true" class="ct-add-note-redirect-pdp" aria-label="Adicionar comentário">
                    <span class="svg-wrapper svg-icon-notes" style="width:19px; height:20px">
                    <svg class="svg-inline icon-notes" viewBox="0 0 28 30" xmlns="http://www.w3.org/2000/svg" width="100%" height="100%"><path d="M21.738 0C22.985 0 24 1.04 24 2.319V12.47c0 .469-.37.848-.828.848-.457 0-.827-.38-.827-.848V2.32c0-.343-.273-.622-.607-.622H2.262c-.334 0-.607.279-.607.622V27.68c0 .343.273.622.607.622h7.81c.457 0 .827.38.827.849 0 .468-.37.848-.827.848h-7.81C1.015 30 0 28.96 0 27.681V2.32C0 1.04 1.015 0 2.262 0h19.476zm2.844 16.004l.227.007c.823.053 1.589.39 2.176.964.64.627.993 1.46.993 2.349 0 .888-.353 1.722-.993 2.348l-6.83 6.665c-.11.108-.247.186-.397.226l-5.032 1.363c-.078.021-.16.032-.241.032-.242 0-.478-.097-.647-.266-.23-.231-.314-.566-.218-.874l1.49-4.798c.044-.139.122-.266.227-.369l6.844-6.677c.64-.625 1.493-.97 2.401-.97zm-2.886 3.94l-4.922 4.802-.947 3.048 3.22-.872 4.897-4.78-2.248-2.197zm2.887-2.174c-.425 0-.824.162-1.124.455l-.484.472 2.248 2.197.484-.472c.62-.606.62-1.591 0-2.197l-.117-.104c-.283-.227-.636-.35-1.007-.35zm-10.839.022c.498 0 .904.396.904.883 0 .488-.406.884-.904.884H5.946c-.499 0-.904-.396-.904-.884 0-.487.405-.883.904-.883zm5.042-4.876c.498 0 .904.397.904.884s-.406.884-.904.884H5.946c-.499 0-.904-.397-.904-.884s.405-.884.904-.884zm0-4.875c.498 0 .904.396.904.884 0 .487-.406.883-.904.883H5.946c-.499 0-.904-.396-.904-.883 0-.488.405-.884.904-.884z" fill="#EB0203" fill-rule="evenodd"></path></svg>
                    </span>
                    <div class="available-note d-none"></div>
                    </a>
                    </div>
                    </div>
                    </template>
                    <div class="measurement-unit-section" v-if="isPriceAvailable &amp;&amp; prodUnits ? prodUnits.hasAlternativeUnit : false">
                    <div class="ct-form-radio" @click="setDimension">
                    <input type="radio" title="" class="ct-form-check-input product-measurement-unit" :data-type="prodUnits.selectedUnit == prodUnits.secondaryUnit ? 'primary' : ''" :id="prodUnits.secondaryUnit + '-' + pid + '-measurement-unit-ptile' + additionalTag" :name="'measurement-unit-' + pid + '-ptile' + additionalTag" :value="prodUnits.secondaryUnit" v-model="prodUnits.selectedUnit">
                    <label :class="prodUnits.secondaryUnit + '-label ct-form-check-label mb-0'" :for="prodUnits.secondaryUnit + '-' + pid + '-measurement-unit-ptile' + additionalTag">
                    {{prodUnits.secondaryUnit}}
                    </label>
                    <span class="checkmark"></span>
                    </div>
                    <div class="ct-form-radio" @click="setDimension">
                    <input type="radio" title="" class="ct-form-check-input product-measurement-unit" :data-type="prodUnits.selectedUnit == prodUnits.primaryUnit ? 'primary' : ''" :id="prodUnits.primaryUnit + '-' + pid + '-measurement-unit-ptile' + additionalTag" :name="'measurement-unit-' + pid + '-ptile' + additionalTag" :value="prodUnits.primaryUnit" v-model="prodUnits.selectedUnit">
                    <label :class="prodUnits.primaryUnit + '-label ct-form-check-label mb-0'" :for="prodUnits.primaryUnit + '-' + pid + '-measurement-unit-ptile' + additionalTag">
                    {{prodUnits.primaryUnit}}
                    </label>
                    <span class="checkmark"></span>
                    </div>
                    </div>
                    <template v-if="!isPDP &amp;&amp; isPriceAvailable">
                    <span class="quantity-error ct-span-error product-max-allocation" v-if="isMaxQtyReached">
                    Quantidade máxima atingida
                    </span>
                    <span class="quantity-error ct-span-product product-allocation" v-if="!isMinQtyReached &amp;&amp; !isMaxQtyReached">
                    {{quantitySelected}} no carrinho
                    </span>
                    <span class="quantity-error ct-span-error product-min-allocation" :data-pid="pid" v-if="isMinQtyReached &amp;&amp; !isMaxQtyReached">
                    Quantidade mínima atingida
                    </span>
                    </template>
                    </template>
                    </div>
                    <input class="quantity-value-mask d-none" name="quantity" type="number" min="0" value="" tabindex="-1">
                    </div>
                    <button type="button" class="add-to-cart button js-add-to-cart js-add-to-cart-tile 2528757 button--primary dynamic-layout-btn" data-toggle="modal" data-target="#chooseBonusProductModal" data-pid="2528757" data-quantity-value="null" aria-label="Carrinho" tabindex="-1">
                    <span class="d-block d-sm-none">
                    <span class="svg-wrapper svg-icon-cart" style="width:20px; height:20px">
                    <svg class="svg-inline icon-cart" xmlns="http://www.w3.org/2000/svg" viewBox="0 0 500 500" width="100%" height="100%"><path fill="#EB0203" fill-rule="evenodd" d="M 485.67317,94.386311 C 476.37798,83.847129 463.09468,78.03348 448.30404,78.03348 H 90.690813 L 87.079511,51.327997 C 83.185582,22.539551 62.962285,0 41.011841,0 H 14.727836 C 6.563151,0 0,6.5286975 0,14.580758 c 0,8.05206 6.5945535,14.580758 14.727836,14.580758 h 26.284005 c 4.710398,0 14.696435,9.855222 16.894619,26.021523 L 100.01739,368.0631 c 1.88416,13.77244 9.01256,26.70549 20.1605,36.37417 8.25889,7.15046 18.02511,11.9071 28.26237,13.89679 -4.17655,7.58572 -6.53175,16.25957 -6.53175,25.493 0,29.53459 24.27424,53.59751 54.13815,53.59751 29.8325,0 54.13814,-24.03184 54.13814,-53.59751 0,-8.79818 -2.19818,-17.09897 -5.9979,-24.43598 h 77.12488 c -3.79973,7.33701 -5.96652,15.6378 -5.96652,24.43598 0,29.53459 24.27424,53.59751 54.13817,53.59751 29.83249,0 54.13814,-24.03184 54.13814,-53.59751 0,-8.79818 -2.1982,-17.09897 -5.9979,-24.43598 h 38.56243 c 8.13328,0 14.72783,-6.5287 14.72783,-14.61183 0,-8.02098 -6.59455,-14.54967 -14.72783,-14.54967 H 159.24277 c -14.38241,0 -28.13677,-11.90711 -30.02092,-26.02153 l -3.07746,-22.88154 h 290.6314 c 14.03698,0 27.94834,-5.28513 39.06488,-14.95381 11.11652,-9.6376 18.27632,-22.57065 20.16048,-36.37417 l 21.10259,-156.78201 c 1.94694,-14.51858 -2.10398,-28.29103 -11.43057,-38.861299 z M 220.76053,443.82706 c 0,13.49265 -11.08513,24.46709 -24.68247,24.46709 -13.62874,0 -24.71387,-10.97444 -24.71387,-24.46709 0,-13.49262 11.08513,-24.43598 24.71387,-24.43598 13.59734,0 24.68247,10.94336 24.68247,24.43598 z m 173.43675,0 c 0,13.49265 -11.08512,24.46709 -24.68245,24.46709 -13.62876,0 -24.71388,-10.97444 -24.71388,-24.46709 0,-13.49262 11.08512,-24.43598 24.71388,-24.43598 13.59733,0 24.68245,10.94336 24.68245,24.43598 z m 73.7648,-314.46558 -21.13397,156.782 c -1.88416,14.11442 -15.63851,26.05261 -30.02091,26.05261 H 122.25046 L 94.616142,107.19499 H 448.33544 c 6.18632,0 11.61896,2.2695 15.23028,6.37326 3.64269,4.13484 5.21283,9.73086 4.39636,15.79323 z"></path></svg>
                    </span>
                    </span>
                    <span class="add-to-cart--text d-none d-sm-block">Carrinho</span>
                    </button>
                    </div>
                    </div>
                    </div>
                    </div>
                    
                    <div class="col-12 d-sm-none">
                    </div>
                    </div>
                    </div>
                    </div>
                    </div><div class="pd-tile-wrap slick-slide slick-cloned" data-idx="5" style="width: 276px; height: auto;" data-slick-index="14" id="" aria-hidden="true" tabindex="-1">
                    
                    <script type="text/javascript">//<!--
                    /* <![CDATA[ */
                    (function(){
                    try {
                        if(window.CQuotient) {
                            var cq_params = {};
                            cq_params.cookieId = window.CQuotient.getCQCookieId();
                            cq_params.userId = window.CQuotient.getCQUserId();
                            cq_params.emailId = CQuotient.getCQHashedEmail();
                            cq_params.loginId = CQuotient.getCQHashedLogin();
                            cq_params.accumulate = true;
                            cq_params.products = [{
                                id: '4951989',
                                sku: '',
                                type: '',
                                alt_id: ''
                            }];
                            cq_params.recommenderName = '__UNDEFINED__';
                            cq_params.realm = "BDVS";
                            cq_params.siteId = "continente";
                            cq_params.instanceType = "prd";
                            cq_params.locale = window.CQuotient.locale;
                            cq_params.slotId = '';
                            cq_params.slotConfigId = '';
                            cq_params.slotConfigTemplate = '';
                            if(window.CQuotient.sendActivity)
                                window.CQuotient.sendActivity( CQuotient.clientId, 'viewReco', cq_params );
                            else
                                window.CQuotient.activities.push( {activityType: 'viewReco', parameters: cq_params} );
                        }
                    } catch(err) {}
                    })();
                    /* ]]> */
                    // -->
                    </script>
                    <script type="text/javascript">//<!--
                    /* <![CDATA[ (viewProduct-active_data.js) */
                    dw.ac._capture({id: "4951989", type: "recommendation"});
                    /* ]]> */
                    // -->
                    </script>
                    <div class="product" data-pid="4951989">
                    <div class="product-tile pid-4951989   ct-product-tile " data-delay-time="3000" data-variants-mapping="[]" data-in-cart-msg="no carrinho" data-one-product-added="Adicionado ao carrinho" data-remove-from-cart-msg="Removido do carrinho" data-stay-open="6000.0" data-product-tile-impression="{&quot;name&quot;:&quot;4951989&quot;,&quot;id&quot;:&quot;4951989&quot;,&quot;price&quot;:2.59,&quot;brand&quot;:&quot;Actimel&quot;,&quot;category&quot;:[{&quot;category_level_1&quot;:&quot;Laticínios e Ovos&quot;},{&quot;category_level_2&quot;:&quot;Iogurtes&quot;},{&quot;category_level_3&quot;:&quot;Iogurtes Líquidos&quot;}],&quot;variant&quot;:&quot;&quot;}">
                    <div class="ct-inner-tile-wrap row no-gutters justify-content-center align-content-start">
                    <div class="ct-product-tile-badge ct-product-tile-badge--promotional">
                    <img class="img-fluid lazyloaded" loading="lazy" data-src="https://www.continente.pt/dw/image/v2/BDVS_PRD/on/demandware.static/-/Sites-continente-Library/default/dwf5980f2e/images/badges/pvpr/col/pvpr.png?sw=60&amp;sh=42" alt="PVP Recomendado: €3,29/un" title="PVP Recomendado: €3,29/un" src="https://www.continente.pt/dw/image/v2/BDVS_PRD/on/demandware.static/-/Sites-continente-Library/default/dwf5980f2e/images/badges/pvpr/col/pvpr.png?sw=60&amp;sh=42">
                    <div class="ct-product-tile-badge-value-wrapper ct-product-tile-badge-value-wrapper--pvpr  ">
                    <div class="ct-product-tile-badge-addition d-flex flex-column align-self-center text-center">
                    <span class="ct-product-tile-badge-addition--sign">
                    +
                    </span>
                    <span class="ct-product-tile-badge-addition--text">
                    DE
                    </span>
                    </div>
                    <span class="ct-product-tile-badge-value--pvpr">
                    20
                    </span>
                    <span class="ct-product-tile-badge-value--pvpr-quantifier ">
                    %
                    </span>
                    </div>
                    </div>
                    
                    <div class="ct-image-container col-4 col-sm" data-confirmation-image="{&quot;url&quot;:&quot;https://www.continente.pt/dw/image/v2/BDVS_PRD/on/demandware.static/-/Sites-col-master-catalog/default/dw31e10e66/images/col/495/4951989-frente.jpg?sw=87&amp;sh=80&quot;,&quot;fallbackimage&quot;:{&quot;url&quot;:&quot;https://www.continente.pt/dw/image/v2/BDVS_PRD/on/demandware.static/Sites-continente-Site/-/default/dw7c42b4da/images/noimagelarge_product.png?sw=87&amp;sh=80&quot;,&quot;title&quot;:&quot;Iogurte Líquido Defesa Tutti Frutti&quot;,&quot;alt&quot;:&quot;Iogurte Líquido Defesa Tutti Frutti&quot;},&quot;title&quot;:&quot;Iogurte Líquido Defesa Tutti Frutti&quot;,&quot;alt&quot;:&quot;Iogurte Líquido Defesa Tutti Frutti&quot;}">
                    <a href="https://www.continente.pt/produto/iogurte-liquido-defesa-tutti-frutti-actimel-4951989.html?cgid=home" tabindex="-1">
                    <picture class="intrinsic intrinsic--square">
                    <img class="ct-tile-image lazyloaded" loading="lazy" onerror="this.onerror=null;this.src='/on/demandware.static/Sites-continente-Site/-/default/dw7c42b4da/images/noimagelarge_product.png';" data-src="https://www.continente.pt/dw/image/v2/BDVS_PRD/on/demandware.static/-/Sites-col-master-catalog/default/dw31e10e66/images/col/495/4951989-frente.jpg?sw=280&amp;sh=280" alt="Iogurte Líquido Defesa Tutti Frutti" title="Iogurte Líquido Defesa Tutti Frutti" src="https://www.continente.pt/dw/image/v2/BDVS_PRD/on/demandware.static/-/Sites-col-master-catalog/default/dw31e10e66/images/col/495/4951989-frente.jpg?sw=280&amp;sh=280">
                    </picture>
                    </a>
                    <div class="color-swatches d-flex" style="margin-left: 5px;">
                    <div class="swatches d-flex">
                    </div>
                    </div>
                    </div>
                    <div class="ct-tile-body col col-sm-auto ">
                    <div class="ct-pdp-details">
                    <div class="ct-pdp-link">
                    <a class="ct-tile--description" href="https://www.continente.pt/produto/iogurte-liquido-defesa-tutti-frutti-actimel-4951989.html?cgid=home" tabindex="-1">Iogurte Líquido Defesa Tutti Frutti</a>
                    <div class="ct-tile--favorite-top d-sm-none">
                    <button class="wishlist-toggler guest-mode inactive button button--tertiary" data-pid="4951989" data-add-url="https://www.continente.pt/on/demandware.store/Sites-continente-Site/default/Wishlist-AddProduct?pid=4951989" data-toggle="tooltip" aria-label="Adicionar aos favoritos " data-original-title="Adicionar aos favoritos" data-placement="top" tabindex="-1">
                    <svg class="active-content" width="100%" height="100%" viewBox="0 0 20 22" fill="none" xmlns="http://www.w3.org/2000/svg">
                    <path fill-rule="evenodd" clip-rule="evenodd" d="M0 1.53052C0 0.685236 0.692171 0 1.54601 0H15.0736C15.9274 0 16.6196 0.685235 16.6196 1.53052V13.4064L15.8127 13.922L14.2658 14.2658L12.7189 13.4064L10.6054 14.3818C10.4994 14.2451 10.3327 14.157 10.1452 14.157H6.76329C6.4431 14.157 6.18354 14.414 6.18354 14.731C6.18354 15.0479 6.4431 15.3049 6.76329 15.3049H10.1452C10.2478 15.3049 10.3441 15.2785 10.4277 15.2322L10.3126 16.8439L13.2345 20.2793H1.54601C0.69217 20.2793 0 19.5941 0 18.7488V1.53052ZM6.18354 5.5483C6.18354 5.23132 6.4431 4.97436 6.76329 4.97436H12.3676C12.6878 4.97436 12.9473 5.23132 12.9473 5.5483C12.9473 5.86528 12.6878 6.12224 12.3676 6.12224H6.76329C6.4431 6.12224 6.18354 5.86528 6.18354 5.5483ZM6.76329 11.0961C6.4431 11.0961 6.18354 11.3531 6.18354 11.6701C6.18354 11.987 6.4431 12.244 6.76329 12.244H12.3676C12.6878 12.244 12.9473 11.987 12.9473 11.6701C12.9473 11.3531 12.6878 11.0961 12.3676 11.0961H6.76329ZM6.18354 8.60985C6.18354 8.29287 6.4431 8.03591 6.76329 8.03591H12.3676C12.6878 8.03591 12.9473 8.29287 12.9473 8.60985C12.9473 8.92684 12.6878 9.1838 12.3676 9.1838H6.76329C6.4431 9.1838 6.18354 8.92684 6.18354 8.60985ZM3.67118 5.5483C3.67118 5.23132 3.93075 4.97436 4.25093 4.97436H4.63743C4.95762 4.97436 5.21719 5.23132 5.21719 5.5483C5.21719 5.86528 4.95762 6.12224 4.63743 6.12224H4.25093C3.93075 6.12224 3.67118 5.86528 3.67118 5.5483ZM4.25093 11.0961C3.93075 11.0961 3.67118 11.3531 3.67118 11.6701C3.67118 11.987 3.93075 12.244 4.25093 12.244H4.63743C4.95762 12.244 5.21719 11.987 5.21719 11.6701C5.21719 11.3531 4.95762 11.0961 4.63743 11.0961H4.25093ZM3.67118 8.60985C3.67118 8.29287 3.93075 8.03591 4.25093 8.03591H4.63743C4.95762 8.03591 5.21719 8.29287 5.21719 8.60985C5.21719 8.92684 4.95762 9.1838 4.63743 9.1838H4.25093C3.93075 9.1838 3.67118 8.92684 3.67118 8.60985ZM4.25093 14.157C3.93075 14.157 3.67118 14.414 3.67118 14.731C3.67118 15.0479 3.93075 15.3049 4.25093 15.3049H4.63743C4.95762 15.3049 5.21719 15.0479 5.21719 14.731C5.21719 14.414 4.95762 14.157 4.63743 14.157H4.25093Z" fill="#EB0203"></path>
                    <path fill-rule="evenodd" clip-rule="evenodd" d="M14.6252 13.6363C13.4918 12.6215 11.7817 12.5264 10.6569 13.4792C9.12421 14.7764 9.34841 16.8912 10.4409 18.0122L14.0159 21.6742C14.2197 21.8832 14.4928 22 14.7822 22C15.0737 22 15.3448 21.8852 15.5486 21.6762L19.1236 18.0142C20.214 16.8933 20.4423 14.7785 18.9075 13.4792C17.7827 12.5283 16.0724 12.6217 14.9391 13.6365C14.8855 13.6845 14.8331 13.7345 14.7822 13.7866C14.7313 13.7345 14.6789 13.6843 14.6252 13.6363ZM18.1546 14.3522C19.0973 15.1508 18.9962 16.4896 18.2891 17.2173C18.2888 17.2175 18.2886 17.2177 18.2884 17.218L14.7832 20.8084L11.2753 17.2151C11.2752 17.215 11.2751 17.2149 11.2749 17.2148C10.5677 16.4887 10.4678 15.1495 11.4104 14.3518L11.4108 14.3514C12.0745 13.7892 13.2018 13.82 13.9488 14.5846L14.7822 15.4378L15.6157 14.5846C16.3617 13.8211 17.4896 13.79 18.1545 14.3521" fill="#EB0203"></path>
                    </svg>
                    <svg class="inactive-content" width="100%" height="100%" viewBox="0 0 20 23" fill="none" xmlns="http://www.w3.org/2000/svg">
                    <path fill-rule="evenodd" clip-rule="evenodd" d="M6.18408 5.77914C6.18408 5.46223 6.44363 5.20532 6.7638 5.20532H12.3678C12.6879 5.20532 12.9475 5.46223 12.9475 5.77914C12.9475 6.09606 12.6879 6.35297 12.3678 6.35297H6.7638C6.44363 6.35297 6.18408 6.09606 6.18408 5.77914Z" fill="#EB0203"></path>
                    <path fill-rule="evenodd" clip-rule="evenodd" d="M6.18408 11.9034C6.18408 11.5865 6.44363 11.3296 6.7638 11.3296H12.3678C12.6879 11.3296 12.9475 11.5865 12.9475 11.9034C12.9475 12.2202 12.6879 12.4771 12.3678 12.4771H6.7638C6.44363 12.4771 6.18408 12.2202 6.18408 11.9034Z" fill="#EB0203"></path>
                    <path fill-rule="evenodd" clip-rule="evenodd" d="M6.18408 8.84116C6.18408 8.52424 6.44363 8.26733 6.7638 8.26733H12.3678C12.6879 8.26733 12.9475 8.52424 12.9475 8.84116C12.9475 9.15807 12.6879 9.41498 12.3678 9.41498H6.7638C6.44363 9.41498 6.18408 9.15807 6.18408 8.84116Z" fill="#EB0203"></path>
                    <path fill-rule="evenodd" clip-rule="evenodd" d="M6.18408 14.9655C6.18408 14.6486 6.44363 14.3917 6.7638 14.3917H10.1455C10.4657 14.3917 10.7252 14.6486 10.7252 14.9655C10.7252 15.2825 10.4657 15.5394 10.1455 15.5394H6.7638C6.44363 15.5394 6.18408 15.2825 6.18408 14.9655Z" fill="#EB0203"></path>
                    <path fill-rule="evenodd" clip-rule="evenodd" d="M3.67139 5.77914C3.67139 5.46223 3.93094 5.20532 4.25111 5.20532H4.63759C4.95776 5.20532 5.21731 5.46223 5.21731 5.77914C5.21731 6.09606 4.95776 6.35297 4.63759 6.35297H4.25111C3.93094 6.35297 3.67139 6.09606 3.67139 5.77914Z" fill="#EB0203"></path>
                    <path fill-rule="evenodd" clip-rule="evenodd" d="M3.67139 11.9034C3.67139 11.5865 3.93094 11.3296 4.25111 11.3296H4.63759C4.95776 11.3296 5.21731 11.5865 5.21731 11.9034C5.21731 12.2202 4.95776 12.4771 4.63759 12.4771H4.25111C3.93094 12.4771 3.67139 12.2202 3.67139 11.9034Z" fill="#EB0203"></path>
                    <path fill-rule="evenodd" clip-rule="evenodd" d="M3.67139 8.84116C3.67139 8.52424 3.93094 8.26733 4.25111 8.26733H4.63759C4.95776 8.26733 5.21731 8.52424 5.21731 8.84116C5.21731 9.15807 4.95776 9.41498 4.63759 9.41498H4.25111C3.93094 9.41498 3.67139 9.15807 3.67139 8.84116Z" fill="#EB0203"></path>
                    <path fill-rule="evenodd" clip-rule="evenodd" d="M3.67139 14.9655C3.67139 14.6486 3.93094 14.3917 4.25111 14.3917H4.63759C4.95776 14.3917 5.21731 14.6486 5.21731 14.9655C5.21731 15.2825 4.95776 15.5394 4.63759 15.5394H4.25111C3.93094 15.5394 3.67139 15.2825 3.67139 14.9655Z" fill="#EB0203"></path>
                    <path fill-rule="evenodd" clip-rule="evenodd" d="M0 1.76033C0 0.914738 0.692131 0.229248 1.54592 0.229248H15.0727C15.9265 0.229248 16.6186 0.914738 16.6186 1.76033V11.2818C16.6186 11.5989 16.3591 11.8559 16.0389 11.8559C15.7187 11.8559 15.4592 11.5989 15.4592 11.2818V1.76033C15.4592 1.54893 15.2862 1.37756 15.0727 1.37756H1.54592C1.33247 1.37756 1.15944 1.54893 1.15944 1.76033V18.985C1.15944 19.1964 1.33247 19.3678 1.54592 19.3678H9.27551C9.59568 19.3678 9.85523 19.6249 9.85523 19.942C9.85523 20.2591 9.59568 20.5161 9.27551 20.5161H1.54592C0.692131 20.5161 0 19.8306 0 18.985V1.76033Z" fill="#EB0203"></path>
                    <path fill-rule="evenodd" clip-rule="evenodd" d="M14.6254 13.8718C13.4921 12.8567 11.7821 12.7615 10.6574 13.7147C9.12472 15.0124 9.34891 17.128 10.4413 18.2493L14.0161 21.9126C14.2199 22.1217 14.493 22.2386 14.7824 22.2386C15.0739 22.2386 15.3449 22.1238 15.5487 21.9147L19.1235 18.2514C20.2139 17.13 20.4422 15.0144 18.9075 13.7147C17.7827 12.7634 16.0726 12.8569 14.9392 13.872C14.8856 13.92 14.8333 13.9701 14.7824 14.0222C14.7314 13.97 14.6791 13.9199 14.6254 13.8718ZM18.1546 14.588C19.0972 15.3869 18.9961 16.7262 18.2891 17.4541C18.2888 17.4543 18.2886 17.4546 18.2884 17.4548L14.7834 21.0466L11.2757 17.452C11.2756 17.4519 11.2755 17.4517 11.2753 17.4516C10.5681 16.7252 10.4682 15.3856 11.4108 14.5876L11.4112 14.5872C12.0748 14.0248 13.202 14.0556 13.949 14.8205L14.7824 15.674L15.6158 14.8205C16.3618 14.0567 17.4896 14.0256 18.1545 14.5879" fill="#EB0203"></path>
                    </svg>
                    </button>
                    </div>
                    </div>
                    <p class="ct-tile--brand">Actimel</p>
                    <p class="ct-tile--quantity">emb. 600 gr (6 un)</p>
                    </div>
                    <div class="ct-tile-bottom row no-gutters justify-content-between">
                    <div class="ct-price-wrap col-8 col-sm-12">
                    <div class="price js-product-price">
                    <div class="prices-wrapper">
                    <span class="sales ct-tile--price-primary ">
                    <span class="value" content="2.59">
                    <span class="ct-price-formatted">
                    €2,59
                    </span>
                    <span class="ct-m-unit">
                    /un
                    </span>
                    </span>
                    </span>
                    </div>
                    <div class="ct-tile--price-secondary">
                    <span class="ct-price-value">
                    €4,32
                    </span>
                    <span class="ct-m-unit">
                    /kg
                    </span>
                    </div>
                    <p class="ct-discount-amount ct-discount-amount-pvpr">PVP Recomendado: €3,29/un</p>
                    </div>
                    </div>
                    <div class="ct-tile-buy-section d-flex justify-content-center no-gutters col-auto col-sm-12">
                    <div class="col-2 d-sm-flex d-none">
                    <button class="wishlist-toggler guest-mode inactive button button--tertiary" data-pid="4951989" data-add-url="https://www.continente.pt/on/demandware.store/Sites-continente-Site/default/Wishlist-AddProduct?pid=4951989" data-toggle="tooltip" aria-label="Adicionar aos favoritos " data-original-title="Adicionar aos favoritos" data-placement="top" tabindex="-1">
                    <svg class="active-content" width="100%" height="100%" viewBox="0 0 20 22" fill="none" xmlns="http://www.w3.org/2000/svg">
                    <path fill-rule="evenodd" clip-rule="evenodd" d="M0 1.53052C0 0.685236 0.692171 0 1.54601 0H15.0736C15.9274 0 16.6196 0.685235 16.6196 1.53052V13.4064L15.8127 13.922L14.2658 14.2658L12.7189 13.4064L10.6054 14.3818C10.4994 14.2451 10.3327 14.157 10.1452 14.157H6.76329C6.4431 14.157 6.18354 14.414 6.18354 14.731C6.18354 15.0479 6.4431 15.3049 6.76329 15.3049H10.1452C10.2478 15.3049 10.3441 15.2785 10.4277 15.2322L10.3126 16.8439L13.2345 20.2793H1.54601C0.69217 20.2793 0 19.5941 0 18.7488V1.53052ZM6.18354 5.5483C6.18354 5.23132 6.4431 4.97436 6.76329 4.97436H12.3676C12.6878 4.97436 12.9473 5.23132 12.9473 5.5483C12.9473 5.86528 12.6878 6.12224 12.3676 6.12224H6.76329C6.4431 6.12224 6.18354 5.86528 6.18354 5.5483ZM6.76329 11.0961C6.4431 11.0961 6.18354 11.3531 6.18354 11.6701C6.18354 11.987 6.4431 12.244 6.76329 12.244H12.3676C12.6878 12.244 12.9473 11.987 12.9473 11.6701C12.9473 11.3531 12.6878 11.0961 12.3676 11.0961H6.76329ZM6.18354 8.60985C6.18354 8.29287 6.4431 8.03591 6.76329 8.03591H12.3676C12.6878 8.03591 12.9473 8.29287 12.9473 8.60985C12.9473 8.92684 12.6878 9.1838 12.3676 9.1838H6.76329C6.4431 9.1838 6.18354 8.92684 6.18354 8.60985ZM3.67118 5.5483C3.67118 5.23132 3.93075 4.97436 4.25093 4.97436H4.63743C4.95762 4.97436 5.21719 5.23132 5.21719 5.5483C5.21719 5.86528 4.95762 6.12224 4.63743 6.12224H4.25093C3.93075 6.12224 3.67118 5.86528 3.67118 5.5483ZM4.25093 11.0961C3.93075 11.0961 3.67118 11.3531 3.67118 11.6701C3.67118 11.987 3.93075 12.244 4.25093 12.244H4.63743C4.95762 12.244 5.21719 11.987 5.21719 11.6701C5.21719 11.3531 4.95762 11.0961 4.63743 11.0961H4.25093ZM3.67118 8.60985C3.67118 8.29287 3.93075 8.03591 4.25093 8.03591H4.63743C4.95762 8.03591 5.21719 8.29287 5.21719 8.60985C5.21719 8.92684 4.95762 9.1838 4.63743 9.1838H4.25093C3.93075 9.1838 3.67118 8.92684 3.67118 8.60985ZM4.25093 14.157C3.93075 14.157 3.67118 14.414 3.67118 14.731C3.67118 15.0479 3.93075 15.3049 4.25093 15.3049H4.63743C4.95762 15.3049 5.21719 15.0479 5.21719 14.731C5.21719 14.414 4.95762 14.157 4.63743 14.157H4.25093Z" fill="#EB0203"></path>
                    <path fill-rule="evenodd" clip-rule="evenodd" d="M14.6252 13.6363C13.4918 12.6215 11.7817 12.5264 10.6569 13.4792C9.12421 14.7764 9.34841 16.8912 10.4409 18.0122L14.0159 21.6742C14.2197 21.8832 14.4928 22 14.7822 22C15.0737 22 15.3448 21.8852 15.5486 21.6762L19.1236 18.0142C20.214 16.8933 20.4423 14.7785 18.9075 13.4792C17.7827 12.5283 16.0724 12.6217 14.9391 13.6365C14.8855 13.6845 14.8331 13.7345 14.7822 13.7866C14.7313 13.7345 14.6789 13.6843 14.6252 13.6363ZM18.1546 14.3522C19.0973 15.1508 18.9962 16.4896 18.2891 17.2173C18.2888 17.2175 18.2886 17.2177 18.2884 17.218L14.7832 20.8084L11.2753 17.2151C11.2752 17.215 11.2751 17.2149 11.2749 17.2148C10.5677 16.4887 10.4678 15.1495 11.4104 14.3518L11.4108 14.3514C12.0745 13.7892 13.2018 13.82 13.9488 14.5846L14.7822 15.4378L15.6157 14.5846C16.3617 13.8211 17.4896 13.79 18.1545 14.3521" fill="#EB0203"></path>
                    </svg>
                    <svg class="inactive-content" width="100%" height="100%" viewBox="0 0 20 23" fill="none" xmlns="http://www.w3.org/2000/svg">
                    <path fill-rule="evenodd" clip-rule="evenodd" d="M6.18408 5.77914C6.18408 5.46223 6.44363 5.20532 6.7638 5.20532H12.3678C12.6879 5.20532 12.9475 5.46223 12.9475 5.77914C12.9475 6.09606 12.6879 6.35297 12.3678 6.35297H6.7638C6.44363 6.35297 6.18408 6.09606 6.18408 5.77914Z" fill="#EB0203"></path>
                    <path fill-rule="evenodd" clip-rule="evenodd" d="M6.18408 11.9034C6.18408 11.5865 6.44363 11.3296 6.7638 11.3296H12.3678C12.6879 11.3296 12.9475 11.5865 12.9475 11.9034C12.9475 12.2202 12.6879 12.4771 12.3678 12.4771H6.7638C6.44363 12.4771 6.18408 12.2202 6.18408 11.9034Z" fill="#EB0203"></path>
                    <path fill-rule="evenodd" clip-rule="evenodd" d="M6.18408 8.84116C6.18408 8.52424 6.44363 8.26733 6.7638 8.26733H12.3678C12.6879 8.26733 12.9475 8.52424 12.9475 8.84116C12.9475 9.15807 12.6879 9.41498 12.3678 9.41498H6.7638C6.44363 9.41498 6.18408 9.15807 6.18408 8.84116Z" fill="#EB0203"></path>
                    <path fill-rule="evenodd" clip-rule="evenodd" d="M6.18408 14.9655C6.18408 14.6486 6.44363 14.3917 6.7638 14.3917H10.1455C10.4657 14.3917 10.7252 14.6486 10.7252 14.9655C10.7252 15.2825 10.4657 15.5394 10.1455 15.5394H6.7638C6.44363 15.5394 6.18408 15.2825 6.18408 14.9655Z" fill="#EB0203"></path>
                    <path fill-rule="evenodd" clip-rule="evenodd" d="M3.67139 5.77914C3.67139 5.46223 3.93094 5.20532 4.25111 5.20532H4.63759C4.95776 5.20532 5.21731 5.46223 5.21731 5.77914C5.21731 6.09606 4.95776 6.35297 4.63759 6.35297H4.25111C3.93094 6.35297 3.67139 6.09606 3.67139 5.77914Z" fill="#EB0203"></path>
                    <path fill-rule="evenodd" clip-rule="evenodd" d="M3.67139 11.9034C3.67139 11.5865 3.93094 11.3296 4.25111 11.3296H4.63759C4.95776 11.3296 5.21731 11.5865 5.21731 11.9034C5.21731 12.2202 4.95776 12.4771 4.63759 12.4771H4.25111C3.93094 12.4771 3.67139 12.2202 3.67139 11.9034Z" fill="#EB0203"></path>
                    <path fill-rule="evenodd" clip-rule="evenodd" d="M3.67139 8.84116C3.67139 8.52424 3.93094 8.26733 4.25111 8.26733H4.63759C4.95776 8.26733 5.21731 8.52424 5.21731 8.84116C5.21731 9.15807 4.95776 9.41498 4.63759 9.41498H4.25111C3.93094 9.41498 3.67139 9.15807 3.67139 8.84116Z" fill="#EB0203"></path>
                    <path fill-rule="evenodd" clip-rule="evenodd" d="M3.67139 14.9655C3.67139 14.6486 3.93094 14.3917 4.25111 14.3917H4.63759C4.95776 14.3917 5.21731 14.6486 5.21731 14.9655C5.21731 15.2825 4.95776 15.5394 4.63759 15.5394H4.25111C3.93094 15.5394 3.67139 15.2825 3.67139 14.9655Z" fill="#EB0203"></path>
                    <path fill-rule="evenodd" clip-rule="evenodd" d="M0 1.76033C0 0.914738 0.692131 0.229248 1.54592 0.229248H15.0727C15.9265 0.229248 16.6186 0.914738 16.6186 1.76033V11.2818C16.6186 11.5989 16.3591 11.8559 16.0389 11.8559C15.7187 11.8559 15.4592 11.5989 15.4592 11.2818V1.76033C15.4592 1.54893 15.2862 1.37756 15.0727 1.37756H1.54592C1.33247 1.37756 1.15944 1.54893 1.15944 1.76033V18.985C1.15944 19.1964 1.33247 19.3678 1.54592 19.3678H9.27551C9.59568 19.3678 9.85523 19.6249 9.85523 19.942C9.85523 20.2591 9.59568 20.5161 9.27551 20.5161H1.54592C0.692131 20.5161 0 19.8306 0 18.985V1.76033Z" fill="#EB0203"></path>
                    <path fill-rule="evenodd" clip-rule="evenodd" d="M14.6254 13.8718C13.4921 12.8567 11.7821 12.7615 10.6574 13.7147C9.12472 15.0124 9.34891 17.128 10.4413 18.2493L14.0161 21.9126C14.2199 22.1217 14.493 22.2386 14.7824 22.2386C15.0739 22.2386 15.3449 22.1238 15.5487 21.9147L19.1235 18.2514C20.2139 17.13 20.4422 15.0144 18.9075 13.7147C17.7827 12.7634 16.0726 12.8569 14.9392 13.872C14.8856 13.92 14.8333 13.9701 14.7824 14.0222C14.7314 13.97 14.6791 13.9199 14.6254 13.8718ZM18.1546 14.588C19.0972 15.3869 18.9961 16.7262 18.2891 17.4541C18.2888 17.4543 18.2886 17.4546 18.2884 17.4548L14.7834 21.0466L11.2757 17.452C11.2756 17.4519 11.2755 17.4517 11.2753 17.4516C10.5681 16.7252 10.4682 15.3856 11.4108 14.5876L11.4112 14.5872C12.0748 14.0248 13.202 14.0556 13.949 14.8205L14.7824 15.674L15.6158 14.8205C16.3618 14.0567 17.4896 14.0256 18.1545 14.5879" fill="#EB0203"></path>
                    </svg>
                    </button>
                    </div>
                    <div class="col-sm-10 col-12">
                    <div class="ct-tile-quantity d-none" data-pid="4951989">
                    <input type="hidden" class="add-to-cart-url" value="https://www.continente.pt/on/demandware.store/Sites-continente-Site/default/Cart-AddProduct" tabindex="-1">
                    <div class="d-none tile-delete-confirmation-btn" data-pid="4951989" data-delay-time="3000" data-in-cart-msg="no carrinho" data-one-product-added="Adicionado ao carrinho" data-remove-from-cart-msg="Removido do carrinho" data-stay-open="6000.0" data-confirmation-image="{&quot;url&quot;:&quot;https://www.continente.pt/dw/image/v2/BDVS_PRD/on/demandware.static/-/Sites-col-master-catalog/default/dw31e10e66/images/col/495/4951989-frente.jpg?sw=87&amp;sh=80&quot;,&quot;fallbackimage&quot;:{&quot;url&quot;:&quot;https://www.continente.pt/dw/image/v2/BDVS_PRD/on/demandware.static/Sites-continente-Site/-/default/dw7c42b4da/images/noimagelarge_product.png?sw=87&amp;sh=80&quot;,&quot;title&quot;:&quot;Iogurte Líquido Defesa Tutti Frutti&quot;,&quot;alt&quot;:&quot;Iogurte Líquido Defesa Tutti Frutti&quot;},&quot;title&quot;:&quot;Iogurte Líquido Defesa Tutti Frutti&quot;,&quot;alt&quot;:&quot;Iogurte Líquido Defesa Tutti Frutti&quot;}"></div>
                    <div class="ct-tile-quantity-update quantity-update product-qty-vue" data-remove-action="https://www.continente.pt/on/demandware.store/Sites-continente-Site/default/Cart-RemoveProductLineItem" data-action="https://www.continente.pt/on/demandware.store/Sites-continente-Site/default/Cart-UpdateQuantity" data-dimension-update="https://www.continente.pt/on/demandware.store/Sites-continente-Site/default/Cart-DimensionUpdate" data-pid="4951989" data-uuid="5972482ee7adcb4a290fd25dc8" data-add-delay="500.0" data-measure-options="{&quot;hasConversionRate&quot;:false,&quot;hasAlternativeSaleUnit&quot;:false,&quot;unitConversionRate&quot;:0,&quot;minOrderQuantity&quot;:1,&quot;stepQuantity&quot;:1,&quot;primaryunit&quot;:&quot;un&quot;,&quot;secondaryunit&quot;:&quot;kg&quot;,&quot;selectedunit&quot;:&quot;primary&quot;,&quot;maxNumberOfUnitsPerSale&quot;:50}" data-price-available="null" :data-has-error="isMaxQtyReached || isMinQtyReached || qtySelectedMoreThanOne">
                    <template v-show="prodUnits">
                    <div class="quantity-input-wrapper has-units">
                    <label class="visually-hidden" :for="'quantity-' + pid + additionalTag">
                    Quantidade no carrinho
                    </label>
                    <input :ref="'quantityInput-' + pid + additionalTag" class="add-to-cart-quantity form-control ct-form-input text-center" inputmode="numeric" :class="{'is-invalid': isInvalid}" :data-pid="pid + additionalTag" :name="'quantity-' + pid + additionalTag" type="text" aria-label="Insira a quantidade" title="" v-model="displayValue" @change="updateQuantity" @focus="updateQtyFormat" @blur="restoreQtyFormat" :disabled="!isPriceAvailable">
                    <span class="quantity-icon quantity-icon--minus">
                    <button class="decrease-quantity-btn" @click="updateQuantity" :disabled="!isPriceAvailable" role="button" aria-label="Reduzir quantidade">
                    <i class="css-math-minus"></i>
                    </button>
                    </span>
                    <span class="quantity-icon quantity-icon--plus">
                    <button class="increase-quantity-btn" @click="updateQuantity" :disabled="isMaxQtyReached || !isPriceAvailable" role="button" aria-label="Aumentar quantidade">
                    <i class="css-math-plus"></i>
                    </button>
                    <span class="quantity-btn-disabled-placeholder"></span>
                    </span>
                    <template v-if="isPDP">
                    <span class="quantity-error ct-span-error text-sm-center product-max-allocation" v-if="isMaxQtyReached">
                    Quantidade máxima atingida
                    </span>
                    <span class="quantity-error ct-span-product text-sm-center product-allocation" v-if="!isMinQtyReached &amp;&amp; !isMaxQtyReached">
                    {{quantitySelected}} no carrinho
                    </span>
                    <span class="quantity-error ct-span-error text-sm-center product-min-allocation" :data-pid="pid" v-if="isMinQtyReached &amp;&amp; !isMaxQtyReached">
                    Quantidade mínima atingida
                    </span>
                    </template>
                    </div>
                    <template v-if="showNotes">
                    <div class="add-note-link-container ">
                    <div class="add-note">
                    <a href="/produto/iogurte-liquido-defesa-tutti-frutti-actimel-4951989.html?showNote=true" class="ct-add-note-redirect-pdp" aria-label="Adicionar comentário">
                    <span class="svg-wrapper svg-icon-notes" style="width:19px; height:20px">
                    <svg class="svg-inline icon-notes" viewBox="0 0 28 30" xmlns="http://www.w3.org/2000/svg" width="100%" height="100%"><path d="M21.738 0C22.985 0 24 1.04 24 2.319V12.47c0 .469-.37.848-.828.848-.457 0-.827-.38-.827-.848V2.32c0-.343-.273-.622-.607-.622H2.262c-.334 0-.607.279-.607.622V27.68c0 .343.273.622.607.622h7.81c.457 0 .827.38.827.849 0 .468-.37.848-.827.848h-7.81C1.015 30 0 28.96 0 27.681V2.32C0 1.04 1.015 0 2.262 0h19.476zm2.844 16.004l.227.007c.823.053 1.589.39 2.176.964.64.627.993 1.46.993 2.349 0 .888-.353 1.722-.993 2.348l-6.83 6.665c-.11.108-.247.186-.397.226l-5.032 1.363c-.078.021-.16.032-.241.032-.242 0-.478-.097-.647-.266-.23-.231-.314-.566-.218-.874l1.49-4.798c.044-.139.122-.266.227-.369l6.844-6.677c.64-.625 1.493-.97 2.401-.97zm-2.886 3.94l-4.922 4.802-.947 3.048 3.22-.872 4.897-4.78-2.248-2.197zm2.887-2.174c-.425 0-.824.162-1.124.455l-.484.472 2.248 2.197.484-.472c.62-.606.62-1.591 0-2.197l-.117-.104c-.283-.227-.636-.35-1.007-.35zm-10.839.022c.498 0 .904.396.904.883 0 .488-.406.884-.904.884H5.946c-.499 0-.904-.396-.904-.884 0-.487.405-.883.904-.883zm5.042-4.876c.498 0 .904.397.904.884s-.406.884-.904.884H5.946c-.499 0-.904-.397-.904-.884s.405-.884.904-.884zm0-4.875c.498 0 .904.396.904.884 0 .487-.406.883-.904.883H5.946c-.499 0-.904-.396-.904-.883 0-.488.405-.884.904-.884z" fill="#EB0203" fill-rule="evenodd"></path></svg>
                    </span>
                    <div class="available-note d-none"></div>
                    </a>
                    </div>
                    </div>
                    </template>
                    <div class="measurement-unit-section" v-if="isPriceAvailable &amp;&amp; prodUnits ? prodUnits.hasAlternativeUnit : false">
                    <div class="ct-form-radio" @click="setDimension">
                     <input type="radio" title="" class="ct-form-check-input product-measurement-unit" :data-type="prodUnits.selectedUnit == prodUnits.secondaryUnit ? 'primary' : ''" :id="prodUnits.secondaryUnit + '-' + pid + '-measurement-unit-ptile' + additionalTag" :name="'measurement-unit-' + pid + '-ptile' + additionalTag" :value="prodUnits.secondaryUnit" v-model="prodUnits.selectedUnit">
                    <label :class="prodUnits.secondaryUnit + '-label ct-form-check-label mb-0'" :for="prodUnits.secondaryUnit + '-' + pid + '-measurement-unit-ptile' + additionalTag">
                    {{prodUnits.secondaryUnit}}
                    </label>
                    <span class="checkmark"></span>
                    </div>
                    <div class="ct-form-radio" @click="setDimension">
                    <input type="radio" title="" class="ct-form-check-input product-measurement-unit" :data-type="prodUnits.selectedUnit == prodUnits.primaryUnit ? 'primary' : ''" :id="prodUnits.primaryUnit + '-' + pid + '-measurement-unit-ptile' + additionalTag" :name="'measurement-unit-' + pid + '-ptile' + additionalTag" :value="prodUnits.primaryUnit" v-model="prodUnits.selectedUnit">
                    <label :class="prodUnits.primaryUnit + '-label ct-form-check-label mb-0'" :for="prodUnits.primaryUnit + '-' + pid + '-measurement-unit-ptile' + additionalTag">
                    {{prodUnits.primaryUnit}}
                    </label>
                    <span class="checkmark"></span>
                    </div>
                    </div>
                    <template v-if="!isPDP &amp;&amp; isPriceAvailable">
                    <span class="quantity-error ct-span-error product-max-allocation" v-if="isMaxQtyReached">
                    Quantidade máxima atingida
                    </span>
                    <span class="quantity-error ct-span-product product-allocation" v-if="!isMinQtyReached &amp;&amp; !isMaxQtyReached">
                    {{quantitySelected}} no carrinho
                    </span>
                    <span class="quantity-error ct-span-error product-min-allocation" :data-pid="pid" v-if="isMinQtyReached &amp;&amp; !isMaxQtyReached">
                    Quantidade mínima atingida
                    </span>
                    </template>
                    </template>
                    </div>
                    <input class="quantity-value-mask d-none" name="quantity" type="number" min="0" value="" tabindex="-1">
                    </div>
                    <button type="button" class="add-to-cart button js-add-to-cart js-add-to-cart-tile 4951989 button--primary dynamic-layout-btn" data-toggle="modal" data-target="#chooseBonusProductModal" data-pid="4951989" data-quantity-value="null" aria-label="Carrinho" tabindex="-1">
                    <span class="d-block d-sm-none">
                    <span class="svg-wrapper svg-icon-cart" style="width:20px; height:20px">
                    <svg class="svg-inline icon-cart" xmlns="http://www.w3.org/2000/svg" viewBox="0 0 500 500" width="100%" height="100%"><path fill="#EB0203" fill-rule="evenodd" d="M 485.67317,94.386311 C 476.37798,83.847129 463.09468,78.03348 448.30404,78.03348 H 90.690813 L 87.079511,51.327997 C 83.185582,22.539551 62.962285,0 41.011841,0 H 14.727836 C 6.563151,0 0,6.5286975 0,14.580758 c 0,8.05206 6.5945535,14.580758 14.727836,14.580758 h 26.284005 c 4.710398,0 14.696435,9.855222 16.894619,26.021523 L 100.01739,368.0631 c 1.88416,13.77244 9.01256,26.70549 20.1605,36.37417 8.25889,7.15046 18.02511,11.9071 28.26237,13.89679 -4.17655,7.58572 -6.53175,16.25957 -6.53175,25.493 0,29.53459 24.27424,53.59751 54.13815,53.59751 29.8325,0 54.13814,-24.03184 54.13814,-53.59751 0,-8.79818 -2.19818,-17.09897 -5.9979,-24.43598 h 77.12488 c -3.79973,7.33701 -5.96652,15.6378 -5.96652,24.43598 0,29.53459 24.27424,53.59751 54.13817,53.59751 29.83249,0 54.13814,-24.03184 54.13814,-53.59751 0,-8.79818 -2.1982,-17.09897 -5.9979,-24.43598 h 38.56243 c 8.13328,0 14.72783,-6.5287 14.72783,-14.61183 0,-8.02098 -6.59455,-14.54967 -14.72783,-14.54967 H 159.24277 c -14.38241,0 -28.13677,-11.90711 -30.02092,-26.02153 l -3.07746,-22.88154 h 290.6314 c 14.03698,0 27.94834,-5.28513 39.06488,-14.95381 11.11652,-9.6376 18.27632,-22.57065 20.16048,-36.37417 l 21.10259,-156.78201 c 1.94694,-14.51858 -2.10398,-28.29103 -11.43057,-38.861299 z M 220.76053,443.82706 c 0,13.49265 -11.08513,24.46709 -24.68247,24.46709 -13.62874,0 -24.71387,-10.97444 -24.71387,-24.46709 0,-13.49262 11.08513,-24.43598 24.71387,-24.43598 13.59734,0 24.68247,10.94336 24.68247,24.43598 z m 173.43675,0 c 0,13.49265 -11.08512,24.46709 -24.68245,24.46709 -13.62876,0 -24.71388,-10.97444 -24.71388,-24.46709 0,-13.49262 11.08512,-24.43598 24.71388,-24.43598 13.59733,0 24.68245,10.94336 24.68245,24.43598 z m 73.7648,-314.46558 -21.13397,156.782 c -1.88416,14.11442 -15.63851,26.05261 -30.02091,26.05261 H 122.25046 L 94.616142,107.19499 H 448.33544 c 6.18632,0 11.61896,2.2695 15.23028,6.37326 3.64269,4.13484 5.21283,9.73086 4.39636,15.79323 z"></path></svg>
                    </span>
                    </span>
                    <span class="add-to-cart--text d-none d-sm-block">Carrinho</span>
                    </button>
                    </div>
                    </div>
                    </div>
                    </div>
                    
                    <div class="col-12 d-sm-none">
                    </div>
                    </div>
                    </div>
                    </div>
                    </div><div class="pd-tile-wrap slick-slide slick-cloned" data-idx="6" style="width: 276px; height: auto;" data-slick-index="15" id="" aria-hidden="true" tabindex="-1">
                    
                    <script type="text/javascript">//<!--
                    /* <![CDATA[ */
                    (function(){
                    try {
                        if(window.CQuotient) {
                            var cq_params = {};
                            cq_params.cookieId = window.CQuotient.getCQCookieId();
                            cq_params.userId = window.CQuotient.getCQUserId();
                            cq_params.emailId = CQuotient.getCQHashedEmail();
                            cq_params.loginId = CQuotient.getCQHashedLogin();
                            cq_params.accumulate = true;
                            cq_params.products = [{
                                id: '6404049',
                                sku: '',
                                type: '',
                                alt_id: ''
                            }];
                            cq_params.recommenderName = '__UNDEFINED__';
                            cq_params.realm = "BDVS";
                            cq_params.siteId = "continente";
                            cq_params.instanceType = "prd";
                            cq_params.locale = window.CQuotient.locale;
                            cq_params.slotId = '';
                            cq_params.slotConfigId = '';
                            cq_params.slotConfigTemplate = '';
                            if(window.CQuotient.sendActivity)
                                window.CQuotient.sendActivity( CQuotient.clientId, 'viewReco', cq_params );
                            else
                                window.CQuotient.activities.push( {activityType: 'viewReco', parameters: cq_params} );
                        }
                    } catch(err) {}
                    })();
                    /* ]]> */
                    // -->
                    </script>
                    <script type="text/javascript">//<!--
                    /* <![CDATA[ (viewProduct-active_data.js) */
                    dw.ac._capture({id: "6404049", type: "recommendation"});
                    /* ]]> */
                    // -->
                    </script>
                    <div class="product" data-pid="6404049">
                    <div class="product-tile pid-6404049   ct-product-tile " data-delay-time="3000" data-variants-mapping="[]" data-in-cart-msg="no carrinho" data-one-product-added="Adicionado ao carrinho" data-remove-from-cart-msg="Removido do carrinho" data-stay-open="6000.0" data-product-tile-impression="{&quot;name&quot;:&quot;6404049&quot;,&quot;id&quot;:&quot;6404049&quot;,&quot;price&quot;:1.99,&quot;brand&quot;:&quot;Danet&quot;,&quot;category&quot;:[{&quot;category_level_1&quot;:&quot;Laticínios e Ovos&quot;},{&quot;category_level_2&quot;:&quot;Iogurtes&quot;},{&quot;category_level_3&quot;:&quot;Iogurtes Aromas e Naturais&quot;}],&quot;variant&quot;:&quot;&quot;}">
                    <div class="ct-inner-tile-wrap row no-gutters justify-content-center align-content-start">
                    <div class="ct-product-tile-badge ct-product-tile-badge--promotional">
                    <img class="img-fluid lazyloaded" loading="lazy" data-src="https://www.continente.pt/dw/image/v2/BDVS_PRD/on/demandware.static/-/Sites-continente-Library/default/dwf5980f2e/images/badges/pvpr/col/pvpr.png?sw=60&amp;sh=42" alt="PVP Recomendado: €2,99/un" title="PVP Recomendado: €2,99/un" src="https://www.continente.pt/dw/image/v2/BDVS_PRD/on/demandware.static/-/Sites-continente-Library/default/dwf5980f2e/images/badges/pvpr/col/pvpr.png?sw=60&amp;sh=42">
                    <div class="ct-product-tile-badge-value-wrapper ct-product-tile-badge-value-wrapper--pvpr  ">
                    <div class="ct-product-tile-badge-addition d-flex flex-column align-self-center text-center">
                    <span class="ct-product-tile-badge-addition--sign">
                    +
                    </span>
                    <span class="ct-product-tile-badge-addition--text">
                    DE
                    </span>
                    </div>
                    <span class="ct-product-tile-badge-value--pvpr">
                    30
                    </span>
                    <span class="ct-product-tile-badge-value--pvpr-quantifier ">
                    %
                    </span>
                    </div>
                    </div>
                    
                    <div class="ct-image-container col-4 col-sm" data-confirmation-image="{&quot;url&quot;:&quot;https://www.continente.pt/dw/image/v2/BDVS_PRD/on/demandware.static/-/Sites-col-master-catalog/default/dw745b6492/images/col/640/6404049-direito.jpg?sw=87&amp;sh=80&quot;,&quot;fallbackimage&quot;:{&quot;url&quot;:&quot;https://www.continente.pt/dw/image/v2/BDVS_PRD/on/demandware.static/Sites-continente-Site/-/default/dw7c42b4da/images/noimagelarge_product.png?sw=87&amp;sh=80&quot;,&quot;title&quot;:&quot;Creme de Baunilha&quot;,&quot;alt&quot;:&quot;Creme de Baunilha&quot;},&quot;title&quot;:&quot;Creme de Baunilha&quot;,&quot;alt&quot;:&quot;Creme de Baunilha&quot;}">
                    <a href="https://www.continente.pt/produto/creme-de-baunilha-danet-6404049.html?cgid=home" tabindex="-1">
                    <picture class="intrinsic intrinsic--square">
                    <img class="ct-tile-image lazyloaded" loading="lazy" onerror="this.onerror=null;this.src='/on/demandware.static/Sites-continente-Site/-/default/dw7c42b4da/images/noimagelarge_product.png';" data-src="https://www.continente.pt/dw/image/v2/BDVS_PRD/on/demandware.static/-/Sites-col-master-catalog/default/dw745b6492/images/col/640/6404049-direito.jpg?sw=280&amp;sh=280" alt="Creme de Baunilha" title="Creme de Baunilha" src="https://www.continente.pt/dw/image/v2/BDVS_PRD/on/demandware.static/-/Sites-col-master-catalog/default/dw745b6492/images/col/640/6404049-direito.jpg?sw=280&amp;sh=280">
                    </picture>
                    </a>
                    <div class="color-swatches d-flex" style="margin-left: 5px;">
                    <div class="swatches d-flex">
                    </div>
                    </div>
                    </div>
                    <div class="ct-tile-body col col-sm-auto ">
                    <div class="ct-pdp-details">
                    <div class="ct-pdp-link">
                    <a class="ct-tile--description" href="https://www.continente.pt/produto/creme-de-baunilha-danet-6404049.html?cgid=home" tabindex="-1">Creme de Baunilha</a>
                    <div class="ct-tile--favorite-top d-sm-none">
                    <button class="wishlist-toggler guest-mode inactive button button--tertiary" data-pid="6404049" data-add-url="https://www.continente.pt/on/demandware.store/Sites-continente-Site/default/Wishlist-AddProduct?pid=6404049" data-toggle="tooltip" aria-label="Adicionar aos favoritos " data-original-title="Adicionar aos favoritos" data-placement="top" tabindex="-1">
                    <svg class="active-content" width="100%" height="100%" viewBox="0 0 20 22" fill="none" xmlns="http://www.w3.org/2000/svg">
                    <path fill-rule="evenodd" clip-rule="evenodd" d="M0 1.53052C0 0.685236 0.692171 0 1.54601 0H15.0736C15.9274 0 16.6196 0.685235 16.6196 1.53052V13.4064L15.8127 13.922L14.2658 14.2658L12.7189 13.4064L10.6054 14.3818C10.4994 14.2451 10.3327 14.157 10.1452 14.157H6.76329C6.4431 14.157 6.18354 14.414 6.18354 14.731C6.18354 15.0479 6.4431 15.3049 6.76329 15.3049H10.1452C10.2478 15.3049 10.3441 15.2785 10.4277 15.2322L10.3126 16.8439L13.2345 20.2793H1.54601C0.69217 20.2793 0 19.5941 0 18.7488V1.53052ZM6.18354 5.5483C6.18354 5.23132 6.4431 4.97436 6.76329 4.97436H12.3676C12.6878 4.97436 12.9473 5.23132 12.9473 5.5483C12.9473 5.86528 12.6878 6.12224 12.3676 6.12224H6.76329C6.4431 6.12224 6.18354 5.86528 6.18354 5.5483ZM6.76329 11.0961C6.4431 11.0961 6.18354 11.3531 6.18354 11.6701C6.18354 11.987 6.4431 12.244 6.76329 12.244H12.3676C12.6878 12.244 12.9473 11.987 12.9473 11.6701C12.9473 11.3531 12.6878 11.0961 12.3676 11.0961H6.76329ZM6.18354 8.60985C6.18354 8.29287 6.4431 8.03591 6.76329 8.03591H12.3676C12.6878 8.03591 12.9473 8.29287 12.9473 8.60985C12.9473 8.92684 12.6878 9.1838 12.3676 9.1838H6.76329C6.4431 9.1838 6.18354 8.92684 6.18354 8.60985ZM3.67118 5.5483C3.67118 5.23132 3.93075 4.97436 4.25093 4.97436H4.63743C4.95762 4.97436 5.21719 5.23132 5.21719 5.5483C5.21719 5.86528 4.95762 6.12224 4.63743 6.12224H4.25093C3.93075 6.12224 3.67118 5.86528 3.67118 5.5483ZM4.25093 11.0961C3.93075 11.0961 3.67118 11.3531 3.67118 11.6701C3.67118 11.987 3.93075 12.244 4.25093 12.244H4.63743C4.95762 12.244 5.21719 11.987 5.21719 11.6701C5.21719 11.3531 4.95762 11.0961 4.63743 11.0961H4.25093ZM3.67118 8.60985C3.67118 8.29287 3.93075 8.03591 4.25093 8.03591H4.63743C4.95762 8.03591 5.21719 8.29287 5.21719 8.60985C5.21719 8.92684 4.95762 9.1838 4.63743 9.1838H4.25093C3.93075 9.1838 3.67118 8.92684 3.67118 8.60985ZM4.25093 14.157C3.93075 14.157 3.67118 14.414 3.67118 14.731C3.67118 15.0479 3.93075 15.3049 4.25093 15.3049H4.63743C4.95762 15.3049 5.21719 15.0479 5.21719 14.731C5.21719 14.414 4.95762 14.157 4.63743 14.157H4.25093Z" fill="#EB0203"></path>
                    <path fill-rule="evenodd" clip-rule="evenodd" d="M14.6252 13.6363C13.4918 12.6215 11.7817 12.5264 10.6569 13.4792C9.12421 14.7764 9.34841 16.8912 10.4409 18.0122L14.0159 21.6742C14.2197 21.8832 14.4928 22 14.7822 22C15.0737 22 15.3448 21.8852 15.5486 21.6762L19.1236 18.0142C20.214 16.8933 20.4423 14.7785 18.9075 13.4792C17.7827 12.5283 16.0724 12.6217 14.9391 13.6365C14.8855 13.6845 14.8331 13.7345 14.7822 13.7866C14.7313 13.7345 14.6789 13.6843 14.6252 13.6363ZM18.1546 14.3522C19.0973 15.1508 18.9962 16.4896 18.2891 17.2173C18.2888 17.2175 18.2886 17.2177 18.2884 17.218L14.7832 20.8084L11.2753 17.2151C11.2752 17.215 11.2751 17.2149 11.2749 17.2148C10.5677 16.4887 10.4678 15.1495 11.4104 14.3518L11.4108 14.3514C12.0745 13.7892 13.2018 13.82 13.9488 14.5846L14.7822 15.4378L15.6157 14.5846C16.3617 13.8211 17.4896 13.79 18.1545 14.3521" fill="#EB0203"></path>
                    </svg>
                    <svg class="inactive-content" width="100%" height="100%" viewBox="0 0 20 23" fill="none" xmlns="http://www.w3.org/2000/svg">
                    <path fill-rule="evenodd" clip-rule="evenodd" d="M6.18408 5.77914C6.18408 5.46223 6.44363 5.20532 6.7638 5.20532H12.3678C12.6879 5.20532 12.9475 5.46223 12.9475 5.77914C12.9475 6.09606 12.6879 6.35297 12.3678 6.35297H6.7638C6.44363 6.35297 6.18408 6.09606 6.18408 5.77914Z" fill="#EB0203"></path>
                    <path fill-rule="evenodd" clip-rule="evenodd" d="M6.18408 11.9034C6.18408 11.5865 6.44363 11.3296 6.7638 11.3296H12.3678C12.6879 11.3296 12.9475 11.5865 12.9475 11.9034C12.9475 12.2202 12.6879 12.4771 12.3678 12.4771H6.7638C6.44363 12.4771 6.18408 12.2202 6.18408 11.9034Z" fill="#EB0203"></path>
                    <path fill-rule="evenodd" clip-rule="evenodd" d="M6.18408 8.84116C6.18408 8.52424 6.44363 8.26733 6.7638 8.26733H12.3678C12.6879 8.26733 12.9475 8.52424 12.9475 8.84116C12.9475 9.15807 12.6879 9.41498 12.3678 9.41498H6.7638C6.44363 9.41498 6.18408 9.15807 6.18408 8.84116Z" fill="#EB0203"></path>
                    <path fill-rule="evenodd" clip-rule="evenodd" d="M6.18408 14.9655C6.18408 14.6486 6.44363 14.3917 6.7638 14.3917H10.1455C10.4657 14.3917 10.7252 14.6486 10.7252 14.9655C10.7252 15.2825 10.4657 15.5394 10.1455 15.5394H6.7638C6.44363 15.5394 6.18408 15.2825 6.18408 14.9655Z" fill="#EB0203"></path>
                    <path fill-rule="evenodd" clip-rule="evenodd" d="M3.67139 5.77914C3.67139 5.46223 3.93094 5.20532 4.25111 5.20532H4.63759C4.95776 5.20532 5.21731 5.46223 5.21731 5.77914C5.21731 6.09606 4.95776 6.35297 4.63759 6.35297H4.25111C3.93094 6.35297 3.67139 6.09606 3.67139 5.77914Z" fill="#EB0203"></path>
                    <path fill-rule="evenodd" clip-rule="evenodd" d="M3.67139 11.9034C3.67139 11.5865 3.93094 11.3296 4.25111 11.3296H4.63759C4.95776 11.3296 5.21731 11.5865 5.21731 11.9034C5.21731 12.2202 4.95776 12.4771 4.63759 12.4771H4.25111C3.93094 12.4771 3.67139 12.2202 3.67139 11.9034Z" fill="#EB0203"></path>
                    <path fill-rule="evenodd" clip-rule="evenodd" d="M3.67139 8.84116C3.67139 8.52424 3.93094 8.26733 4.25111 8.26733H4.63759C4.95776 8.26733 5.21731 8.52424 5.21731 8.84116C5.21731 9.15807 4.95776 9.41498 4.63759 9.41498H4.25111C3.93094 9.41498 3.67139 9.15807 3.67139 8.84116Z" fill="#EB0203"></path>
                    <path fill-rule="evenodd" clip-rule="evenodd" d="M3.67139 14.9655C3.67139 14.6486 3.93094 14.3917 4.25111 14.3917H4.63759C4.95776 14.3917 5.21731 14.6486 5.21731 14.9655C5.21731 15.2825 4.95776 15.5394 4.63759 15.5394H4.25111C3.93094 15.5394 3.67139 15.2825 3.67139 14.9655Z" fill="#EB0203"></path>
                    <path fill-rule="evenodd" clip-rule="evenodd" d="M0 1.76033C0 0.914738 0.692131 0.229248 1.54592 0.229248H15.0727C15.9265 0.229248 16.6186 0.914738 16.6186 1.76033V11.2818C16.6186 11.5989 16.3591 11.8559 16.0389 11.8559C15.7187 11.8559 15.4592 11.5989 15.4592 11.2818V1.76033C15.4592 1.54893 15.2862 1.37756 15.0727 1.37756H1.54592C1.33247 1.37756 1.15944 1.54893 1.15944 1.76033V18.985C1.15944 19.1964 1.33247 19.3678 1.54592 19.3678H9.27551C9.59568 19.3678 9.85523 19.6249 9.85523 19.942C9.85523 20.2591 9.59568 20.5161 9.27551 20.5161H1.54592C0.692131 20.5161 0 19.8306 0 18.985V1.76033Z" fill="#EB0203"></path>
                    <path fill-rule="evenodd" clip-rule="evenodd" d="M14.6254 13.8718C13.4921 12.8567 11.7821 12.7615 10.6574 13.7147C9.12472 15.0124 9.34891 17.128 10.4413 18.2493L14.0161 21.9126C14.2199 22.1217 14.493 22.2386 14.7824 22.2386C15.0739 22.2386 15.3449 22.1238 15.5487 21.9147L19.1235 18.2514C20.2139 17.13 20.4422 15.0144 18.9075 13.7147C17.7827 12.7634 16.0726 12.8569 14.9392 13.872C14.8856 13.92 14.8333 13.9701 14.7824 14.0222C14.7314 13.97 14.6791 13.9199 14.6254 13.8718ZM18.1546 14.588C19.0972 15.3869 18.9961 16.7262 18.2891 17.4541C18.2888 17.4543 18.2886 17.4546 18.2884 17.4548L14.7834 21.0466L11.2757 17.452C11.2756 17.4519 11.2755 17.4517 11.2753 17.4516C10.5681 16.7252 10.4682 15.3856 11.4108 14.5876L11.4112 14.5872C12.0748 14.0248 13.202 14.0556 13.949 14.8205L14.7824 15.674L15.6158 14.8205C16.3618 14.0567 17.4896 14.0256 18.1545 14.5879" fill="#EB0203"></path>
                    </svg>
                    </button>
                    </div>
                    </div>
                    <p class="ct-tile--brand">Danet</p>
                    <p class="ct-tile--quantity">emb. 500 gr (4 un)</p>
                    </div>
                    <div class="ct-tile-bottom row no-gutters justify-content-between">
                    <div class="ct-price-wrap col-8 col-sm-12">
                    <div class="price js-product-price">
                    <div class="prices-wrapper">
                    <span class="sales ct-tile--price-primary ">
                    <span class="value" content="1.99">
                    <span class="ct-price-formatted">
                    €1,99
                    </span>
                    <span class="ct-m-unit">
                    /un
                    </span>
                    </span>
                    </span>
                    </div>
                    <div class="ct-tile--price-secondary">
                    <span class="ct-price-value">
                    €3,98
                    </span>
                    <span class="ct-m-unit">
                    /kg
                    </span>
                    </div>
                    <p class="ct-discount-amount ct-discount-amount-pvpr">PVP Recomendado: €2,99/un</p>
                    </div>
                    </div>
                    <div class="ct-tile-buy-section d-flex justify-content-center no-gutters col-auto col-sm-12">
                    <div class="col-2 d-sm-flex d-none">
                    <button class="wishlist-toggler guest-mode inactive button button--tertiary" data-pid="6404049" data-add-url="https://www.continente.pt/on/demandware.store/Sites-continente-Site/default/Wishlist-AddProduct?pid=6404049" data-toggle="tooltip" aria-label="Adicionar aos favoritos " data-original-title="Adicionar aos favoritos" data-placement="top" tabindex="-1">
                    <svg class="active-content" width="100%" height="100%" viewBox="0 0 20 22" fill="none" xmlns="http://www.w3.org/2000/svg">
                    <path fill-rule="evenodd" clip-rule="evenodd" d="M0 1.53052C0 0.685236 0.692171 0 1.54601 0H15.0736C15.9274 0 16.6196 0.685235 16.6196 1.53052V13.4064L15.8127 13.922L14.2658 14.2658L12.7189 13.4064L10.6054 14.3818C10.4994 14.2451 10.3327 14.157 10.1452 14.157H6.76329C6.4431 14.157 6.18354 14.414 6.18354 14.731C6.18354 15.0479 6.4431 15.3049 6.76329 15.3049H10.1452C10.2478 15.3049 10.3441 15.2785 10.4277 15.2322L10.3126 16.8439L13.2345 20.2793H1.54601C0.69217 20.2793 0 19.5941 0 18.7488V1.53052ZM6.18354 5.5483C6.18354 5.23132 6.4431 4.97436 6.76329 4.97436H12.3676C12.6878 4.97436 12.9473 5.23132 12.9473 5.5483C12.9473 5.86528 12.6878 6.12224 12.3676 6.12224H6.76329C6.4431 6.12224 6.18354 5.86528 6.18354 5.5483ZM6.76329 11.0961C6.4431 11.0961 6.18354 11.3531 6.18354 11.6701C6.18354 11.987 6.4431 12.244 6.76329 12.244H12.3676C12.6878 12.244 12.9473 11.987 12.9473 11.6701C12.9473 11.3531 12.6878 11.0961 12.3676 11.0961H6.76329ZM6.18354 8.60985C6.18354 8.29287 6.4431 8.03591 6.76329 8.03591H12.3676C12.6878 8.03591 12.9473 8.29287 12.9473 8.60985C12.9473 8.92684 12.6878 9.1838 12.3676 9.1838H6.76329C6.4431 9.1838 6.18354 8.92684 6.18354 8.60985ZM3.67118 5.5483C3.67118 5.23132 3.93075 4.97436 4.25093 4.97436H4.63743C4.95762 4.97436 5.21719 5.23132 5.21719 5.5483C5.21719 5.86528 4.95762 6.12224 4.63743 6.12224H4.25093C3.93075 6.12224 3.67118 5.86528 3.67118 5.5483ZM4.25093 11.0961C3.93075 11.0961 3.67118 11.3531 3.67118 11.6701C3.67118 11.987 3.93075 12.244 4.25093 12.244H4.63743C4.95762 12.244 5.21719 11.987 5.21719 11.6701C5.21719 11.3531 4.95762 11.0961 4.63743 11.0961H4.25093ZM3.67118 8.60985C3.67118 8.29287 3.93075 8.03591 4.25093 8.03591H4.63743C4.95762 8.03591 5.21719 8.29287 5.21719 8.60985C5.21719 8.92684 4.95762 9.1838 4.63743 9.1838H4.25093C3.93075 9.1838 3.67118 8.92684 3.67118 8.60985ZM4.25093 14.157C3.93075 14.157 3.67118 14.414 3.67118 14.731C3.67118 15.0479 3.93075 15.3049 4.25093 15.3049H4.63743C4.95762 15.3049 5.21719 15.0479 5.21719 14.731C5.21719 14.414 4.95762 14.157 4.63743 14.157H4.25093Z" fill="#EB0203"></path>
                    <path fill-rule="evenodd" clip-rule="evenodd" d="M14.6252 13.6363C13.4918 12.6215 11.7817 12.5264 10.6569 13.4792C9.12421 14.7764 9.34841 16.8912 10.4409 18.0122L14.0159 21.6742C14.2197 21.8832 14.4928 22 14.7822 22C15.0737 22 15.3448 21.8852 15.5486 21.6762L19.1236 18.0142C20.214 16.8933 20.4423 14.7785 18.9075 13.4792C17.7827 12.5283 16.0724 12.6217 14.9391 13.6365C14.8855 13.6845 14.8331 13.7345 14.7822 13.7866C14.7313 13.7345 14.6789 13.6843 14.6252 13.6363ZM18.1546 14.3522C19.0973 15.1508 18.9962 16.4896 18.2891 17.2173C18.2888 17.2175 18.2886 17.2177 18.2884 17.218L14.7832 20.8084L11.2753 17.2151C11.2752 17.215 11.2751 17.2149 11.2749 17.2148C10.5677 16.4887 10.4678 15.1495 11.4104 14.3518L11.4108 14.3514C12.0745 13.7892 13.2018 13.82 13.9488 14.5846L14.7822 15.4378L15.6157 14.5846C16.3617 13.8211 17.4896 13.79 18.1545 14.3521" fill="#EB0203"></path>
                    </svg>
                    <svg class="inactive-content" width="100%" height="100%" viewBox="0 0 20 23" fill="none" xmlns="http://www.w3.org/2000/svg">
                    <path fill-rule="evenodd" clip-rule="evenodd" d="M6.18408 5.77914C6.18408 5.46223 6.44363 5.20532 6.7638 5.20532H12.3678C12.6879 5.20532 12.9475 5.46223 12.9475 5.77914C12.9475 6.09606 12.6879 6.35297 12.3678 6.35297H6.7638C6.44363 6.35297 6.18408 6.09606 6.18408 5.77914Z" fill="#EB0203"></path>
                    <path fill-rule="evenodd" clip-rule="evenodd" d="M6.18408 11.9034C6.18408 11.5865 6.44363 11.3296 6.7638 11.3296H12.3678C12.6879 11.3296 12.9475 11.5865 12.9475 11.9034C12.9475 12.2202 12.6879 12.4771 12.3678 12.4771H6.7638C6.44363 12.4771 6.18408 12.2202 6.18408 11.9034Z" fill="#EB0203"></path>
                    <path fill-rule="evenodd" clip-rule="evenodd" d="M6.18408 8.84116C6.18408 8.52424 6.44363 8.26733 6.7638 8.26733H12.3678C12.6879 8.26733 12.9475 8.52424 12.9475 8.84116C12.9475 9.15807 12.6879 9.41498 12.3678 9.41498H6.7638C6.44363 9.41498 6.18408 9.15807 6.18408 8.84116Z" fill="#EB0203"></path>
                    <path fill-rule="evenodd" clip-rule="evenodd" d="M6.18408 14.9655C6.18408 14.6486 6.44363 14.3917 6.7638 14.3917H10.1455C10.4657 14.3917 10.7252 14.6486 10.7252 14.9655C10.7252 15.2825 10.4657 15.5394 10.1455 15.5394H6.7638C6.44363 15.5394 6.18408 15.2825 6.18408 14.9655Z" fill="#EB0203"></path>
                    <path fill-rule="evenodd" clip-rule="evenodd" d="M3.67139 5.77914C3.67139 5.46223 3.93094 5.20532 4.25111 5.20532H4.63759C4.95776 5.20532 5.21731 5.46223 5.21731 5.77914C5.21731 6.09606 4.95776 6.35297 4.63759 6.35297H4.25111C3.93094 6.35297 3.67139 6.09606 3.67139 5.77914Z" fill="#EB0203"></path>
                    <path fill-rule="evenodd" clip-rule="evenodd" d="M3.67139 11.9034C3.67139 11.5865 3.93094 11.3296 4.25111 11.3296H4.63759C4.95776 11.3296 5.21731 11.5865 5.21731 11.9034C5.21731 12.2202 4.95776 12.4771 4.63759 12.4771H4.25111C3.93094 12.4771 3.67139 12.2202 3.67139 11.9034Z" fill="#EB0203"></path>
                    <path fill-rule="evenodd" clip-rule="evenodd" d="M3.67139 8.84116C3.67139 8.52424 3.93094 8.26733 4.25111 8.26733H4.63759C4.95776 8.26733 5.21731 8.52424 5.21731 8.84116C5.21731 9.15807 4.95776 9.41498 4.63759 9.41498H4.25111C3.93094 9.41498 3.67139 9.15807 3.67139 8.84116Z" fill="#EB0203"></path>
                    <path fill-rule="evenodd" clip-rule="evenodd" d="M3.67139 14.9655C3.67139 14.6486 3.93094 14.3917 4.25111 14.3917H4.63759C4.95776 14.3917 5.21731 14.6486 5.21731 14.9655C5.21731 15.2825 4.95776 15.5394 4.63759 15.5394H4.25111C3.93094 15.5394 3.67139 15.2825 3.67139 14.9655Z" fill="#EB0203"></path>
                    <path fill-rule="evenodd" clip-rule="evenodd" d="M0 1.76033C0 0.914738 0.692131 0.229248 1.54592 0.229248H15.0727C15.9265 0.229248 16.6186 0.914738 16.6186 1.76033V11.2818C16.6186 11.5989 16.3591 11.8559 16.0389 11.8559C15.7187 11.8559 15.4592 11.5989 15.4592 11.2818V1.76033C15.4592 1.54893 15.2862 1.37756 15.0727 1.37756H1.54592C1.33247 1.37756 1.15944 1.54893 1.15944 1.76033V18.985C1.15944 19.1964 1.33247 19.3678 1.54592 19.3678H9.27551C9.59568 19.3678 9.85523 19.6249 9.85523 19.942C9.85523 20.2591 9.59568 20.5161 9.27551 20.5161H1.54592C0.692131 20.5161 0 19.8306 0 18.985V1.76033Z" fill="#EB0203"></path>
                    <path fill-rule="evenodd" clip-rule="evenodd" d="M14.6254 13.8718C13.4921 12.8567 11.7821 12.7615 10.6574 13.7147C9.12472 15.0124 9.34891 17.128 10.4413 18.2493L14.0161 21.9126C14.2199 22.1217 14.493 22.2386 14.7824 22.2386C15.0739 22.2386 15.3449 22.1238 15.5487 21.9147L19.1235 18.2514C20.2139 17.13 20.4422 15.0144 18.9075 13.7147C17.7827 12.7634 16.0726 12.8569 14.9392 13.872C14.8856 13.92 14.8333 13.9701 14.7824 14.0222C14.7314 13.97 14.6791 13.9199 14.6254 13.8718ZM18.1546 14.588C19.0972 15.3869 18.9961 16.7262 18.2891 17.4541C18.2888 17.4543 18.2886 17.4546 18.2884 17.4548L14.7834 21.0466L11.2757 17.452C11.2756 17.4519 11.2755 17.4517 11.2753 17.4516C10.5681 16.7252 10.4682 15.3856 11.4108 14.5876L11.4112 14.5872C12.0748 14.0248 13.202 14.0556 13.949 14.8205L14.7824 15.674L15.6158 14.8205C16.3618 14.0567 17.4896 14.0256 18.1545 14.5879" fill="#EB0203"></path>
                    </svg>
                    </button>
                    </div>
                    <div class="col-sm-10 col-12">
                    <div class="ct-tile-quantity d-none" data-pid="6404049">
                    <input type="hidden" class="add-to-cart-url" value="https://www.continente.pt/on/demandware.store/Sites-continente-Site/default/Cart-AddProduct" tabindex="-1">
                    <div class="d-none tile-delete-confirmation-btn" data-pid="6404049" data-delay-time="3000" data-in-cart-msg="no carrinho" data-one-product-added="Adicionado ao carrinho" data-remove-from-cart-msg="Removido do carrinho" data-stay-open="6000.0" data-confirmation-image="{&quot;url&quot;:&quot;https://www.continente.pt/dw/image/v2/BDVS_PRD/on/demandware.static/-/Sites-col-master-catalog/default/dw745b6492/images/col/640/6404049-direito.jpg?sw=87&amp;sh=80&quot;,&quot;fallbackimage&quot;:{&quot;url&quot;:&quot;https://www.continente.pt/dw/image/v2/BDVS_PRD/on/demandware.static/Sites-continente-Site/-/default/dw7c42b4da/images/noimagelarge_product.png?sw=87&amp;sh=80&quot;,&quot;title&quot;:&quot;Creme de Baunilha&quot;,&quot;alt&quot;:&quot;Creme de Baunilha&quot;},&quot;title&quot;:&quot;Creme de Baunilha&quot;,&quot;alt&quot;:&quot;Creme de Baunilha&quot;}"></div>
                    <div class="ct-tile-quantity-update quantity-update product-qty-vue" data-remove-action="https://www.continente.pt/on/demandware.store/Sites-continente-Site/default/Cart-RemoveProductLineItem" data-action="https://www.continente.pt/on/demandware.store/Sites-continente-Site/default/Cart-UpdateQuantity" data-dimension-update="https://www.continente.pt/on/demandware.store/Sites-continente-Site/default/Cart-DimensionUpdate" data-pid="6404049" data-uuid="f56ecb359cc168e5a6015ff537" data-add-delay="500.0" data-measure-options="{&quot;hasConversionRate&quot;:false,&quot;hasAlternativeSaleUnit&quot;:false,&quot;unitConversionRate&quot;:0,&quot;minOrderQuantity&quot;:1,&quot;stepQuantity&quot;:1,&quot;primaryunit&quot;:&quot;un&quot;,&quot;secondaryunit&quot;:&quot;kg&quot;,&quot;selectedunit&quot;:&quot;primary&quot;,&quot;maxNumberOfUnitsPerSale&quot;:50}" data-price-available="null" :data-has-error="isMaxQtyReached || isMinQtyReached || qtySelectedMoreThanOne">
                    <template v-show="prodUnits">
                    <div class="quantity-input-wrapper has-units">
                    <label class="visually-hidden" :for="'quantity-' + pid + additionalTag">
                    Quantidade no carrinho
                    </label>
                    <input :ref="'quantityInput-' + pid + additionalTag" class="add-to-cart-quantity form-control ct-form-input text-center" inputmode="numeric" :class="{'is-invalid': isInvalid}" :data-pid="pid + additionalTag" :name="'quantity-' + pid + additionalTag" type="text" aria-label="Insira a quantidade" title="" v-model="displayValue" @change="updateQuantity" @focus="updateQtyFormat" @blur="restoreQtyFormat" :disabled="!isPriceAvailable">
                    <span class="quantity-icon quantity-icon--minus">
                    <button class="decrease-quantity-btn" @click="updateQuantity" :disabled="!isPriceAvailable" role="button" aria-label="Reduzir quantidade">
                    <i class="css-math-minus"></i>
                    </button>
                    </span>
                    <span class="quantity-icon quantity-icon--plus">
                    <button class="increase-quantity-btn" @click="updateQuantity" :disabled="isMaxQtyReached || !isPriceAvailable" role="button" aria-label="Aumentar quantidade">
                    <i class="css-math-plus"></i>
                    </button>
                    <span class="quantity-btn-disabled-placeholder"></span>
                    </span>
                    <template v-if="isPDP">
                    <span class="quantity-error ct-span-error text-sm-center product-max-allocation" v-if="isMaxQtyReached">
                    Quantidade máxima atingida
                    </span>
                    <span class="quantity-error ct-span-product text-sm-center product-allocation" v-if="!isMinQtyReached &amp;&amp; !isMaxQtyReached">
                    {{quantitySelected}} no carrinho
                    </span>
                    <span class="quantity-error ct-span-error text-sm-center product-min-allocation" :data-pid="pid" v-if="isMinQtyReached &amp;&amp; !isMaxQtyReached">
                    Quantidade mínima atingida
                    </span>
                    </template>
                    </div>
                    <template v-if="showNotes">
                    <div class="add-note-link-container ">
                    <div class="add-note">
                    <a href="/produto/creme-de-baunilha-danet-6404049.html?showNote=true" class="ct-add-note-redirect-pdp" aria-label="Adicionar comentário">
                    <span class="svg-wrapper svg-icon-notes" style="width:19px; height:20px">
                    <svg class="svg-inline icon-notes" viewBox="0 0 28 30" xmlns="http://www.w3.org/2000/svg" width="100%" height="100%"><path d="M21.738 0C22.985 0 24 1.04 24 2.319V12.47c0 .469-.37.848-.828.848-.457 0-.827-.38-.827-.848V2.32c0-.343-.273-.622-.607-.622H2.262c-.334 0-.607.279-.607.622V27.68c0 .343.273.622.607.622h7.81c.457 0 .827.38.827.849 0 .468-.37.848-.827.848h-7.81C1.015 30 0 28.96 0 27.681V2.32C0 1.04 1.015 0 2.262 0h19.476zm2.844 16.004l.227.007c.823.053 1.589.39 2.176.964.64.627.993 1.46.993 2.349 0 .888-.353 1.722-.993 2.348l-6.83 6.665c-.11.108-.247.186-.397.226l-5.032 1.363c-.078.021-.16.032-.241.032-.242 0-.478-.097-.647-.266-.23-.231-.314-.566-.218-.874l1.49-4.798c.044-.139.122-.266.227-.369l6.844-6.677c.64-.625 1.493-.97 2.401-.97zm-2.886 3.94l-4.922 4.802-.947 3.048 3.22-.872 4.897-4.78-2.248-2.197zm2.887-2.174c-.425 0-.824.162-1.124.455l-.484.472 2.248 2.197.484-.472c.62-.606.62-1.591 0-2.197l-.117-.104c-.283-.227-.636-.35-1.007-.35zm-10.839.022c.498 0 .904.396.904.883 0 .488-.406.884-.904.884H5.946c-.499 0-.904-.396-.904-.884 0-.487.405-.883.904-.883zm5.042-4.876c.498 0 .904.397.904.884s-.406.884-.904.884H5.946c-.499 0-.904-.397-.904-.884s.405-.884.904-.884zm0-4.875c.498 0 .904.396.904.884 0 .487-.406.883-.904.883H5.946c-.499 0-.904-.396-.904-.883 0-.488.405-.884.904-.884z" fill="#EB0203" fill-rule="evenodd"></path></svg>
                    </span>
                    <div class="available-note d-none"></div>
                    </a>
                    </div>
                    </div>
                    </template>
                    <div class="measurement-unit-section" v-if="isPriceAvailable &amp;&amp; prodUnits ? prodUnits.hasAlternativeUnit : false">
                    <div class="ct-form-radio" @click="setDimension">
                    <input type="radio" title="" class="ct-form-check-input product-measurement-unit" :data-type="prodUnits.selectedUnit == prodUnits.secondaryUnit ? 'primary' : ''" :id="prodUnits.secondaryUnit + '-' + pid + '-measurement-unit-ptile' + additionalTag" :name="'measurement-unit-' + pid + '-ptile' + additionalTag" :value="prodUnits.secondaryUnit" v-model="prodUnits.selectedUnit">
                    <label :class="prodUnits.secondaryUnit + '-label ct-form-check-label mb-0'" :for="prodUnits.secondaryUnit + '-' + pid + '-measurement-unit-ptile' + additionalTag">
                    {{prodUnits.secondaryUnit}}
                    </label>
                    <span class="checkmark"></span>
                    </div>
                    <div class="ct-form-radio" @click="setDimension">
                    <input type="radio" title="" class="ct-form-check-input product-measurement-unit" :data-type="prodUnits.selectedUnit == prodUnits.primaryUnit ? 'primary' : ''" :id="prodUnits.primaryUnit + '-' + pid + '-measurement-unit-ptile' + additionalTag" :name="'measurement-unit-' + pid + '-ptile' + additionalTag" :value="prodUnits.primaryUnit" v-model="prodUnits.selectedUnit">
                    <label :class="prodUnits.primaryUnit + '-label ct-form-check-label mb-0'" :for="prodUnits.primaryUnit + '-' + pid + '-measurement-unit-ptile' + additionalTag">
                    {{prodUnits.primaryUnit}}
                    </label>
                    <span class="checkmark"></span>
                    </div>
                    </div>
                    <template v-if="!isPDP &amp;&amp; isPriceAvailable">
                    <span class="quantity-error ct-span-error product-max-allocation" v-if="isMaxQtyReached">
                    Quantidade máxima atingida
                    </span>
                    <span class="quantity-error ct-span-product product-allocation" v-if="!isMinQtyReached &amp;&amp; !isMaxQtyReached">
                    {{quantitySelected}} no carrinho
                    </span>
                    <span class="quantity-error ct-span-error product-min-allocation" :data-pid="pid" v-if="isMinQtyReached &amp;&amp; !isMaxQtyReached">
                    Quantidade mínima atingida
                    </span>
                    </template>
                    </template>
                    </div>
                    <input class="quantity-value-mask d-none" name="quantity" type="number" min="0" value="" tabindex="-1">
                    </div>
                    <button type="button" class="add-to-cart button js-add-to-cart js-add-to-cart-tile 6404049 button--primary dynamic-layout-btn" data-toggle="modal" data-target="#chooseBonusProductModal" data-pid="6404049" data-quantity-value="null" aria-label="Carrinho" tabindex="-1">
                    <span class="d-block d-sm-none">
                    <span class="svg-wrapper svg-icon-cart" style="width:20px; height:20px">
                    <svg class="svg-inline icon-cart" xmlns="http://www.w3.org/2000/svg" viewBox="0 0 500 500" width="100%" height="100%"><path fill="#EB0203" fill-rule="evenodd" d="M 485.67317,94.386311 C 476.37798,83.847129 463.09468,78.03348 448.30404,78.03348 H 90.690813 L 87.079511,51.327997 C 83.185582,22.539551 62.962285,0 41.011841,0 H 14.727836 C 6.563151,0 0,6.5286975 0,14.580758 c 0,8.05206 6.5945535,14.580758 14.727836,14.580758 h 26.284005 c 4.710398,0 14.696435,9.855222 16.894619,26.021523 L 100.01739,368.0631 c 1.88416,13.77244 9.01256,26.70549 20.1605,36.37417 8.25889,7.15046 18.02511,11.9071 28.26237,13.89679 -4.17655,7.58572 -6.53175,16.25957 -6.53175,25.493 0,29.53459 24.27424,53.59751 54.13815,53.59751 29.8325,0 54.13814,-24.03184 54.13814,-53.59751 0,-8.79818 -2.19818,-17.09897 -5.9979,-24.43598 h 77.12488 c -3.79973,7.33701 -5.96652,15.6378 -5.96652,24.43598 0,29.53459 24.27424,53.59751 54.13817,53.59751 29.83249,0 54.13814,-24.03184 54.13814,-53.59751 0,-8.79818 -2.1982,-17.09897 -5.9979,-24.43598 h 38.56243 c 8.13328,0 14.72783,-6.5287 14.72783,-14.61183 0,-8.02098 -6.59455,-14.54967 -14.72783,-14.54967 H 159.24277 c -14.38241,0 -28.13677,-11.90711 -30.02092,-26.02153 l -3.07746,-22.88154 h 290.6314 c 14.03698,0 27.94834,-5.28513 39.06488,-14.95381 11.11652,-9.6376 18.27632,-22.57065 20.16048,-36.37417 l 21.10259,-156.78201 c 1.94694,-14.51858 -2.10398,-28.29103 -11.43057,-38.861299 z M 220.76053,443.82706 c 0,13.49265 -11.08513,24.46709 -24.68247,24.46709 -13.62874,0 -24.71387,-10.97444 -24.71387,-24.46709 0,-13.49262 11.08513,-24.43598 24.71387,-24.43598 13.59734,0 24.68247,10.94336 24.68247,24.43598 z m 173.43675,0 c 0,13.49265 -11.08512,24.46709 -24.68245,24.46709 -13.62876,0 -24.71388,-10.97444 -24.71388,-24.46709 0,-13.49262 11.08512,-24.43598 24.71388,-24.43598 13.59733,0 24.68245,10.94336 24.68245,24.43598 z m 73.7648,-314.46558 -21.13397,156.782 c -1.88416,14.11442 -15.63851,26.05261 -30.02091,26.05261 H 122.25046 L 94.616142,107.19499 H 448.33544 c 6.18632,0 11.61896,2.2695 15.23028,6.37326 3.64269,4.13484 5.21283,9.73086 4.39636,15.79323 z"></path></svg>
                    </span>
                    </span>
                    <span class="add-to-cart--text d-none d-sm-block">Carrinho</span>
                    </button>
                    </div>
                    </div>
                    </div>
                    </div>
                    
                    <div class="col-12 d-sm-none">
                    </div>
                    </div>
                    </div>
                    </div>
                    </div><div class="pd-tile-wrap slick-slide slick-cloned" data-idx="7" style="width: 276px; height: auto;" data-slick-index="16" id="" aria-hidden="true" tabindex="-1">
                    
                    <script type="text/javascript">//<!--
                    /* <![CDATA[ */
                    (function(){
                    try {
                        if(window.CQuotient) {
                            var cq_params = {};
                            cq_params.cookieId = window.CQuotient.getCQCookieId();
                            cq_params.userId = window.CQuotient.getCQUserId();
                            cq_params.emailId = CQuotient.getCQHashedEmail();
                            cq_params.loginId = CQuotient.getCQHashedLogin();
                            cq_params.accumulate = true;
                            cq_params.products = [{
                                id: '7383016',
                                sku: '',
                                type: '',
                                alt_id: ''
                            }];
                            cq_params.recommenderName = '__UNDEFINED__';
                            cq_params.realm = "BDVS";
                            cq_params.siteId = "continente";
                            cq_params.instanceType = "prd";
                            cq_params.locale = window.CQuotient.locale;
                            cq_params.slotId = '';
                            cq_params.slotConfigId = '';
                            cq_params.slotConfigTemplate = '';
                            if(window.CQuotient.sendActivity)
                                window.CQuotient.sendActivity( CQuotient.clientId, 'viewReco', cq_params );
                            else
                                window.CQuotient.activities.push( {activityType: 'viewReco', parameters: cq_params} );
                        }
                    } catch(err) {}
                    })();
                    /* ]]> */
                    // -->
                    </script>
                    <script type="text/javascript">//<!--
                    /* <![CDATA[ (viewProduct-active_data.js) */
                    dw.ac._capture({id: "7383016", type: "recommendation"});
                    /* ]]> */
                    // -->
                    </script>
                    <div class="product" data-pid="7383016">
                    <div class="product-tile pid-7383016   ct-product-tile " data-delay-time="3000" data-variants-mapping="[]" data-in-cart-msg="no carrinho" data-one-product-added="Adicionado ao carrinho" data-remove-from-cart-msg="Removido do carrinho" data-stay-open="6000.0" data-product-tile-impression="{&quot;name&quot;:&quot;7383016&quot;,&quot;id&quot;:&quot;7383016&quot;,&quot;price&quot;:1.89,&quot;brand&quot;:&quot;Yopro&quot;,&quot;category&quot;:[{&quot;category_level_1&quot;:&quot;Laticínios e Ovos&quot;},{&quot;category_level_2&quot;:&quot;Iogurtes&quot;},{&quot;category_level_3&quot;:&quot;Iogurtes Líquidos&quot;}],&quot;variant&quot;:&quot;&quot;}">
                    <div class="ct-inner-tile-wrap row no-gutters justify-content-center align-content-start">
                    <div class="ct-product-tile-badge ct-product-tile-badge--promotional">
                    <img class="img-fluid lazyloaded" loading="lazy" data-src="https://www.continente.pt/dw/image/v2/BDVS_PRD/on/demandware.static/-/Sites-continente-Library/default/dwf5980f2e/images/badges/pvpr/col/pvpr.png?sw=60&amp;sh=42" alt="PVP Recomendado: €2,39/un" title="PVP Recomendado: €2,39/un" src="https://www.continente.pt/dw/image/v2/BDVS_PRD/on/demandware.static/-/Sites-continente-Library/default/dwf5980f2e/images/badges/pvpr/col/pvpr.png?sw=60&amp;sh=42">
                    <div class="ct-product-tile-badge-value-wrapper ct-product-tile-badge-value-wrapper--pvpr  ">
                    <span class="ct-product-tile-badge-value--pvpr">
                    20
                    </span>
                    <span class="ct-product-tile-badge-value--pvpr-quantifier ">
                    %
                    </span>
                    </div>
                    </div>
                    
                    <div class="ct-image-container col-4 col-sm" data-confirmation-image="{&quot;url&quot;:&quot;https://www.continente.pt/dw/image/v2/BDVS_PRD/on/demandware.static/-/Sites-col-master-catalog/default/dw6a407a8e/images/col/738/7383016-frente.jpg?sw=87&amp;sh=80&quot;,&quot;fallbackimage&quot;:{&quot;url&quot;:&quot;https://www.continente.pt/dw/image/v2/BDVS_PRD/on/demandware.static/Sites-continente-Site/-/default/dw7c42b4da/images/noimagelarge_product.png?sw=87&amp;sh=80&quot;,&quot;title&quot;:&quot;Iogurte Líquido Proteína Manga&quot;,&quot;alt&quot;:&quot;Iogurte Líquido Proteína Manga&quot;},&quot;title&quot;:&quot;Iogurte Líquido Proteína Manga&quot;,&quot;alt&quot;:&quot;Iogurte Líquido Proteína Manga&quot;}">
                    <a href="https://www.continente.pt/produto/iogurte-liquido-proteina-manga-yopro-7383016.html?cgid=home" tabindex="-1">
                    <picture class="intrinsic intrinsic--square">
                    <img class="ct-tile-image lazyloaded" loading="lazy" onerror="this.onerror=null;this.src='/on/demandware.static/Sites-continente-Site/-/default/dw7c42b4da/images/noimagelarge_product.png';" data-src="https://www.continente.pt/dw/image/v2/BDVS_PRD/on/demandware.static/-/Sites-col-master-catalog/default/dw6a407a8e/images/col/738/7383016-frente.jpg?sw=280&amp;sh=280" alt="Iogurte Líquido Proteína Manga" title="Iogurte Líquido Proteína Manga" src="https://www.continente.pt/dw/image/v2/BDVS_PRD/on/demandware.static/-/Sites-col-master-catalog/default/dw6a407a8e/images/col/738/7383016-frente.jpg?sw=280&amp;sh=280">
                    </picture>
                    </a>
                    <div class="color-swatches d-flex" style="margin-left: 5px;">
                    <div class="swatches d-flex">
                    </div>
                    </div>
                    </div>
                    <div class="ct-tile-body col col-sm-auto ">
                    <div class="ct-pdp-details">
                    <div class="ct-pdp-link">
                    <a class="ct-tile--description" href="https://www.continente.pt/produto/iogurte-liquido-proteina-manga-yopro-7383016.html?cgid=home" tabindex="-1">Iogurte Líquido Proteína Manga</a>
                    <div class="ct-tile--favorite-top d-sm-none">
                    <button class="wishlist-toggler guest-mode inactive button button--tertiary" data-pid="7383016" data-add-url="https://www.continente.pt/on/demandware.store/Sites-continente-Site/default/Wishlist-AddProduct?pid=7383016" data-toggle="tooltip" aria-label="Adicionar aos favoritos " data-original-title="Adicionar aos favoritos" data-placement="top" tabindex="-1">
                    <svg class="active-content" width="100%" height="100%" viewBox="0 0 20 22" fill="none" xmlns="http://www.w3.org/2000/svg">
                    <path fill-rule="evenodd" clip-rule="evenodd" d="M0 1.53052C0 0.685236 0.692171 0 1.54601 0H15.0736C15.9274 0 16.6196 0.685235 16.6196 1.53052V13.4064L15.8127 13.922L14.2658 14.2658L12.7189 13.4064L10.6054 14.3818C10.4994 14.2451 10.3327 14.157 10.1452 14.157H6.76329C6.4431 14.157 6.18354 14.414 6.18354 14.731C6.18354 15.0479 6.4431 15.3049 6.76329 15.3049H10.1452C10.2478 15.3049 10.3441 15.2785 10.4277 15.2322L10.3126 16.8439L13.2345 20.2793H1.54601C0.69217 20.2793 0 19.5941 0 18.7488V1.53052ZM6.18354 5.5483C6.18354 5.23132 6.4431 4.97436 6.76329 4.97436H12.3676C12.6878 4.97436 12.9473 5.23132 12.9473 5.5483C12.9473 5.86528 12.6878 6.12224 12.3676 6.12224H6.76329C6.4431 6.12224 6.18354 5.86528 6.18354 5.5483ZM6.76329 11.0961C6.4431 11.0961 6.18354 11.3531 6.18354 11.6701C6.18354 11.987 6.4431 12.244 6.76329 12.244H12.3676C12.6878 12.244 12.9473 11.987 12.9473 11.6701C12.9473 11.3531 12.6878 11.0961 12.3676 11.0961H6.76329ZM6.18354 8.60985C6.18354 8.29287 6.4431 8.03591 6.76329 8.03591H12.3676C12.6878 8.03591 12.9473 8.29287 12.9473 8.60985C12.9473 8.92684 12.6878 9.1838 12.3676 9.1838H6.76329C6.4431 9.1838 6.18354 8.92684 6.18354 8.60985ZM3.67118 5.5483C3.67118 5.23132 3.93075 4.97436 4.25093 4.97436H4.63743C4.95762 4.97436 5.21719 5.23132 5.21719 5.5483C5.21719 5.86528 4.95762 6.12224 4.63743 6.12224H4.25093C3.93075 6.12224 3.67118 5.86528 3.67118 5.5483ZM4.25093 11.0961C3.93075 11.0961 3.67118 11.3531 3.67118 11.6701C3.67118 11.987 3.93075 12.244 4.25093 12.244H4.63743C4.95762 12.244 5.21719 11.987 5.21719 11.6701C5.21719 11.3531 4.95762 11.0961 4.63743 11.0961H4.25093ZM3.67118 8.60985C3.67118 8.29287 3.93075 8.03591 4.25093 8.03591H4.63743C4.95762 8.03591 5.21719 8.29287 5.21719 8.60985C5.21719 8.92684 4.95762 9.1838 4.63743 9.1838H4.25093C3.93075 9.1838 3.67118 8.92684 3.67118 8.60985ZM4.25093 14.157C3.93075 14.157 3.67118 14.414 3.67118 14.731C3.67118 15.0479 3.93075 15.3049 4.25093 15.3049H4.63743C4.95762 15.3049 5.21719 15.0479 5.21719 14.731C5.21719 14.414 4.95762 14.157 4.63743 14.157H4.25093Z" fill="#EB0203"></path>
                    <path fill-rule="evenodd" clip-rule="evenodd" d="M14.6252 13.6363C13.4918 12.6215 11.7817 12.5264 10.6569 13.4792C9.12421 14.7764 9.34841 16.8912 10.4409 18.0122L14.0159 21.6742C14.2197 21.8832 14.4928 22 14.7822 22C15.0737 22 15.3448 21.8852 15.5486 21.6762L19.1236 18.0142C20.214 16.8933 20.4423 14.7785 18.9075 13.4792C17.7827 12.5283 16.0724 12.6217 14.9391 13.6365C14.8855 13.6845 14.8331 13.7345 14.7822 13.7866C14.7313 13.7345 14.6789 13.6843 14.6252 13.6363ZM18.1546 14.3522C19.0973 15.1508 18.9962 16.4896 18.2891 17.2173C18.2888 17.2175 18.2886 17.2177 18.2884 17.218L14.7832 20.8084L11.2753 17.2151C11.2752 17.215 11.2751 17.2149 11.2749 17.2148C10.5677 16.4887 10.4678 15.1495 11.4104 14.3518L11.4108 14.3514C12.0745 13.7892 13.2018 13.82 13.9488 14.5846L14.7822 15.4378L15.6157 14.5846C16.3617 13.8211 17.4896 13.79 18.1545 14.3521" fill="#EB0203"></path>
                    </svg>
                    <svg class="inactive-content" width="100%" height="100%" viewBox="0 0 20 23" fill="none" xmlns="http://www.w3.org/2000/svg">
                    <path fill-rule="evenodd" clip-rule="evenodd" d="M6.18408 5.77914C6.18408 5.46223 6.44363 5.20532 6.7638 5.20532H12.3678C12.6879 5.20532 12.9475 5.46223 12.9475 5.77914C12.9475 6.09606 12.6879 6.35297 12.3678 6.35297H6.7638C6.44363 6.35297 6.18408 6.09606 6.18408 5.77914Z" fill="#EB0203"></path>
                    <path fill-rule="evenodd" clip-rule="evenodd" d="M6.18408 11.9034C6.18408 11.5865 6.44363 11.3296 6.7638 11.3296H12.3678C12.6879 11.3296 12.9475 11.5865 12.9475 11.9034C12.9475 12.2202 12.6879 12.4771 12.3678 12.4771H6.7638C6.44363 12.4771 6.18408 12.2202 6.18408 11.9034Z" fill="#EB0203"></path>
                    <path fill-rule="evenodd" clip-rule="evenodd" d="M6.18408 8.84116C6.18408 8.52424 6.44363 8.26733 6.7638 8.26733H12.3678C12.6879 8.26733 12.9475 8.52424 12.9475 8.84116C12.9475 9.15807 12.6879 9.41498 12.3678 9.41498H6.7638C6.44363 9.41498 6.18408 9.15807 6.18408 8.84116Z" fill="#EB0203"></path>
                    <path fill-rule="evenodd" clip-rule="evenodd" d="M6.18408 14.9655C6.18408 14.6486 6.44363 14.3917 6.7638 14.3917H10.1455C10.4657 14.3917 10.7252 14.6486 10.7252 14.9655C10.7252 15.2825 10.4657 15.5394 10.1455 15.5394H6.7638C6.44363 15.5394 6.18408 15.2825 6.18408 14.9655Z" fill="#EB0203"></path>
                    <path fill-rule="evenodd" clip-rule="evenodd" d="M3.67139 5.77914C3.67139 5.46223 3.93094 5.20532 4.25111 5.20532H4.63759C4.95776 5.20532 5.21731 5.46223 5.21731 5.77914C5.21731 6.09606 4.95776 6.35297 4.63759 6.35297H4.25111C3.93094 6.35297 3.67139 6.09606 3.67139 5.77914Z" fill="#EB0203"></path>
                    <path fill-rule="evenodd" clip-rule="evenodd" d="M3.67139 11.9034C3.67139 11.5865 3.93094 11.3296 4.25111 11.3296H4.63759C4.95776 11.3296 5.21731 11.5865 5.21731 11.9034C5.21731 12.2202 4.95776 12.4771 4.63759 12.4771H4.25111C3.93094 12.4771 3.67139 12.2202 3.67139 11.9034Z" fill="#EB0203"></path>
                    <path fill-rule="evenodd" clip-rule="evenodd" d="M3.67139 8.84116C3.67139 8.52424 3.93094 8.26733 4.25111 8.26733H4.63759C4.95776 8.26733 5.21731 8.52424 5.21731 8.84116C5.21731 9.15807 4.95776 9.41498 4.63759 9.41498H4.25111C3.93094 9.41498 3.67139 9.15807 3.67139 8.84116Z" fill="#EB0203"></path>
                    <path fill-rule="evenodd" clip-rule="evenodd" d="M3.67139 14.9655C3.67139 14.6486 3.93094 14.3917 4.25111 14.3917H4.63759C4.95776 14.3917 5.21731 14.6486 5.21731 14.9655C5.21731 15.2825 4.95776 15.5394 4.63759 15.5394H4.25111C3.93094 15.5394 3.67139 15.2825 3.67139 14.9655Z" fill="#EB0203"></path>
                    <path fill-rule="evenodd" clip-rule="evenodd" d="M0 1.76033C0 0.914738 0.692131 0.229248 1.54592 0.229248H15.0727C15.9265 0.229248 16.6186 0.914738 16.6186 1.76033V11.2818C16.6186 11.5989 16.3591 11.8559 16.0389 11.8559C15.7187 11.8559 15.4592 11.5989 15.4592 11.2818V1.76033C15.4592 1.54893 15.2862 1.37756 15.0727 1.37756H1.54592C1.33247 1.37756 1.15944 1.54893 1.15944 1.76033V18.985C1.15944 19.1964 1.33247 19.3678 1.54592 19.3678H9.27551C9.59568 19.3678 9.85523 19.6249 9.85523 19.942C9.85523 20.2591 9.59568 20.5161 9.27551 20.5161H1.54592C0.692131 20.5161 0 19.8306 0 18.985V1.76033Z" fill="#EB0203"></path>
                    <path fill-rule="evenodd" clip-rule="evenodd" d="M14.6254 13.8718C13.4921 12.8567 11.7821 12.7615 10.6574 13.7147C9.12472 15.0124 9.34891 17.128 10.4413 18.2493L14.0161 21.9126C14.2199 22.1217 14.493 22.2386 14.7824 22.2386C15.0739 22.2386 15.3449 22.1238 15.5487 21.9147L19.1235 18.2514C20.2139 17.13 20.4422 15.0144 18.9075 13.7147C17.7827 12.7634 16.0726 12.8569 14.9392 13.872C14.8856 13.92 14.8333 13.9701 14.7824 14.0222C14.7314 13.97 14.6791 13.9199 14.6254 13.8718ZM18.1546 14.588C19.0972 15.3869 18.9961 16.7262 18.2891 17.4541C18.2888 17.4543 18.2886 17.4546 18.2884 17.4548L14.7834 21.0466L11.2757 17.452C11.2756 17.4519 11.2755 17.4517 11.2753 17.4516C10.5681 16.7252 10.4682 15.3856 11.4108 14.5876L11.4112 14.5872C12.0748 14.0248 13.202 14.0556 13.949 14.8205L14.7824 15.674L15.6158 14.8205C16.3618 14.0567 17.4896 14.0256 18.1545 14.5879" fill="#EB0203"></path>
                    </svg>
                    </button>
                    </div>
                    </div>
                    <p class="ct-tile--brand">Yopro</p>
                    <p class="ct-tile--quantity">emb. 300 gr</p>
                    </div>
                    <div class="ct-tile-bottom row no-gutters justify-content-between">
                    <div class="ct-price-wrap col-8 col-sm-12">
                    <div class="price js-product-price">
                    <div class="prices-wrapper">
                    <span class="sales ct-tile--price-primary ">
                    <span class="value" content="1.89">
                    <span class="ct-price-formatted">
                    €1,89
                    </span>
                    <span class="ct-m-unit">
                    /un
                    </span>
                    </span>
                    </span>
                    </div>
                    <div class="ct-tile--price-secondary">
                    <span class="ct-price-value">
                    €6,30
                    </span>
                    <span class="ct-m-unit">
                    /kg
                    </span>
                    </div>
                    <p class="ct-discount-amount ct-discount-amount-pvpr">PVP Recomendado: €2,39/un</p>
                    </div>
                    </div>
                     <div class="ct-tile-buy-section d-flex justify-content-center no-gutters col-auto col-sm-12">
                    <div class="col-2 d-sm-flex d-none">
                    <button class="wishlist-toggler guest-mode inactive button button--tertiary" data-pid="7383016" data-add-url="https://www.continente.pt/on/demandware.store/Sites-continente-Site/default/Wishlist-AddProduct?pid=7383016" data-toggle="tooltip" aria-label="Adicionar aos favoritos " data-original-title="Adicionar aos favoritos" data-placement="top" tabindex="-1">
                    <svg class="active-content" width="100%" height="100%" viewBox="0 0 20 22" fill="none" xmlns="http://www.w3.org/2000/svg">
                    <path fill-rule="evenodd" clip-rule="evenodd" d="M0 1.53052C0 0.685236 0.692171 0 1.54601 0H15.0736C15.9274 0 16.6196 0.685235 16.6196 1.53052V13.4064L15.8127 13.922L14.2658 14.2658L12.7189 13.4064L10.6054 14.3818C10.4994 14.2451 10.3327 14.157 10.1452 14.157H6.76329C6.4431 14.157 6.18354 14.414 6.18354 14.731C6.18354 15.0479 6.4431 15.3049 6.76329 15.3049H10.1452C10.2478 15.3049 10.3441 15.2785 10.4277 15.2322L10.3126 16.8439L13.2345 20.2793H1.54601C0.69217 20.2793 0 19.5941 0 18.7488V1.53052ZM6.18354 5.5483C6.18354 5.23132 6.4431 4.97436 6.76329 4.97436H12.3676C12.6878 4.97436 12.9473 5.23132 12.9473 5.5483C12.9473 5.86528 12.6878 6.12224 12.3676 6.12224H6.76329C6.4431 6.12224 6.18354 5.86528 6.18354 5.5483ZM6.76329 11.0961C6.4431 11.0961 6.18354 11.3531 6.18354 11.6701C6.18354 11.987 6.4431 12.244 6.76329 12.244H12.3676C12.6878 12.244 12.9473 11.987 12.9473 11.6701C12.9473 11.3531 12.6878 11.0961 12.3676 11.0961H6.76329ZM6.18354 8.60985C6.18354 8.29287 6.4431 8.03591 6.76329 8.03591H12.3676C12.6878 8.03591 12.9473 8.29287 12.9473 8.60985C12.9473 8.92684 12.6878 9.1838 12.3676 9.1838H6.76329C6.4431 9.1838 6.18354 8.92684 6.18354 8.60985ZM3.67118 5.5483C3.67118 5.23132 3.93075 4.97436 4.25093 4.97436H4.63743C4.95762 4.97436 5.21719 5.23132 5.21719 5.5483C5.21719 5.86528 4.95762 6.12224 4.63743 6.12224H4.25093C3.93075 6.12224 3.67118 5.86528 3.67118 5.5483ZM4.25093 11.0961C3.93075 11.0961 3.67118 11.3531 3.67118 11.6701C3.67118 11.987 3.93075 12.244 4.25093 12.244H4.63743C4.95762 12.244 5.21719 11.987 5.21719 11.6701C5.21719 11.3531 4.95762 11.0961 4.63743 11.0961H4.25093ZM3.67118 8.60985C3.67118 8.29287 3.93075 8.03591 4.25093 8.03591H4.63743C4.95762 8.03591 5.21719 8.29287 5.21719 8.60985C5.21719 8.92684 4.95762 9.1838 4.63743 9.1838H4.25093C3.93075 9.1838 3.67118 8.92684 3.67118 8.60985ZM4.25093 14.157C3.93075 14.157 3.67118 14.414 3.67118 14.731C3.67118 15.0479 3.93075 15.3049 4.25093 15.3049H4.63743C4.95762 15.3049 5.21719 15.0479 5.21719 14.731C5.21719 14.414 4.95762 14.157 4.63743 14.157H4.25093Z" fill="#EB0203"></path>
                    <path fill-rule="evenodd" clip-rule="evenodd" d="M14.6252 13.6363C13.4918 12.6215 11.7817 12.5264 10.6569 13.4792C9.12421 14.7764 9.34841 16.8912 10.4409 18.0122L14.0159 21.6742C14.2197 21.8832 14.4928 22 14.7822 22C15.0737 22 15.3448 21.8852 15.5486 21.6762L19.1236 18.0142C20.214 16.8933 20.4423 14.7785 18.9075 13.4792C17.7827 12.5283 16.0724 12.6217 14.9391 13.6365C14.8855 13.6845 14.8331 13.7345 14.7822 13.7866C14.7313 13.7345 14.6789 13.6843 14.6252 13.6363ZM18.1546 14.3522C19.0973 15.1508 18.9962 16.4896 18.2891 17.2173C18.2888 17.2175 18.2886 17.2177 18.2884 17.218L14.7832 20.8084L11.2753 17.2151C11.2752 17.215 11.2751 17.2149 11.2749 17.2148C10.5677 16.4887 10.4678 15.1495 11.4104 14.3518L11.4108 14.3514C12.0745 13.7892 13.2018 13.82 13.9488 14.5846L14.7822 15.4378L15.6157 14.5846C16.3617 13.8211 17.4896 13.79 18.1545 14.3521" fill="#EB0203"></path>
                    </svg>
                    <svg class="inactive-content" width="100%" height="100%" viewBox="0 0 20 23" fill="none" xmlns="http://www.w3.org/2000/svg">
                    <path fill-rule="evenodd" clip-rule="evenodd" d="M6.18408 5.77914C6.18408 5.46223 6.44363 5.20532 6.7638 5.20532H12.3678C12.6879 5.20532 12.9475 5.46223 12.9475 5.77914C12.9475 6.09606 12.6879 6.35297 12.3678 6.35297H6.7638C6.44363 6.35297 6.18408 6.09606 6.18408 5.77914Z" fill="#EB0203"></path>
                    <path fill-rule="evenodd" clip-rule="evenodd" d="M6.18408 11.9034C6.18408 11.5865 6.44363 11.3296 6.7638 11.3296H12.3678C12.6879 11.3296 12.9475 11.5865 12.9475 11.9034C12.9475 12.2202 12.6879 12.4771 12.3678 12.4771H6.7638C6.44363 12.4771 6.18408 12.2202 6.18408 11.9034Z" fill="#EB0203"></path>
                    <path fill-rule="evenodd" clip-rule="evenodd" d="M6.18408 8.84116C6.18408 8.52424 6.44363 8.26733 6.7638 8.26733H12.3678C12.6879 8.26733 12.9475 8.52424 12.9475 8.84116C12.9475 9.15807 12.6879 9.41498 12.3678 9.41498H6.7638C6.44363 9.41498 6.18408 9.15807 6.18408 8.84116Z" fill="#EB0203"></path>
                    <path fill-rule="evenodd" clip-rule="evenodd" d="M6.18408 14.9655C6.18408 14.6486 6.44363 14.3917 6.7638 14.3917H10.1455C10.4657 14.3917 10.7252 14.6486 10.7252 14.9655C10.7252 15.2825 10.4657 15.5394 10.1455 15.5394H6.7638C6.44363 15.5394 6.18408 15.2825 6.18408 14.9655Z" fill="#EB0203"></path>
                    <path fill-rule="evenodd" clip-rule="evenodd" d="M3.67139 5.77914C3.67139 5.46223 3.93094 5.20532 4.25111 5.20532H4.63759C4.95776 5.20532 5.21731 5.46223 5.21731 5.77914C5.21731 6.09606 4.95776 6.35297 4.63759 6.35297H4.25111C3.93094 6.35297 3.67139 6.09606 3.67139 5.77914Z" fill="#EB0203"></path>
                    <path fill-rule="evenodd" clip-rule="evenodd" d="M3.67139 11.9034C3.67139 11.5865 3.93094 11.3296 4.25111 11.3296H4.63759C4.95776 11.3296 5.21731 11.5865 5.21731 11.9034C5.21731 12.2202 4.95776 12.4771 4.63759 12.4771H4.25111C3.93094 12.4771 3.67139 12.2202 3.67139 11.9034Z" fill="#EB0203"></path>
                    <path fill-rule="evenodd" clip-rule="evenodd" d="M3.67139 8.84116C3.67139 8.52424 3.93094 8.26733 4.25111 8.26733H4.63759C4.95776 8.26733 5.21731 8.52424 5.21731 8.84116C5.21731 9.15807 4.95776 9.41498 4.63759 9.41498H4.25111C3.93094 9.41498 3.67139 9.15807 3.67139 8.84116Z" fill="#EB0203"></path>
                    <path fill-rule="evenodd" clip-rule="evenodd" d="M3.67139 14.9655C3.67139 14.6486 3.93094 14.3917 4.25111 14.3917H4.63759C4.95776 14.3917 5.21731 14.6486 5.21731 14.9655C5.21731 15.2825 4.95776 15.5394 4.63759 15.5394H4.25111C3.93094 15.5394 3.67139 15.2825 3.67139 14.9655Z" fill="#EB0203"></path>
                    <path fill-rule="evenodd" clip-rule="evenodd" d="M0 1.76033C0 0.914738 0.692131 0.229248 1.54592 0.229248H15.0727C15.9265 0.229248 16.6186 0.914738 16.6186 1.76033V11.2818C16.6186 11.5989 16.3591 11.8559 16.0389 11.8559C15.7187 11.8559 15.4592 11.5989 15.4592 11.2818V1.76033C15.4592 1.54893 15.2862 1.37756 15.0727 1.37756H1.54592C1.33247 1.37756 1.15944 1.54893 1.15944 1.76033V18.985C1.15944 19.1964 1.33247 19.3678 1.54592 19.3678H9.27551C9.59568 19.3678 9.85523 19.6249 9.85523 19.942C9.85523 20.2591 9.59568 20.5161 9.27551 20.5161H1.54592C0.692131 20.5161 0 19.8306 0 18.985V1.76033Z" fill="#EB0203"></path>
                    <path fill-rule="evenodd" clip-rule="evenodd" d="M14.6254 13.8718C13.4921 12.8567 11.7821 12.7615 10.6574 13.7147C9.12472 15.0124 9.34891 17.128 10.4413 18.2493L14.0161 21.9126C14.2199 22.1217 14.493 22.2386 14.7824 22.2386C15.0739 22.2386 15.3449 22.1238 15.5487 21.9147L19.1235 18.2514C20.2139 17.13 20.4422 15.0144 18.9075 13.7147C17.7827 12.7634 16.0726 12.8569 14.9392 13.872C14.8856 13.92 14.8333 13.9701 14.7824 14.0222C14.7314 13.97 14.6791 13.9199 14.6254 13.8718ZM18.1546 14.588C19.0972 15.3869 18.9961 16.7262 18.2891 17.4541C18.2888 17.4543 18.2886 17.4546 18.2884 17.4548L14.7834 21.0466L11.2757 17.452C11.2756 17.4519 11.2755 17.4517 11.2753 17.4516C10.5681 16.7252 10.4682 15.3856 11.4108 14.5876L11.4112 14.5872C12.0748 14.0248 13.202 14.0556 13.949 14.8205L14.7824 15.674L15.6158 14.8205C16.3618 14.0567 17.4896 14.0256 18.1545 14.5879" fill="#EB0203"></path>
                    </svg>
                    </button>
                    </div>
                    <div class="col-sm-10 col-12">
                    <div class="ct-tile-quantity d-none" data-pid="7383016">
                    <input type="hidden" class="add-to-cart-url" value="https://www.continente.pt/on/demandware.store/Sites-continente-Site/default/Cart-AddProduct" tabindex="-1">
                    <div class="d-none tile-delete-confirmation-btn" data-pid="7383016" data-delay-time="3000" data-in-cart-msg="no carrinho" data-one-product-added="Adicionado ao carrinho" data-remove-from-cart-msg="Removido do carrinho" data-stay-open="6000.0" data-confirmation-image="{&quot;url&quot;:&quot;https://www.continente.pt/dw/image/v2/BDVS_PRD/on/demandware.static/-/Sites-col-master-catalog/default/dw6a407a8e/images/col/738/7383016-frente.jpg?sw=87&amp;sh=80&quot;,&quot;fallbackimage&quot;:{&quot;url&quot;:&quot;https://www.continente.pt/dw/image/v2/BDVS_PRD/on/demandware.static/Sites-continente-Site/-/default/dw7c42b4da/images/noimagelarge_product.png?sw=87&amp;sh=80&quot;,&quot;title&quot;:&quot;Iogurte Líquido Proteína Manga&quot;,&quot;alt&quot;:&quot;Iogurte Líquido Proteína Manga&quot;},&quot;title&quot;:&quot;Iogurte Líquido Proteína Manga&quot;,&quot;alt&quot;:&quot;Iogurte Líquido Proteína Manga&quot;}"></div>
                    <div class="ct-tile-quantity-update quantity-update product-qty-vue" data-remove-action="https://www.continente.pt/on/demandware.store/Sites-continente-Site/default/Cart-RemoveProductLineItem" data-action="https://www.continente.pt/on/demandware.store/Sites-continente-Site/default/Cart-UpdateQuantity" data-dimension-update="https://www.continente.pt/on/demandware.store/Sites-continente-Site/default/Cart-DimensionUpdate" data-pid="7383016" data-uuid="6351d6f26be6dff8c63e8668ee" data-add-delay="500.0" data-measure-options="{&quot;hasConversionRate&quot;:false,&quot;hasAlternativeSaleUnit&quot;:false,&quot;unitConversionRate&quot;:0,&quot;minOrderQuantity&quot;:1,&quot;stepQuantity&quot;:1,&quot;primaryunit&quot;:&quot;un&quot;,&quot;secondaryunit&quot;:&quot;kg&quot;,&quot;selectedunit&quot;:&quot;primary&quot;,&quot;maxNumberOfUnitsPerSale&quot;:50}" data-price-available="null" :data-has-error="isMaxQtyReached || isMinQtyReached || qtySelectedMoreThanOne">
                    <template v-show="prodUnits">
                    <div class="quantity-input-wrapper has-units">
                    <label class="visually-hidden" :for="'quantity-' + pid + additionalTag">
                    Quantidade no carrinho
                    </label>
                    <input :ref="'quantityInput-' + pid + additionalTag" class="add-to-cart-quantity form-control ct-form-input text-center" inputmode="numeric" :class="{'is-invalid': isInvalid}" :data-pid="pid + additionalTag" :name="'quantity-' + pid + additionalTag" type="text" aria-label="Insira a quantidade" title="" v-model="displayValue" @change="updateQuantity" @focus="updateQtyFormat" @blur="restoreQtyFormat" :disabled="!isPriceAvailable">
                    <span class="quantity-icon quantity-icon--minus">
                    <button class="decrease-quantity-btn" @click="updateQuantity" :disabled="!isPriceAvailable" role="button" aria-label="Reduzir quantidade">
                    <i class="css-math-minus"></i>
                    </button>
                    </span>
                    <span class="quantity-icon quantity-icon--plus">
                    <button class="increase-quantity-btn" @click="updateQuantity" :disabled="isMaxQtyReached || !isPriceAvailable" role="button" aria-label="Aumentar quantidade">
                    <i class="css-math-plus"></i>
                    </button>
                    <span class="quantity-btn-disabled-placeholder"></span>
                    </span>
                    <template v-if="isPDP">
                    <span class="quantity-error ct-span-error text-sm-center product-max-allocation" v-if="isMaxQtyReached">
                    Quantidade máxima atingida
                    </span>
                    <span class="quantity-error ct-span-product text-sm-center product-allocation" v-if="!isMinQtyReached &amp;&amp; !isMaxQtyReached">
                    {{quantitySelected}} no carrinho
                    </span>
                    <span class="quantity-error ct-span-error text-sm-center product-min-allocation" :data-pid="pid" v-if="isMinQtyReached &amp;&amp; !isMaxQtyReached">
                    Quantidade mínima atingida
                    </span>
                    </template>
                    </div>
                    <template v-if="showNotes">
                    <div class="add-note-link-container ">
                    <div class="add-note">
                    <a href="/produto/iogurte-liquido-proteina-manga-yopro-7383016.html?showNote=true" class="ct-add-note-redirect-pdp" aria-label="Adicionar comentário">
                    <span class="svg-wrapper svg-icon-notes" style="width:19px; height:20px">
                    <svg class="svg-inline icon-notes" viewBox="0 0 28 30" xmlns="http://www.w3.org/2000/svg" width="100%" height="100%"><path d="M21.738 0C22.985 0 24 1.04 24 2.319V12.47c0 .469-.37.848-.828.848-.457 0-.827-.38-.827-.848V2.32c0-.343-.273-.622-.607-.622H2.262c-.334 0-.607.279-.607.622V27.68c0 .343.273.622.607.622h7.81c.457 0 .827.38.827.849 0 .468-.37.848-.827.848h-7.81C1.015 30 0 28.96 0 27.681V2.32C0 1.04 1.015 0 2.262 0h19.476zm2.844 16.004l.227.007c.823.053 1.589.39 2.176.964.64.627.993 1.46.993 2.349 0 .888-.353 1.722-.993 2.348l-6.83 6.665c-.11.108-.247.186-.397.226l-5.032 1.363c-.078.021-.16.032-.241.032-.242 0-.478-.097-.647-.266-.23-.231-.314-.566-.218-.874l1.49-4.798c.044-.139.122-.266.227-.369l6.844-6.677c.64-.625 1.493-.97 2.401-.97zm-2.886 3.94l-4.922 4.802-.947 3.048 3.22-.872 4.897-4.78-2.248-2.197zm2.887-2.174c-.425 0-.824.162-1.124.455l-.484.472 2.248 2.197.484-.472c.62-.606.62-1.591 0-2.197l-.117-.104c-.283-.227-.636-.35-1.007-.35zm-10.839.022c.498 0 .904.396.904.883 0 .488-.406.884-.904.884H5.946c-.499 0-.904-.396-.904-.884 0-.487.405-.883.904-.883zm5.042-4.876c.498 0 .904.397.904.884s-.406.884-.904.884H5.946c-.499 0-.904-.397-.904-.884s.405-.884.904-.884zm0-4.875c.498 0 .904.396.904.884 0 .487-.406.883-.904.883H5.946c-.499 0-.904-.396-.904-.883 0-.488.405-.884.904-.884z" fill="#EB0203" fill-rule="evenodd"></path></svg>
                    </span>
                    <div class="available-note d-none"></div>
                    </a>
                    </div>
                    </div>
                    </template>
                    <div class="measurement-unit-section" v-if="isPriceAvailable &amp;&amp; prodUnits ? prodUnits.hasAlternativeUnit : false">
                    <div class="ct-form-radio" @click="setDimension">
                    <input type="radio" title="" class="ct-form-check-input product-measurement-unit" :data-type="prodUnits.selectedUnit == prodUnits.secondaryUnit ? 'primary' : ''" :id="prodUnits.secondaryUnit + '-' + pid + '-measurement-unit-ptile' + additionalTag" :name="'measurement-unit-' + pid + '-ptile' + additionalTag" :value="prodUnits.secondaryUnit" v-model="prodUnits.selectedUnit">
                    <label :class="prodUnits.secondaryUnit + '-label ct-form-check-label mb-0'" :for="prodUnits.secondaryUnit + '-' + pid + '-measurement-unit-ptile' + additionalTag">
                    {{prodUnits.secondaryUnit}}
                    </label>
                    <span class="checkmark"></span>
                    </div>
                    <div class="ct-form-radio" @click="setDimension">
                    <input type="radio" title="" class="ct-form-check-input product-measurement-unit" :data-type="prodUnits.selectedUnit == prodUnits.primaryUnit ? 'primary' : ''" :id="prodUnits.primaryUnit + '-' + pid + '-measurement-unit-ptile' + additionalTag" :name="'measurement-unit-' + pid + '-ptile' + additionalTag" :value="prodUnits.primaryUnit" v-model="prodUnits.selectedUnit">
                    <label :class="prodUnits.primaryUnit + '-label ct-form-check-label mb-0'" :for="prodUnits.primaryUnit + '-' + pid + '-measurement-unit-ptile' + additionalTag">
                    {{prodUnits.primaryUnit}}
                    </label>
                    <span class="checkmark"></span>
                    </div>
                    </div>
                    <template v-if="!isPDP &amp;&amp; isPriceAvailable">
                    <span class="quantity-error ct-span-error product-max-allocation" v-if="isMaxQtyReached">
                    Quantidade máxima atingida
                    </span>
                    <span class="quantity-error ct-span-product product-allocation" v-if="!isMinQtyReached &amp;&amp; !isMaxQtyReached">
                    {{quantitySelected}} no carrinho
                    </span>
                    <span class="quantity-error ct-span-error product-min-allocation" :data-pid="pid" v-if="isMinQtyReached &amp;&amp; !isMaxQtyReached">
                    Quantidade mínima atingida
                    </span>
                    </template>
                    </template>
                    </div>
                    <input class="quantity-value-mask d-none" name="quantity" type="number" min="0" value="" tabindex="-1">
                    </div>
                    <button type="button" class="add-to-cart button js-add-to-cart js-add-to-cart-tile 7383016 button--primary dynamic-layout-btn" data-toggle="modal" data-target="#chooseBonusProductModal" data-pid="7383016" data-quantity-value="null" aria-label="Carrinho" tabindex="-1">
                    <span class="d-block d-sm-none">
                    <span class="svg-wrapper svg-icon-cart" style="width:20px; height:20px">
                    <svg class="svg-inline icon-cart" xmlns="http://www.w3.org/2000/svg" viewBox="0 0 500 500" width="100%" height="100%"><path fill="#EB0203" fill-rule="evenodd" d="M 485.67317,94.386311 C 476.37798,83.847129 463.09468,78.03348 448.30404,78.03348 H 90.690813 L 87.079511,51.327997 C 83.185582,22.539551 62.962285,0 41.011841,0 H 14.727836 C 6.563151,0 0,6.5286975 0,14.580758 c 0,8.05206 6.5945535,14.580758 14.727836,14.580758 h 26.284005 c 4.710398,0 14.696435,9.855222 16.894619,26.021523 L 100.01739,368.0631 c 1.88416,13.77244 9.01256,26.70549 20.1605,36.37417 8.25889,7.15046 18.02511,11.9071 28.26237,13.89679 -4.17655,7.58572 -6.53175,16.25957 -6.53175,25.493 0,29.53459 24.27424,53.59751 54.13815,53.59751 29.8325,0 54.13814,-24.03184 54.13814,-53.59751 0,-8.79818 -2.19818,-17.09897 -5.9979,-24.43598 h 77.12488 c -3.79973,7.33701 -5.96652,15.6378 -5.96652,24.43598 0,29.53459 24.27424,53.59751 54.13817,53.59751 29.83249,0 54.13814,-24.03184 54.13814,-53.59751 0,-8.79818 -2.1982,-17.09897 -5.9979,-24.43598 h 38.56243 c 8.13328,0 14.72783,-6.5287 14.72783,-14.61183 0,-8.02098 -6.59455,-14.54967 -14.72783,-14.54967 H 159.24277 c -14.38241,0 -28.13677,-11.90711 -30.02092,-26.02153 l -3.07746,-22.88154 h 290.6314 c 14.03698,0 27.94834,-5.28513 39.06488,-14.95381 11.11652,-9.6376 18.27632,-22.57065 20.16048,-36.37417 l 21.10259,-156.78201 c 1.94694,-14.51858 -2.10398,-28.29103 -11.43057,-38.861299 z M 220.76053,443.82706 c 0,13.49265 -11.08513,24.46709 -24.68247,24.46709 -13.62874,0 -24.71387,-10.97444 -24.71387,-24.46709 0,-13.49262 11.08513,-24.43598 24.71387,-24.43598 13.59734,0 24.68247,10.94336 24.68247,24.43598 z m 173.43675,0 c 0,13.49265 -11.08512,24.46709 -24.68245,24.46709 -13.62876,0 -24.71388,-10.97444 -24.71388,-24.46709 0,-13.49262 11.08512,-24.43598 24.71388,-24.43598 13.59733,0 24.68245,10.94336 24.68245,24.43598 z m 73.7648,-314.46558 -21.13397,156.782 c -1.88416,14.11442 -15.63851,26.05261 -30.02091,26.05261 H 122.25046 L 94.616142,107.19499 H 448.33544 c 6.18632,0 11.61896,2.2695 15.23028,6.37326 3.64269,4.13484 5.21283,9.73086 4.39636,15.79323 z"></path></svg>
                    </span>
                    </span>
                    <span class="add-to-cart--text d-none d-sm-block">Carrinho</span>
                    </button>
                    </div>
                    </div>
                    </div>
                    </div>
                    
                    <div class="col-12 d-sm-none">
                    </div>
                    </div>
                    </div>
                    </div>
                    </div><div class="pd-tile-wrap slick-slide slick-cloned" data-idx="8" style="width: 276px; height: auto;" data-slick-index="17" id="" aria-hidden="true" tabindex="-1">
                    
                    <script type="text/javascript">//<!--
                    /* <![CDATA[ */
                    (function(){
                    try {
                        if(window.CQuotient) {
                            var cq_params = {};
                            cq_params.cookieId = window.CQuotient.getCQCookieId();
                            cq_params.userId = window.CQuotient.getCQUserId();
                            cq_params.emailId = CQuotient.getCQHashedEmail();
                            cq_params.loginId = CQuotient.getCQHashedLogin();
                            cq_params.accumulate = true;
                            cq_params.products = [{
                                id: '7420249',
                                sku: '',
                                type: '',
                                alt_id: ''
                            }];
                            cq_params.recommenderName = '__UNDEFINED__';
                            cq_params.realm = "BDVS";
                            cq_params.siteId = "continente";
                            cq_params.instanceType = "prd";
                            cq_params.locale = window.CQuotient.locale;
                            cq_params.slotId = '';
                            cq_params.slotConfigId = '';
                            cq_params.slotConfigTemplate = '';
                            if(window.CQuotient.sendActivity)
                                window.CQuotient.sendActivity( CQuotient.clientId, 'viewReco', cq_params );
                            else
                                window.CQuotient.activities.push( {activityType: 'viewReco', parameters: cq_params} );
                        }
                    } catch(err) {}
                    })();
                    /* ]]> */
                    // -->
                    </script>
                    <script type="text/javascript">//<!--
                    /* <![CDATA[ (viewProduct-active_data.js) */
                    dw.ac._capture({id: "7420249", type: "recommendation"});
                    /* ]]> */
                    // -->
                    </script>
                    <div class="product" data-pid="7420249">
                    <div class="product-tile pid-7420249   ct-product-tile " data-delay-time="3000" data-variants-mapping="[]" data-in-cart-msg="no carrinho" data-one-product-added="Adicionado ao carrinho" data-remove-from-cart-msg="Removido do carrinho" data-stay-open="6000.0" data-product-tile-impression="{&quot;name&quot;:&quot;7420249&quot;,&quot;id&quot;:&quot;7420249&quot;,&quot;price&quot;:2.09,&quot;brand&quot;:&quot;Yoggi&quot;,&quot;category&quot;:[{&quot;category_level_1&quot;:&quot;Laticínios e Ovos&quot;},{&quot;category_level_2&quot;:&quot;Iogurtes&quot;},{&quot;category_level_3&quot;:&quot;Iogurtes sem Lactose&quot;}],&quot;variant&quot;:&quot;&quot;}">
                    <div class="ct-inner-tile-wrap row no-gutters justify-content-center align-content-start">
                    <div class="ct-product-tile-badge ct-product-tile-badge--promotional">
                    <img class="img-fluid lazyloaded" loading="lazy" data-src="https://www.continente.pt/dw/image/v2/BDVS_PRD/on/demandware.static/-/Sites-continente-Library/default/dwf5980f2e/images/badges/pvpr/col/pvpr.png?sw=60&amp;sh=42" alt="PVP Recomendado: €3,22/un" title="PVP Recomendado: €3,22/un" src="https://www.continente.pt/dw/image/v2/BDVS_PRD/on/demandware.static/-/Sites-continente-Library/default/dwf5980f2e/images/badges/pvpr/col/pvpr.png?sw=60&amp;sh=42">
                    <div class="ct-product-tile-badge-value-wrapper ct-product-tile-badge-value-wrapper--pvpr  ">
                    <span class="ct-product-tile-badge-value--pvpr">
                    35
                    </span>
                    <span class="ct-product-tile-badge-value--pvpr-quantifier ">
                    %
                    </span>
                    </div>
                    </div>
                    
                    <div class="ct-image-container col-4 col-sm" data-confirmation-image="{&quot;url&quot;:&quot;https://www.continente.pt/dw/image/v2/BDVS_PRD/on/demandware.static/-/Sites-col-master-catalog/default/dwe36f31e0/images/col/742/7420249-frente.jpg?sw=87&amp;sh=80&quot;,&quot;fallbackimage&quot;:{&quot;url&quot;:&quot;https://www.continente.pt/dw/image/v2/BDVS_PRD/on/demandware.static/Sites-continente-Site/-/default/dw7c42b4da/images/noimagelarge_product.png?sw=87&amp;sh=80&quot;,&quot;title&quot;:&quot;Iogurte Líquido Stracciatella sem Lactose&quot;,&quot;alt&quot;:&quot;Iogurte Líquido Stracciatella sem Lactose&quot;},&quot;title&quot;:&quot;Iogurte Líquido Stracciatella sem Lactose&quot;,&quot;alt&quot;:&quot;Iogurte Líquido Stracciatella sem Lactose&quot;}">
                    <a href="https://www.continente.pt/produto/iogurte-liquido-stracciatella-sem-lactose-yoggi-7420249.html?cgid=home" tabindex="-1">
                    <picture class="intrinsic intrinsic--square">
                    <img class="ct-tile-image lazyloaded" loading="lazy" onerror="this.onerror=null;this.src='/on/demandware.static/Sites-continente-Site/-/default/dw7c42b4da/images/noimagelarge_product.png';" data-src="https://www.continente.pt/dw/image/v2/BDVS_PRD/on/demandware.static/-/Sites-col-master-catalog/default/dwe36f31e0/images/col/742/7420249-frente.jpg?sw=280&amp;sh=280" alt="Iogurte Líquido Stracciatella sem Lactose" title="Iogurte Líquido Stracciatella sem Lactose" src="https://www.continente.pt/dw/image/v2/BDVS_PRD/on/demandware.static/-/Sites-col-master-catalog/default/dwe36f31e0/images/col/742/7420249-frente.jpg?sw=280&amp;sh=280">
                    </picture>
                    </a>
                    <div class="color-swatches d-flex" style="margin-left: 5px;">
                    <div class="swatches d-flex">
                    </div>
                    </div>
                    </div>
                    <div class="ct-tile-body col col-sm-auto ">
                    <div class="ct-pdp-details">
                    <div class="ct-pdp-link">
                    <a class="ct-tile--description" href="https://www.continente.pt/produto/iogurte-liquido-stracciatella-sem-lactose-yoggi-7420249.html?cgid=home" tabindex="-1">Iogurte Líquido Stracciatella sem Lactose</a>
                    <div class="ct-tile--favorite-top d-sm-none">
                    <button class="wishlist-toggler guest-mode inactive button button--tertiary" data-pid="7420249" data-add-url="https://www.continente.pt/on/demandware.store/Sites-continente-Site/default/Wishlist-AddProduct?pid=7420249" data-toggle="tooltip" aria-label="Adicionar aos favoritos " data-original-title="Adicionar aos favoritos" data-placement="top" tabindex="-1">
                    <svg class="active-content" width="100%" height="100%" viewBox="0 0 20 22" fill="none" xmlns="http://www.w3.org/2000/svg">
                    <path fill-rule="evenodd" clip-rule="evenodd" d="M0 1.53052C0 0.685236 0.692171 0 1.54601 0H15.0736C15.9274 0 16.6196 0.685235 16.6196 1.53052V13.4064L15.8127 13.922L14.2658 14.2658L12.7189 13.4064L10.6054 14.3818C10.4994 14.2451 10.3327 14.157 10.1452 14.157H6.76329C6.4431 14.157 6.18354 14.414 6.18354 14.731C6.18354 15.0479 6.4431 15.3049 6.76329 15.3049H10.1452C10.2478 15.3049 10.3441 15.2785 10.4277 15.2322L10.3126 16.8439L13.2345 20.2793H1.54601C0.69217 20.2793 0 19.5941 0 18.7488V1.53052ZM6.18354 5.5483C6.18354 5.23132 6.4431 4.97436 6.76329 4.97436H12.3676C12.6878 4.97436 12.9473 5.23132 12.9473 5.5483C12.9473 5.86528 12.6878 6.12224 12.3676 6.12224H6.76329C6.4431 6.12224 6.18354 5.86528 6.18354 5.5483ZM6.76329 11.0961C6.4431 11.0961 6.18354 11.3531 6.18354 11.6701C6.18354 11.987 6.4431 12.244 6.76329 12.244H12.3676C12.6878 12.244 12.9473 11.987 12.9473 11.6701C12.9473 11.3531 12.6878 11.0961 12.3676 11.0961H6.76329ZM6.18354 8.60985C6.18354 8.29287 6.4431 8.03591 6.76329 8.03591H12.3676C12.6878 8.03591 12.9473 8.29287 12.9473 8.60985C12.9473 8.92684 12.6878 9.1838 12.3676 9.1838H6.76329C6.4431 9.1838 6.18354 8.92684 6.18354 8.60985ZM3.67118 5.5483C3.67118 5.23132 3.93075 4.97436 4.25093 4.97436H4.63743C4.95762 4.97436 5.21719 5.23132 5.21719 5.5483C5.21719 5.86528 4.95762 6.12224 4.63743 6.12224H4.25093C3.93075 6.12224 3.67118 5.86528 3.67118 5.5483ZM4.25093 11.0961C3.93075 11.0961 3.67118 11.3531 3.67118 11.6701C3.67118 11.987 3.93075 12.244 4.25093 12.244H4.63743C4.95762 12.244 5.21719 11.987 5.21719 11.6701C5.21719 11.3531 4.95762 11.0961 4.63743 11.0961H4.25093ZM3.67118 8.60985C3.67118 8.29287 3.93075 8.03591 4.25093 8.03591H4.63743C4.95762 8.03591 5.21719 8.29287 5.21719 8.60985C5.21719 8.92684 4.95762 9.1838 4.63743 9.1838H4.25093C3.93075 9.1838 3.67118 8.92684 3.67118 8.60985ZM4.25093 14.157C3.93075 14.157 3.67118 14.414 3.67118 14.731C3.67118 15.0479 3.93075 15.3049 4.25093 15.3049H4.63743C4.95762 15.3049 5.21719 15.0479 5.21719 14.731C5.21719 14.414 4.95762 14.157 4.63743 14.157H4.25093Z" fill="#EB0203"></path>
                    <path fill-rule="evenodd" clip-rule="evenodd" d="M14.6252 13.6363C13.4918 12.6215 11.7817 12.5264 10.6569 13.4792C9.12421 14.7764 9.34841 16.8912 10.4409 18.0122L14.0159 21.6742C14.2197 21.8832 14.4928 22 14.7822 22C15.0737 22 15.3448 21.8852 15.5486 21.6762L19.1236 18.0142C20.214 16.8933 20.4423 14.7785 18.9075 13.4792C17.7827 12.5283 16.0724 12.6217 14.9391 13.6365C14.8855 13.6845 14.8331 13.7345 14.7822 13.7866C14.7313 13.7345 14.6789 13.6843 14.6252 13.6363ZM18.1546 14.3522C19.0973 15.1508 18.9962 16.4896 18.2891 17.2173C18.2888 17.2175 18.2886 17.2177 18.2884 17.218L14.7832 20.8084L11.2753 17.2151C11.2752 17.215 11.2751 17.2149 11.2749 17.2148C10.5677 16.4887 10.4678 15.1495 11.4104 14.3518L11.4108 14.3514C12.0745 13.7892 13.2018 13.82 13.9488 14.5846L14.7822 15.4378L15.6157 14.5846C16.3617 13.8211 17.4896 13.79 18.1545 14.3521" fill="#EB0203"></path>
                    </svg>
                    <svg class="inactive-content" width="100%" height="100%" viewBox="0 0 20 23" fill="none" xmlns="http://www.w3.org/2000/svg">
                    <path fill-rule="evenodd" clip-rule="evenodd" d="M6.18408 5.77914C6.18408 5.46223 6.44363 5.20532 6.7638 5.20532H12.3678C12.6879 5.20532 12.9475 5.46223 12.9475 5.77914C12.9475 6.09606 12.6879 6.35297 12.3678 6.35297H6.7638C6.44363 6.35297 6.18408 6.09606 6.18408 5.77914Z" fill="#EB0203"></path>
                    <path fill-rule="evenodd" clip-rule="evenodd" d="M6.18408 11.9034C6.18408 11.5865 6.44363 11.3296 6.7638 11.3296H12.3678C12.6879 11.3296 12.9475 11.5865 12.9475 11.9034C12.9475 12.2202 12.6879 12.4771 12.3678 12.4771H6.7638C6.44363 12.4771 6.18408 12.2202 6.18408 11.9034Z" fill="#EB0203"></path>
                    <path fill-rule="evenodd" clip-rule="evenodd" d="M6.18408 8.84116C6.18408 8.52424 6.44363 8.26733 6.7638 8.26733H12.3678C12.6879 8.26733 12.9475 8.52424 12.9475 8.84116C12.9475 9.15807 12.6879 9.41498 12.3678 9.41498H6.7638C6.44363 9.41498 6.18408 9.15807 6.18408 8.84116Z" fill="#EB0203"></path>
                    <path fill-rule="evenodd" clip-rule="evenodd" d="M6.18408 14.9655C6.18408 14.6486 6.44363 14.3917 6.7638 14.3917H10.1455C10.4657 14.3917 10.7252 14.6486 10.7252 14.9655C10.7252 15.2825 10.4657 15.5394 10.1455 15.5394H6.7638C6.44363 15.5394 6.18408 15.2825 6.18408 14.9655Z" fill="#EB0203"></path>
                    <path fill-rule="evenodd" clip-rule="evenodd" d="M3.67139 5.77914C3.67139 5.46223 3.93094 5.20532 4.25111 5.20532H4.63759C4.95776 5.20532 5.21731 5.46223 5.21731 5.77914C5.21731 6.09606 4.95776 6.35297 4.63759 6.35297H4.25111C3.93094 6.35297 3.67139 6.09606 3.67139 5.77914Z" fill="#EB0203"></path>
                    <path fill-rule="evenodd" clip-rule="evenodd" d="M3.67139 11.9034C3.67139 11.5865 3.93094 11.3296 4.25111 11.3296H4.63759C4.95776 11.3296 5.21731 11.5865 5.21731 11.9034C5.21731 12.2202 4.95776 12.4771 4.63759 12.4771H4.25111C3.93094 12.4771 3.67139 12.2202 3.67139 11.9034Z" fill="#EB0203"></path>
                    <path fill-rule="evenodd" clip-rule="evenodd" d="M3.67139 8.84116C3.67139 8.52424 3.93094 8.26733 4.25111 8.26733H4.63759C4.95776 8.26733 5.21731 8.52424 5.21731 8.84116C5.21731 9.15807 4.95776 9.41498 4.63759 9.41498H4.25111C3.93094 9.41498 3.67139 9.15807 3.67139 8.84116Z" fill="#EB0203"></path>
                    <path fill-rule="evenodd" clip-rule="evenodd" d="M3.67139 14.9655C3.67139 14.6486 3.93094 14.3917 4.25111 14.3917H4.63759C4.95776 14.3917 5.21731 14.6486 5.21731 14.9655C5.21731 15.2825 4.95776 15.5394 4.63759 15.5394H4.25111C3.93094 15.5394 3.67139 15.2825 3.67139 14.9655Z" fill="#EB0203"></path>
                    <path fill-rule="evenodd" clip-rule="evenodd" d="M0 1.76033C0 0.914738 0.692131 0.229248 1.54592 0.229248H15.0727C15.9265 0.229248 16.6186 0.914738 16.6186 1.76033V11.2818C16.6186 11.5989 16.3591 11.8559 16.0389 11.8559C15.7187 11.8559 15.4592 11.5989 15.4592 11.2818V1.76033C15.4592 1.54893 15.2862 1.37756 15.0727 1.37756H1.54592C1.33247 1.37756 1.15944 1.54893 1.15944 1.76033V18.985C1.15944 19.1964 1.33247 19.3678 1.54592 19.3678H9.27551C9.59568 19.3678 9.85523 19.6249 9.85523 19.942C9.85523 20.2591 9.59568 20.5161 9.27551 20.5161H1.54592C0.692131 20.5161 0 19.8306 0 18.985V1.76033Z" fill="#EB0203"></path>
                    <path fill-rule="evenodd" clip-rule="evenodd" d="M14.6254 13.8718C13.4921 12.8567 11.7821 12.7615 10.6574 13.7147C9.12472 15.0124 9.34891 17.128 10.4413 18.2493L14.0161 21.9126C14.2199 22.1217 14.493 22.2386 14.7824 22.2386C15.0739 22.2386 15.3449 22.1238 15.5487 21.9147L19.1235 18.2514C20.2139 17.13 20.4422 15.0144 18.9075 13.7147C17.7827 12.7634 16.0726 12.8569 14.9392 13.872C14.8856 13.92 14.8333 13.9701 14.7824 14.0222C14.7314 13.97 14.6791 13.9199 14.6254 13.8718ZM18.1546 14.588C19.0972 15.3869 18.9961 16.7262 18.2891 17.4541C18.2888 17.4543 18.2886 17.4546 18.2884 17.4548L14.7834 21.0466L11.2757 17.452C11.2756 17.4519 11.2755 17.4517 11.2753 17.4516C10.5681 16.7252 10.4682 15.3856 11.4108 14.5876L11.4112 14.5872C12.0748 14.0248 13.202 14.0556 13.949 14.8205L14.7824 15.674L15.6158 14.8205C16.3618 14.0567 17.4896 14.0256 18.1545 14.5879" fill="#EB0203"></path>
                    </svg>
                    </button>
                    </div>
                    </div>
                    <p class="ct-tile--brand">Yoggi</p>
                    <p class="ct-tile--quantity">emb. 640 gr (4 un)</p>
                    </div>
                    <div class="ct-tile-bottom row no-gutters justify-content-between">
                    <div class="ct-price-wrap col-8 col-sm-12">
                    <div class="price js-product-price">
                    <div class="prices-wrapper">
                    <span class="sales ct-tile--price-primary ">
                    <span class="value" content="2.09">
                    <span class="ct-price-formatted">
                    €2,09
                    </span>
                    <span class="ct-m-unit">
                    /un
                    </span>
                    </span>
                    </span>
                    </div>
                    <div class="ct-tile--price-secondary">
                    <span class="ct-price-value">
                    €3,27
                    </span>
                    <span class="ct-m-unit">
                    /kg
                    </span>
                    </div>
                     <p class="ct-discount-amount ct-discount-amount-pvpr">PVP Recomendado: €3,22/un</p>
                    </div>
                    </div>
                    <div class="ct-tile-buy-section d-flex justify-content-center no-gutters col-auto col-sm-12">
                    <div class="col-2 d-sm-flex d-none">
                    <button class="wishlist-toggler guest-mode inactive button button--tertiary" data-pid="7420249" data-add-url="https://www.continente.pt/on/demandware.store/Sites-continente-Site/default/Wishlist-AddProduct?pid=7420249" data-toggle="tooltip" aria-label="Adicionar aos favoritos " data-original-title="Adicionar aos favoritos" data-placement="top" tabindex="-1">
                    <svg class="active-content" width="100%" height="100%" viewBox="0 0 20 22" fill="none" xmlns="http://www.w3.org/2000/svg">
                    <path fill-rule="evenodd" clip-rule="evenodd" d="M0 1.53052C0 0.685236 0.692171 0 1.54601 0H15.0736C15.9274 0 16.6196 0.685235 16.6196 1.53052V13.4064L15.8127 13.922L14.2658 14.2658L12.7189 13.4064L10.6054 14.3818C10.4994 14.2451 10.3327 14.157 10.1452 14.157H6.76329C6.4431 14.157 6.18354 14.414 6.18354 14.731C6.18354 15.0479 6.4431 15.3049 6.76329 15.3049H10.1452C10.2478 15.3049 10.3441 15.2785 10.4277 15.2322L10.3126 16.8439L13.2345 20.2793H1.54601C0.69217 20.2793 0 19.5941 0 18.7488V1.53052ZM6.18354 5.5483C6.18354 5.23132 6.4431 4.97436 6.76329 4.97436H12.3676C12.6878 4.97436 12.9473 5.23132 12.9473 5.5483C12.9473 5.86528 12.6878 6.12224 12.3676 6.12224H6.76329C6.4431 6.12224 6.18354 5.86528 6.18354 5.5483ZM6.76329 11.0961C6.4431 11.0961 6.18354 11.3531 6.18354 11.6701C6.18354 11.987 6.4431 12.244 6.76329 12.244H12.3676C12.6878 12.244 12.9473 11.987 12.9473 11.6701C12.9473 11.3531 12.6878 11.0961 12.3676 11.0961H6.76329ZM6.18354 8.60985C6.18354 8.29287 6.4431 8.03591 6.76329 8.03591H12.3676C12.6878 8.03591 12.9473 8.29287 12.9473 8.60985C12.9473 8.92684 12.6878 9.1838 12.3676 9.1838H6.76329C6.4431 9.1838 6.18354 8.92684 6.18354 8.60985ZM3.67118 5.5483C3.67118 5.23132 3.93075 4.97436 4.25093 4.97436H4.63743C4.95762 4.97436 5.21719 5.23132 5.21719 5.5483C5.21719 5.86528 4.95762 6.12224 4.63743 6.12224H4.25093C3.93075 6.12224 3.67118 5.86528 3.67118 5.5483ZM4.25093 11.0961C3.93075 11.0961 3.67118 11.3531 3.67118 11.6701C3.67118 11.987 3.93075 12.244 4.25093 12.244H4.63743C4.95762 12.244 5.21719 11.987 5.21719 11.6701C5.21719 11.3531 4.95762 11.0961 4.63743 11.0961H4.25093ZM3.67118 8.60985C3.67118 8.29287 3.93075 8.03591 4.25093 8.03591H4.63743C4.95762 8.03591 5.21719 8.29287 5.21719 8.60985C5.21719 8.92684 4.95762 9.1838 4.63743 9.1838H4.25093C3.93075 9.1838 3.67118 8.92684 3.67118 8.60985ZM4.25093 14.157C3.93075 14.157 3.67118 14.414 3.67118 14.731C3.67118 15.0479 3.93075 15.3049 4.25093 15.3049H4.63743C4.95762 15.3049 5.21719 15.0479 5.21719 14.731C5.21719 14.414 4.95762 14.157 4.63743 14.157H4.25093Z" fill="#EB0203"></path>
                    <path fill-rule="evenodd" clip-rule="evenodd" d="M14.6252 13.6363C13.4918 12.6215 11.7817 12.5264 10.6569 13.4792C9.12421 14.7764 9.34841 16.8912 10.4409 18.0122L14.0159 21.6742C14.2197 21.8832 14.4928 22 14.7822 22C15.0737 22 15.3448 21.8852 15.5486 21.6762L19.1236 18.0142C20.214 16.8933 20.4423 14.7785 18.9075 13.4792C17.7827 12.5283 16.0724 12.6217 14.9391 13.6365C14.8855 13.6845 14.8331 13.7345 14.7822 13.7866C14.7313 13.7345 14.6789 13.6843 14.6252 13.6363ZM18.1546 14.3522C19.0973 15.1508 18.9962 16.4896 18.2891 17.2173C18.2888 17.2175 18.2886 17.2177 18.2884 17.218L14.7832 20.8084L11.2753 17.2151C11.2752 17.215 11.2751 17.2149 11.2749 17.2148C10.5677 16.4887 10.4678 15.1495 11.4104 14.3518L11.4108 14.3514C12.0745 13.7892 13.2018 13.82 13.9488 14.5846L14.7822 15.4378L15.6157 14.5846C16.3617 13.8211 17.4896 13.79 18.1545 14.3521" fill="#EB0203"></path>
                    </svg>
                    <svg class="inactive-content" width="100%" height="100%" viewBox="0 0 20 23" fill="none" xmlns="http://www.w3.org/2000/svg">
                    <path fill-rule="evenodd" clip-rule="evenodd" d="M6.18408 5.77914C6.18408 5.46223 6.44363 5.20532 6.7638 5.20532H12.3678C12.6879 5.20532 12.9475 5.46223 12.9475 5.77914C12.9475 6.09606 12.6879 6.35297 12.3678 6.35297H6.7638C6.44363 6.35297 6.18408 6.09606 6.18408 5.77914Z" fill="#EB0203"></path>
                    <path fill-rule="evenodd" clip-rule="evenodd" d="M6.18408 11.9034C6.18408 11.5865 6.44363 11.3296 6.7638 11.3296H12.3678C12.6879 11.3296 12.9475 11.5865 12.9475 11.9034C12.9475 12.2202 12.6879 12.4771 12.3678 12.4771H6.7638C6.44363 12.4771 6.18408 12.2202 6.18408 11.9034Z" fill="#EB0203"></path>
                    <path fill-rule="evenodd" clip-rule="evenodd" d="M6.18408 8.84116C6.18408 8.52424 6.44363 8.26733 6.7638 8.26733H12.3678C12.6879 8.26733 12.9475 8.52424 12.9475 8.84116C12.9475 9.15807 12.6879 9.41498 12.3678 9.41498H6.7638C6.44363 9.41498 6.18408 9.15807 6.18408 8.84116Z" fill="#EB0203"></path>
                    <path fill-rule="evenodd" clip-rule="evenodd" d="M6.18408 14.9655C6.18408 14.6486 6.44363 14.3917 6.7638 14.3917H10.1455C10.4657 14.3917 10.7252 14.6486 10.7252 14.9655C10.7252 15.2825 10.4657 15.5394 10.1455 15.5394H6.7638C6.44363 15.5394 6.18408 15.2825 6.18408 14.9655Z" fill="#EB0203"></path>
                    <path fill-rule="evenodd" clip-rule="evenodd" d="M3.67139 5.77914C3.67139 5.46223 3.93094 5.20532 4.25111 5.20532H4.63759C4.95776 5.20532 5.21731 5.46223 5.21731 5.77914C5.21731 6.09606 4.95776 6.35297 4.63759 6.35297H4.25111C3.93094 6.35297 3.67139 6.09606 3.67139 5.77914Z" fill="#EB0203"></path>
                    <path fill-rule="evenodd" clip-rule="evenodd" d="M3.67139 11.9034C3.67139 11.5865 3.93094 11.3296 4.25111 11.3296H4.63759C4.95776 11.3296 5.21731 11.5865 5.21731 11.9034C5.21731 12.2202 4.95776 12.4771 4.63759 12.4771H4.25111C3.93094 12.4771 3.67139 12.2202 3.67139 11.9034Z" fill="#EB0203"></path>
                    <path fill-rule="evenodd" clip-rule="evenodd" d="M3.67139 8.84116C3.67139 8.52424 3.93094 8.26733 4.25111 8.26733H4.63759C4.95776 8.26733 5.21731 8.52424 5.21731 8.84116C5.21731 9.15807 4.95776 9.41498 4.63759 9.41498H4.25111C3.93094 9.41498 3.67139 9.15807 3.67139 8.84116Z" fill="#EB0203"></path>
                    <path fill-rule="evenodd" clip-rule="evenodd" d="M3.67139 14.9655C3.67139 14.6486 3.93094 14.3917 4.25111 14.3917H4.63759C4.95776 14.3917 5.21731 14.6486 5.21731 14.9655C5.21731 15.2825 4.95776 15.5394 4.63759 15.5394H4.25111C3.93094 15.5394 3.67139 15.2825 3.67139 14.9655Z" fill="#EB0203"></path>
                    <path fill-rule="evenodd" clip-rule="evenodd" d="M0 1.76033C0 0.914738 0.692131 0.229248 1.54592 0.229248H15.0727C15.9265 0.229248 16.6186 0.914738 16.6186 1.76033V11.2818C16.6186 11.5989 16.3591 11.8559 16.0389 11.8559C15.7187 11.8559 15.4592 11.5989 15.4592 11.2818V1.76033C15.4592 1.54893 15.2862 1.37756 15.0727 1.37756H1.54592C1.33247 1.37756 1.15944 1.54893 1.15944 1.76033V18.985C1.15944 19.1964 1.33247 19.3678 1.54592 19.3678H9.27551C9.59568 19.3678 9.85523 19.6249 9.85523 19.942C9.85523 20.2591 9.59568 20.5161 9.27551 20.5161H1.54592C0.692131 20.5161 0 19.8306 0 18.985V1.76033Z" fill="#EB0203"></path>
                    <path fill-rule="evenodd" clip-rule="evenodd" d="M14.6254 13.8718C13.4921 12.8567 11.7821 12.7615 10.6574 13.7147C9.12472 15.0124 9.34891 17.128 10.4413 18.2493L14.0161 21.9126C14.2199 22.1217 14.493 22.2386 14.7824 22.2386C15.0739 22.2386 15.3449 22.1238 15.5487 21.9147L19.1235 18.2514C20.2139 17.13 20.4422 15.0144 18.9075 13.7147C17.7827 12.7634 16.0726 12.8569 14.9392 13.872C14.8856 13.92 14.8333 13.9701 14.7824 14.0222C14.7314 13.97 14.6791 13.9199 14.6254 13.8718ZM18.1546 14.588C19.0972 15.3869 18.9961 16.7262 18.2891 17.4541C18.2888 17.4543 18.2886 17.4546 18.2884 17.4548L14.7834 21.0466L11.2757 17.452C11.2756 17.4519 11.2755 17.4517 11.2753 17.4516C10.5681 16.7252 10.4682 15.3856 11.4108 14.5876L11.4112 14.5872C12.0748 14.0248 13.202 14.0556 13.949 14.8205L14.7824 15.674L15.6158 14.8205C16.3618 14.0567 17.4896 14.0256 18.1545 14.5879" fill="#EB0203"></path>
                    </svg>
                    </button>
                    </div>
                    <div class="col-sm-10 col-12">
                    <div class="ct-tile-quantity d-none" data-pid="7420249">
                    <input type="hidden" class="add-to-cart-url" value="https://www.continente.pt/on/demandware.store/Sites-continente-Site/default/Cart-AddProduct" tabindex="-1">
                    <div class="d-none tile-delete-confirmation-btn" data-pid="7420249" data-delay-time="3000" data-in-cart-msg="no carrinho" data-one-product-added="Adicionado ao carrinho" data-remove-from-cart-msg="Removido do carrinho" data-stay-open="6000.0" data-confirmation-image="{&quot;url&quot;:&quot;https://www.continente.pt/dw/image/v2/BDVS_PRD/on/demandware.static/-/Sites-col-master-catalog/default/dwe36f31e0/images/col/742/7420249-frente.jpg?sw=87&amp;sh=80&quot;,&quot;fallbackimage&quot;:{&quot;url&quot;:&quot;https://www.continente.pt/dw/image/v2/BDVS_PRD/on/demandware.static/Sites-continente-Site/-/default/dw7c42b4da/images/noimagelarge_product.png?sw=87&amp;sh=80&quot;,&quot;title&quot;:&quot;Iogurte Líquido Stracciatella sem Lactose&quot;,&quot;alt&quot;:&quot;Iogurte Líquido Stracciatella sem Lactose&quot;},&quot;title&quot;:&quot;Iogurte Líquido Stracciatella sem Lactose&quot;,&quot;alt&quot;:&quot;Iogurte Líquido Stracciatella sem Lactose&quot;}"></div>
                    <div class="ct-tile-quantity-update quantity-update product-qty-vue" data-remove-action="https://www.continente.pt/on/demandware.store/Sites-continente-Site/default/Cart-RemoveProductLineItem" data-action="https://www.continente.pt/on/demandware.store/Sites-continente-Site/default/Cart-UpdateQuantity" data-dimension-update="https://www.continente.pt/on/demandware.store/Sites-continente-Site/default/Cart-DimensionUpdate" data-pid="7420249" data-uuid="69b8bf36be80262b69da704a83" data-add-delay="500.0" data-measure-options="{&quot;hasConversionRate&quot;:false,&quot;hasAlternativeSaleUnit&quot;:false,&quot;unitConversionRate&quot;:0,&quot;minOrderQuantity&quot;:1,&quot;stepQuantity&quot;:1,&quot;primaryunit&quot;:&quot;un&quot;,&quot;secondaryunit&quot;:&quot;kg&quot;,&quot;selectedunit&quot;:&quot;primary&quot;,&quot;maxNumberOfUnitsPerSale&quot;:50}" data-price-available="null" :data-has-error="isMaxQtyReached || isMinQtyReached || qtySelectedMoreThanOne">
                    <template v-show="prodUnits">
                    <div class="quantity-input-wrapper has-units">
                    <label class="visually-hidden" :for="'quantity-' + pid + additionalTag">
                    Quantidade no carrinho
                    </label>
                    <input :ref="'quantityInput-' + pid + additionalTag" class="add-to-cart-quantity form-control ct-form-input text-center" inputmode="numeric" :class="{'is-invalid': isInvalid}" :data-pid="pid + additionalTag" :name="'quantity-' + pid + additionalTag" type="text" aria-label="Insira a quantidade" title="" v-model="displayValue" @change="updateQuantity" @focus="updateQtyFormat" @blur="restoreQtyFormat" :disabled="!isPriceAvailable">
                    <span class="quantity-icon quantity-icon--minus">
                    <button class="decrease-quantity-btn" @click="updateQuantity" :disabled="!isPriceAvailable" role="button" aria-label="Reduzir quantidade">
                    <i class="css-math-minus"></i>
                    </button>
                    </span>
                    <span class="quantity-icon quantity-icon--plus">
                    <button class="increase-quantity-btn" @click="updateQuantity" :disabled="isMaxQtyReached || !isPriceAvailable" role="button" aria-label="Aumentar quantidade">
                    <i class="css-math-plus"></i>
                    </button>
                    <span class="quantity-btn-disabled-placeholder"></span>
                    </span>
                    <template v-if="isPDP">
                    <span class="quantity-error ct-span-error text-sm-center product-max-allocation" v-if="isMaxQtyReached">
                    Quantidade máxima atingida
                    </span>
                    <span class="quantity-error ct-span-product text-sm-center product-allocation" v-if="!isMinQtyReached &amp;&amp; !isMaxQtyReached">
                    {{quantitySelected}} no carrinho
                    </span>
                    <span class="quantity-error ct-span-error text-sm-center product-min-allocation" :data-pid="pid" v-if="isMinQtyReached &amp;&amp; !isMaxQtyReached">
                    Quantidade mínima atingida
                    </span>
                    </template>
                    </div>
                    <template v-if="showNotes">
                    <div class="add-note-link-container ">
                    <div class="add-note">
                    <a href="/produto/iogurte-liquido-stracciatella-sem-lactose-yoggi-7420249.html?showNote=true" class="ct-add-note-redirect-pdp" aria-label="Adicionar comentário">
                    <span class="svg-wrapper svg-icon-notes" style="width:19px; height:20px">
                    <svg class="svg-inline icon-notes" viewBox="0 0 28 30" xmlns="http://www.w3.org/2000/svg" width="100%" height="100%"><path d="M21.738 0C22.985 0 24 1.04 24 2.319V12.47c0 .469-.37.848-.828.848-.457 0-.827-.38-.827-.848V2.32c0-.343-.273-.622-.607-.622H2.262c-.334 0-.607.279-.607.622V27.68c0 .343.273.622.607.622h7.81c.457 0 .827.38.827.849 0 .468-.37.848-.827.848h-7.81C1.015 30 0 28.96 0 27.681V2.32C0 1.04 1.015 0 2.262 0h19.476zm2.844 16.004l.227.007c.823.053 1.589.39 2.176.964.64.627.993 1.46.993 2.349 0 .888-.353 1.722-.993 2.348l-6.83 6.665c-.11.108-.247.186-.397.226l-5.032 1.363c-.078.021-.16.032-.241.032-.242 0-.478-.097-.647-.266-.23-.231-.314-.566-.218-.874l1.49-4.798c.044-.139.122-.266.227-.369l6.844-6.677c.64-.625 1.493-.97 2.401-.97zm-2.886 3.94l-4.922 4.802-.947 3.048 3.22-.872 4.897-4.78-2.248-2.197zm2.887-2.174c-.425 0-.824.162-1.124.455l-.484.472 2.248 2.197.484-.472c.62-.606.62-1.591 0-2.197l-.117-.104c-.283-.227-.636-.35-1.007-.35zm-10.839.022c.498 0 .904.396.904.883 0 .488-.406.884-.904.884H5.946c-.499 0-.904-.396-.904-.884 0-.487.405-.883.904-.883zm5.042-4.876c.498 0 .904.397.904.884s-.406.884-.904.884H5.946c-.499 0-.904-.397-.904-.884s.405-.884.904-.884zm0-4.875c.498 0 .904.396.904.884 0 .487-.406.883-.904.883H5.946c-.499 0-.904-.396-.904-.883 0-.488.405-.884.904-.884z" fill="#EB0203" fill-rule="evenodd"></path></svg>
                    </span>
                    <div class="available-note d-none"></div>
                    </a>
                    </div>
                    </div>
                    </template>
                    <div class="measurement-unit-section" v-if="isPriceAvailable &amp;&amp; prodUnits ? prodUnits.hasAlternativeUnit : false">
                    <div class="ct-form-radio" @click="setDimension">
                    <input type="radio" title="" class="ct-form-check-input product-measurement-unit" :data-type="prodUnits.selectedUnit == prodUnits.secondaryUnit ? 'primary' : ''" :id="prodUnits.secondaryUnit + '-' + pid + '-measurement-unit-ptile' + additionalTag" :name="'measurement-unit-' + pid + '-ptile' + additionalTag" :value="prodUnits.secondaryUnit" v-model="prodUnits.selectedUnit">
                    <label :class="prodUnits.secondaryUnit + '-label ct-form-check-label mb-0'" :for="prodUnits.secondaryUnit + '-' + pid + '-measurement-unit-ptile' + additionalTag">
                    {{prodUnits.secondaryUnit}}
                    </label>
                    <span class="checkmark"></span>
                    </div>
                    <div class="ct-form-radio" @click="setDimension">
                    <input type="radio" title="" class="ct-form-check-input product-measurement-unit" :data-type="prodUnits.selectedUnit == prodUnits.primaryUnit ? 'primary' : ''" :id="prodUnits.primaryUnit + '-' + pid + '-measurement-unit-ptile' + additionalTag" :name="'measurement-unit-' + pid + '-ptile' + additionalTag" :value="prodUnits.primaryUnit" v-model="prodUnits.selectedUnit">
                    <label :class="prodUnits.primaryUnit + '-label ct-form-check-label mb-0'" :for="prodUnits.primaryUnit + '-' + pid + '-measurement-unit-ptile' + additionalTag">
                    {{prodUnits.primaryUnit}}
                    </label>
                    <span class="checkmark"></span>
                    </div>
                    </div>
                    <template v-if="!isPDP &amp;&amp; isPriceAvailable">
                    <span class="quantity-error ct-span-error product-max-allocation" v-if="isMaxQtyReached">
                    Quantidade máxima atingida
                    </span>
                    <span class="quantity-error ct-span-product product-allocation" v-if="!isMinQtyReached &amp;&amp; !isMaxQtyReached">
                    {{quantitySelected}} no carrinho
                    </span>
                    <span class="quantity-error ct-span-error product-min-allocation" :data-pid="pid" v-if="isMinQtyReached &amp;&amp; !isMaxQtyReached">
                    Quantidade mínima atingida
                    </span>
                    </template>
                    </template>
                    </div>
                    <input class="quantity-value-mask d-none" name="quantity" type="number" min="0" value="" tabindex="-1">
                    </div>
                    <button type="button" class="add-to-cart button js-add-to-cart js-add-to-cart-tile 7420249 button--primary dynamic-layout-btn" data-toggle="modal" data-target="#chooseBonusProductModal" data-pid="7420249" data-quantity-value="null" aria-label="Carrinho" tabindex="-1">
                    <span class="d-block d-sm-none">
                    <span class="svg-wrapper svg-icon-cart" style="width:20px; height:20px">
                    <svg class="svg-inline icon-cart" xmlns="http://www.w3.org/2000/svg" viewBox="0 0 500 500" width="100%" height="100%"><path fill="#EB0203" fill-rule="evenodd" d="M 485.67317,94.386311 C 476.37798,83.847129 463.09468,78.03348 448.30404,78.03348 H 90.690813 L 87.079511,51.327997 C 83.185582,22.539551 62.962285,0 41.011841,0 H 14.727836 C 6.563151,0 0,6.5286975 0,14.580758 c 0,8.05206 6.5945535,14.580758 14.727836,14.580758 h 26.284005 c 4.710398,0 14.696435,9.855222 16.894619,26.021523 L 100.01739,368.0631 c 1.88416,13.77244 9.01256,26.70549 20.1605,36.37417 8.25889,7.15046 18.02511,11.9071 28.26237,13.89679 -4.17655,7.58572 -6.53175,16.25957 -6.53175,25.493 0,29.53459 24.27424,53.59751 54.13815,53.59751 29.8325,0 54.13814,-24.03184 54.13814,-53.59751 0,-8.79818 -2.19818,-17.09897 -5.9979,-24.43598 h 77.12488 c -3.79973,7.33701 -5.96652,15.6378 -5.96652,24.43598 0,29.53459 24.27424,53.59751 54.13817,53.59751 29.83249,0 54.13814,-24.03184 54.13814,-53.59751 0,-8.79818 -2.1982,-17.09897 -5.9979,-24.43598 h 38.56243 c 8.13328,0 14.72783,-6.5287 14.72783,-14.61183 0,-8.02098 -6.59455,-14.54967 -14.72783,-14.54967 H 159.24277 c -14.38241,0 -28.13677,-11.90711 -30.02092,-26.02153 l -3.07746,-22.88154 h 290.6314 c 14.03698,0 27.94834,-5.28513 39.06488,-14.95381 11.11652,-9.6376 18.27632,-22.57065 20.16048,-36.37417 l 21.10259,-156.78201 c 1.94694,-14.51858 -2.10398,-28.29103 -11.43057,-38.861299 z M 220.76053,443.82706 c 0,13.49265 -11.08513,24.46709 -24.68247,24.46709 -13.62874,0 -24.71387,-10.97444 -24.71387,-24.46709 0,-13.49262 11.08513,-24.43598 24.71387,-24.43598 13.59734,0 24.68247,10.94336 24.68247,24.43598 z m 173.43675,0 c 0,13.49265 -11.08512,24.46709 -24.68245,24.46709 -13.62876,0 -24.71388,-10.97444 -24.71388,-24.46709 0,-13.49262 11.08512,-24.43598 24.71388,-24.43598 13.59733,0 24.68245,10.94336 24.68245,24.43598 z m 73.7648,-314.46558 -21.13397,156.782 c -1.88416,14.11442 -15.63851,26.05261 -30.02091,26.05261 H 122.25046 L 94.616142,107.19499 H 448.33544 c 6.18632,0 11.61896,2.2695 15.23028,6.37326 3.64269,4.13484 5.21283,9.73086 4.39636,15.79323 z"></path></svg>
                    </span>
                    </span>
                    <span class="add-to-cart--text d-none d-sm-block">Carrinho</span>
                    </button>
                    </div>
                    </div>
                    </div>
                    </div>
                    
                    <div class="col-12 d-sm-none">
                    </div>
                    </div>
                    </div>
                    </div>
                    </div><div class="pd-tile-wrap slick-slide slick-cloned" data-idx="9" style="width: 276px; height: auto;" data-slick-index="18" id="" aria-hidden="true" tabindex="-1">
                    
                    <script type="text/javascript">//<!--
                    /* <![CDATA[ */
                    (function(){
                    try {
                        if(window.CQuotient) {
                            var cq_params = {};
                            cq_params.cookieId = window.CQuotient.getCQCookieId();
                            cq_params.userId = window.CQuotient.getCQUserId();
                            cq_params.emailId = CQuotient.getCQHashedEmail();
                            cq_params.loginId = CQuotient.getCQHashedLogin();
                            cq_params.accumulate = true;
                            cq_params.products = [{
                                id: '5761255',
                                sku: '',
                                type: '',
                                alt_id: ''
                            }];
                            cq_params.recommenderName = '__UNDEFINED__';
                            cq_params.realm = "BDVS";
                            cq_params.siteId = "continente";
                            cq_params.instanceType = "prd";
                            cq_params.locale = window.CQuotient.locale;
                            cq_params.slotId = '';
                            cq_params.slotConfigId = '';
                            cq_params.slotConfigTemplate = '';
                            if(window.CQuotient.sendActivity)
                                window.CQuotient.sendActivity( CQuotient.clientId, 'viewReco', cq_params );
                            else
                                window.CQuotient.activities.push( {activityType: 'viewReco', parameters: cq_params} );
                        }
                    } catch(err) {}
                    })();
                    /* ]]> */
                    // -->
                    </script>
                    <script type="text/javascript">//<!--
                    /* <![CDATA[ (viewProduct-active_data.js) */
                    dw.ac._capture({id: "5761255", type: "recommendation"});
                    /* ]]> */
                    // -->
                    </script>
                    <div class="product" data-pid="5761255">
                    <div class="product-tile pid-5761255   ct-product-tile " data-delay-time="3000" data-variants-mapping="[]" data-in-cart-msg="no carrinho" data-one-product-added="Adicionado ao carrinho" data-remove-from-cart-msg="Removido do carrinho" data-stay-open="6000.0" data-product-tile-impression="{&quot;name&quot;:&quot;5761255&quot;,&quot;id&quot;:&quot;5761255&quot;,&quot;price&quot;:4.19,&quot;brand&quot;:&quot;Becel Pro Activ&quot;,&quot;category&quot;:[{&quot;category_level_1&quot;:&quot;Laticínios e Ovos&quot;},{&quot;category_level_2&quot;:&quot;Manteigas e Cremes para Barrar&quot;},{&quot;category_level_3&quot;:&quot;Cremes Vegetais e Margarinas&quot;}],&quot;variant&quot;:&quot;&quot;}">
                    <div class="ct-inner-tile-wrap row no-gutters justify-content-center align-content-start">
                    <div class="ct-product-tile-badge ct-product-tile-badge--promotional">
                    <img class="img-fluid lazyloaded" loading="lazy" data-src="https://www.continente.pt/dw/image/v2/BDVS_PRD/on/demandware.static/-/Sites-continente-Library/default/dwf5980f2e/images/badges/pvpr/col/pvpr.png?sw=60&amp;sh=42" alt="PVP Recomendado: €6,99/un" title="PVP Recomendado: €6,99/un" src="https://www.continente.pt/dw/image/v2/BDVS_PRD/on/demandware.static/-/Sites-continente-Library/default/dwf5980f2e/images/badges/pvpr/col/pvpr.png?sw=60&amp;sh=42">
                    <div class="ct-product-tile-badge-value-wrapper ct-product-tile-badge-value-wrapper--pvpr  ">
                    <span class="ct-product-tile-badge-value--pvpr">
                    40
                    </span>
                    <span class="ct-product-tile-badge-value--pvpr-quantifier ">
                    %
                    </span>
                    </div>
                    </div>
                    
                    <div class="ct-image-container col-4 col-sm" data-confirmation-image="{&quot;url&quot;:&quot;https://www.continente.pt/dw/image/v2/BDVS_PRD/on/demandware.static/-/Sites-col-master-catalog/default/dwcccf64e8/images/col/576/5761255-frente.jpg?sw=87&amp;sh=80&quot;,&quot;fallbackimage&quot;:{&quot;url&quot;:&quot;https://www.continente.pt/dw/image/v2/BDVS_PRD/on/demandware.static/Sites-continente-Site/-/default/dw7c42b4da/images/noimagelarge_product.png?sw=87&amp;sh=80&quot;,&quot;title&quot;:&quot;Creme Vegetal Sabor a Manteiga Proactiv&quot;,&quot;alt&quot;:&quot;Creme Vegetal Sabor a Manteiga Proactiv&quot;},&quot;title&quot;:&quot;Creme Vegetal Sabor a Manteiga Proactiv&quot;,&quot;alt&quot;:&quot;Creme Vegetal Sabor a Manteiga Proactiv&quot;}">
                    <a href="https://www.continente.pt/produto/creme-vegetal-sabor-a-manteiga-proactiv-becel-pro-activ-5761255.html?cgid=home" tabindex="-1">
                    <picture class="intrinsic intrinsic--square">
                    <img class="ct-tile-image lazyloaded" loading="lazy" onerror="this.onerror=null;this.src='/on/demandware.static/Sites-continente-Site/-/default/dw7c42b4da/images/noimagelarge_product.png';" data-src="https://www.continente.pt/dw/image/v2/BDVS_PRD/on/demandware.static/-/Sites-col-master-catalog/default/dwcccf64e8/images/col/576/5761255-frente.jpg?sw=280&amp;sh=280" alt="Creme Vegetal Sabor a Manteiga Proactiv" title="Creme Vegetal Sabor a Manteiga Proactiv" src="https://www.continente.pt/dw/image/v2/BDVS_PRD/on/demandware.static/-/Sites-col-master-catalog/default/dwcccf64e8/images/col/576/5761255-frente.jpg?sw=280&amp;sh=280">
                    </picture>
                    </a>
                    <div class="color-swatches d-flex" style="margin-left: 5px;">
                    <div class="swatches d-flex">
                    </div>
                    </div>
                    </div>
                    <div class="ct-tile-body col col-sm-auto ">
                    <div class="ct-pdp-details">
                    <div class="ct-pdp-link">
                    <a class="ct-tile--description" href="https://www.continente.pt/produto/creme-vegetal-sabor-a-manteiga-proactiv-becel-pro-activ-5761255.html?cgid=home" tabindex="-1">Creme Vegetal Sabor a Manteiga Proactiv</a>
                    <div class="ct-tile--favorite-top d-sm-none">
                    <button class="wishlist-toggler guest-mode inactive button button--tertiary" data-pid="5761255" data-add-url="https://www.continente.pt/on/demandware.store/Sites-continente-Site/default/Wishlist-AddProduct?pid=5761255" data-toggle="tooltip" aria-label="Adicionar aos favoritos " data-original-title="Adicionar aos favoritos" data-placement="top" tabindex="-1">
                    <svg class="active-content" width="100%" height="100%" viewBox="0 0 20 22" fill="none" xmlns="http://www.w3.org/2000/svg">
                    <path fill-rule="evenodd" clip-rule="evenodd" d="M0 1.53052C0 0.685236 0.692171 0 1.54601 0H15.0736C15.9274 0 16.6196 0.685235 16.6196 1.53052V13.4064L15.8127 13.922L14.2658 14.2658L12.7189 13.4064L10.6054 14.3818C10.4994 14.2451 10.3327 14.157 10.1452 14.157H6.76329C6.4431 14.157 6.18354 14.414 6.18354 14.731C6.18354 15.0479 6.4431 15.3049 6.76329 15.3049H10.1452C10.2478 15.3049 10.3441 15.2785 10.4277 15.2322L10.3126 16.8439L13.2345 20.2793H1.54601C0.69217 20.2793 0 19.5941 0 18.7488V1.53052ZM6.18354 5.5483C6.18354 5.23132 6.4431 4.97436 6.76329 4.97436H12.3676C12.6878 4.97436 12.9473 5.23132 12.9473 5.5483C12.9473 5.86528 12.6878 6.12224 12.3676 6.12224H6.76329C6.4431 6.12224 6.18354 5.86528 6.18354 5.5483ZM6.76329 11.0961C6.4431 11.0961 6.18354 11.3531 6.18354 11.6701C6.18354 11.987 6.4431 12.244 6.76329 12.244H12.3676C12.6878 12.244 12.9473 11.987 12.9473 11.6701C12.9473 11.3531 12.6878 11.0961 12.3676 11.0961H6.76329ZM6.18354 8.60985C6.18354 8.29287 6.4431 8.03591 6.76329 8.03591H12.3676C12.6878 8.03591 12.9473 8.29287 12.9473 8.60985C12.9473 8.92684 12.6878 9.1838 12.3676 9.1838H6.76329C6.4431 9.1838 6.18354 8.92684 6.18354 8.60985ZM3.67118 5.5483C3.67118 5.23132 3.93075 4.97436 4.25093 4.97436H4.63743C4.95762 4.97436 5.21719 5.23132 5.21719 5.5483C5.21719 5.86528 4.95762 6.12224 4.63743 6.12224H4.25093C3.93075 6.12224 3.67118 5.86528 3.67118 5.5483ZM4.25093 11.0961C3.93075 11.0961 3.67118 11.3531 3.67118 11.6701C3.67118 11.987 3.93075 12.244 4.25093 12.244H4.63743C4.95762 12.244 5.21719 11.987 5.21719 11.6701C5.21719 11.3531 4.95762 11.0961 4.63743 11.0961H4.25093ZM3.67118 8.60985C3.67118 8.29287 3.93075 8.03591 4.25093 8.03591H4.63743C4.95762 8.03591 5.21719 8.29287 5.21719 8.60985C5.21719 8.92684 4.95762 9.1838 4.63743 9.1838H4.25093C3.93075 9.1838 3.67118 8.92684 3.67118 8.60985ZM4.25093 14.157C3.93075 14.157 3.67118 14.414 3.67118 14.731C3.67118 15.0479 3.93075 15.3049 4.25093 15.3049H4.63743C4.95762 15.3049 5.21719 15.0479 5.21719 14.731C5.21719 14.414 4.95762 14.157 4.63743 14.157H4.25093Z" fill="#EB0203"></path>
                    <path fill-rule="evenodd" clip-rule="evenodd" d="M14.6252 13.6363C13.4918 12.6215 11.7817 12.5264 10.6569 13.4792C9.12421 14.7764 9.34841 16.8912 10.4409 18.0122L14.0159 21.6742C14.2197 21.8832 14.4928 22 14.7822 22C15.0737 22 15.3448 21.8852 15.5486 21.6762L19.1236 18.0142C20.214 16.8933 20.4423 14.7785 18.9075 13.4792C17.7827 12.5283 16.0724 12.6217 14.9391 13.6365C14.8855 13.6845 14.8331 13.7345 14.7822 13.7866C14.7313 13.7345 14.6789 13.6843 14.6252 13.6363ZM18.1546 14.3522C19.0973 15.1508 18.9962 16.4896 18.2891 17.2173C18.2888 17.2175 18.2886 17.2177 18.2884 17.218L14.7832 20.8084L11.2753 17.2151C11.2752 17.215 11.2751 17.2149 11.2749 17.2148C10.5677 16.4887 10.4678 15.1495 11.4104 14.3518L11.4108 14.3514C12.0745 13.7892 13.2018 13.82 13.9488 14.5846L14.7822 15.4378L15.6157 14.5846C16.3617 13.8211 17.4896 13.79 18.1545 14.3521" fill="#EB0203"></path>
                    </svg>
                    <svg class="inactive-content" width="100%" height="100%" viewBox="0 0 20 23" fill="none" xmlns="http://www.w3.org/2000/svg">
                    <path fill-rule="evenodd" clip-rule="evenodd" d="M6.18408 5.77914C6.18408 5.46223 6.44363 5.20532 6.7638 5.20532H12.3678C12.6879 5.20532 12.9475 5.46223 12.9475 5.77914C12.9475 6.09606 12.6879 6.35297 12.3678 6.35297H6.7638C6.44363 6.35297 6.18408 6.09606 6.18408 5.77914Z" fill="#EB0203"></path>
                    <path fill-rule="evenodd" clip-rule="evenodd" d="M6.18408 11.9034C6.18408 11.5865 6.44363 11.3296 6.7638 11.3296H12.3678C12.6879 11.3296 12.9475 11.5865 12.9475 11.9034C12.9475 12.2202 12.6879 12.4771 12.3678 12.4771H6.7638C6.44363 12.4771 6.18408 12.2202 6.18408 11.9034Z" fill="#EB0203"></path>
                    <path fill-rule="evenodd" clip-rule="evenodd" d="M6.18408 8.84116C6.18408 8.52424 6.44363 8.26733 6.7638 8.26733H12.3678C12.6879 8.26733 12.9475 8.52424 12.9475 8.84116C12.9475 9.15807 12.6879 9.41498 12.3678 9.41498H6.7638C6.44363 9.41498 6.18408 9.15807 6.18408 8.84116Z" fill="#EB0203"></path>
                    <path fill-rule="evenodd" clip-rule="evenodd" d="M6.18408 14.9655C6.18408 14.6486 6.44363 14.3917 6.7638 14.3917H10.1455C10.4657 14.3917 10.7252 14.6486 10.7252 14.9655C10.7252 15.2825 10.4657 15.5394 10.1455 15.5394H6.7638C6.44363 15.5394 6.18408 15.2825 6.18408 14.9655Z" fill="#EB0203"></path>
                    <path fill-rule="evenodd" clip-rule="evenodd" d="M3.67139 5.77914C3.67139 5.46223 3.93094 5.20532 4.25111 5.20532H4.63759C4.95776 5.20532 5.21731 5.46223 5.21731 5.77914C5.21731 6.09606 4.95776 6.35297 4.63759 6.35297H4.25111C3.93094 6.35297 3.67139 6.09606 3.67139 5.77914Z" fill="#EB0203"></path>
                    <path fill-rule="evenodd" clip-rule="evenodd" d="M3.67139 11.9034C3.67139 11.5865 3.93094 11.3296 4.25111 11.3296H4.63759C4.95776 11.3296 5.21731 11.5865 5.21731 11.9034C5.21731 12.2202 4.95776 12.4771 4.63759 12.4771H4.25111C3.93094 12.4771 3.67139 12.2202 3.67139 11.9034Z" fill="#EB0203"></path>
                    <path fill-rule="evenodd" clip-rule="evenodd" d="M3.67139 8.84116C3.67139 8.52424 3.93094 8.26733 4.25111 8.26733H4.63759C4.95776 8.26733 5.21731 8.52424 5.21731 8.84116C5.21731 9.15807 4.95776 9.41498 4.63759 9.41498H4.25111C3.93094 9.41498 3.67139 9.15807 3.67139 8.84116Z" fill="#EB0203"></path>
                    <path fill-rule="evenodd" clip-rule="evenodd" d="M3.67139 14.9655C3.67139 14.6486 3.93094 14.3917 4.25111 14.3917H4.63759C4.95776 14.3917 5.21731 14.6486 5.21731 14.9655C5.21731 15.2825 4.95776 15.5394 4.63759 15.5394H4.25111C3.93094 15.5394 3.67139 15.2825 3.67139 14.9655Z" fill="#EB0203"></path>
                    <path fill-rule="evenodd" clip-rule="evenodd" d="M0 1.76033C0 0.914738 0.692131 0.229248 1.54592 0.229248H15.0727C15.9265 0.229248 16.6186 0.914738 16.6186 1.76033V11.2818C16.6186 11.5989 16.3591 11.8559 16.0389 11.8559C15.7187 11.8559 15.4592 11.5989 15.4592 11.2818V1.76033C15.4592 1.54893 15.2862 1.37756 15.0727 1.37756H1.54592C1.33247 1.37756 1.15944 1.54893 1.15944 1.76033V18.985C1.15944 19.1964 1.33247 19.3678 1.54592 19.3678H9.27551C9.59568 19.3678 9.85523 19.6249 9.85523 19.942C9.85523 20.2591 9.59568 20.5161 9.27551 20.5161H1.54592C0.692131 20.5161 0 19.8306 0 18.985V1.76033Z" fill="#EB0203"></path>
                    <path fill-rule="evenodd" clip-rule="evenodd" d="M14.6254 13.8718C13.4921 12.8567 11.7821 12.7615 10.6574 13.7147C9.12472 15.0124 9.34891 17.128 10.4413 18.2493L14.0161 21.9126C14.2199 22.1217 14.493 22.2386 14.7824 22.2386C15.0739 22.2386 15.3449 22.1238 15.5487 21.9147L19.1235 18.2514C20.2139 17.13 20.4422 15.0144 18.9075 13.7147C17.7827 12.7634 16.0726 12.8569 14.9392 13.872C14.8856 13.92 14.8333 13.9701 14.7824 14.0222C14.7314 13.97 14.6791 13.9199 14.6254 13.8718ZM18.1546 14.588C19.0972 15.3869 18.9961 16.7262 18.2891 17.4541C18.2888 17.4543 18.2886 17.4546 18.2884 17.4548L14.7834 21.0466L11.2757 17.452C11.2756 17.4519 11.2755 17.4517 11.2753 17.4516C10.5681 16.7252 10.4682 15.3856 11.4108 14.5876L11.4112 14.5872C12.0748 14.0248 13.202 14.0556 13.949 14.8205L14.7824 15.674L15.6158 14.8205C16.3618 14.0567 17.4896 14.0256 18.1545 14.5879" fill="#EB0203"></path>
                    </svg>
                    </button>
                    </div>
                    </div>
                    <p class="ct-tile--brand">Becel Pro Activ</p>
                    <p class="ct-tile--quantity">emb. 450 gr</p>
                    </div>
                    <div class="ct-tile-bottom row no-gutters justify-content-between">
                    <div class="ct-price-wrap col-8 col-sm-12">
                    <div class="price js-product-price">
                    <div class="prices-wrapper">
                    <span class="sales ct-tile--price-primary ">
                    <span class="value" content="4.19">
                    <span class="ct-price-formatted">
                    €4,19
                    </span>
                    <span class="ct-m-unit">
                    /un
                    </span>
                    </span>
                    </span>
                    </div>
                    <div class="ct-tile--price-secondary">
                    <span class="ct-price-value">
                    €9,31
                    </span>
                    <span class="ct-m-unit">
                    /kg
                    </span>
                    </div>
                    <p class="ct-discount-amount ct-discount-amount-pvpr">PVP Recomendado: €6,99/un</p>
                    </div>
                    </div>
                    <div class="ct-tile-buy-section d-flex justify-content-center no-gutters col-auto col-sm-12">
                    <div class="col-2 d-sm-flex d-none">
                    <button class="wishlist-toggler guest-mode inactive button button--tertiary" data-pid="5761255" data-add-url="https://www.continente.pt/on/demandware.store/Sites-continente-Site/default/Wishlist-AddProduct?pid=5761255" data-toggle="tooltip" aria-label="Adicionar aos favoritos " data-original-title="Adicionar aos favoritos" data-placement="top" tabindex="-1">
                    <svg class="active-content" width="100%" height="100%" viewBox="0 0 20 22" fill="none" xmlns="http://www.w3.org/2000/svg">
                    <path fill-rule="evenodd" clip-rule="evenodd" d="M0 1.53052C0 0.685236 0.692171 0 1.54601 0H15.0736C15.9274 0 16.6196 0.685235 16.6196 1.53052V13.4064L15.8127 13.922L14.2658 14.2658L12.7189 13.4064L10.6054 14.3818C10.4994 14.2451 10.3327 14.157 10.1452 14.157H6.76329C6.4431 14.157 6.18354 14.414 6.18354 14.731C6.18354 15.0479 6.4431 15.3049 6.76329 15.3049H10.1452C10.2478 15.3049 10.3441 15.2785 10.4277 15.2322L10.3126 16.8439L13.2345 20.2793H1.54601C0.69217 20.2793 0 19.5941 0 18.7488V1.53052ZM6.18354 5.5483C6.18354 5.23132 6.4431 4.97436 6.76329 4.97436H12.3676C12.6878 4.97436 12.9473 5.23132 12.9473 5.5483C12.9473 5.86528 12.6878 6.12224 12.3676 6.12224H6.76329C6.4431 6.12224 6.18354 5.86528 6.18354 5.5483ZM6.76329 11.0961C6.4431 11.0961 6.18354 11.3531 6.18354 11.6701C6.18354 11.987 6.4431 12.244 6.76329 12.244H12.3676C12.6878 12.244 12.9473 11.987 12.9473 11.6701C12.9473 11.3531 12.6878 11.0961 12.3676 11.0961H6.76329ZM6.18354 8.60985C6.18354 8.29287 6.4431 8.03591 6.76329 8.03591H12.3676C12.6878 8.03591 12.9473 8.29287 12.9473 8.60985C12.9473 8.92684 12.6878 9.1838 12.3676 9.1838H6.76329C6.4431 9.1838 6.18354 8.92684 6.18354 8.60985ZM3.67118 5.5483C3.67118 5.23132 3.93075 4.97436 4.25093 4.97436H4.63743C4.95762 4.97436 5.21719 5.23132 5.21719 5.5483C5.21719 5.86528 4.95762 6.12224 4.63743 6.12224H4.25093C3.93075 6.12224 3.67118 5.86528 3.67118 5.5483ZM4.25093 11.0961C3.93075 11.0961 3.67118 11.3531 3.67118 11.6701C3.67118 11.987 3.93075 12.244 4.25093 12.244H4.63743C4.95762 12.244 5.21719 11.987 5.21719 11.6701C5.21719 11.3531 4.95762 11.0961 4.63743 11.0961H4.25093ZM3.67118 8.60985C3.67118 8.29287 3.93075 8.03591 4.25093 8.03591H4.63743C4.95762 8.03591 5.21719 8.29287 5.21719 8.60985C5.21719 8.92684 4.95762 9.1838 4.63743 9.1838H4.25093C3.93075 9.1838 3.67118 8.92684 3.67118 8.60985ZM4.25093 14.157C3.93075 14.157 3.67118 14.414 3.67118 14.731C3.67118 15.0479 3.93075 15.3049 4.25093 15.3049H4.63743C4.95762 15.3049 5.21719 15.0479 5.21719 14.731C5.21719 14.414 4.95762 14.157 4.63743 14.157H4.25093Z" fill="#EB0203"></path>
                    <path fill-rule="evenodd" clip-rule="evenodd" d="M14.6252 13.6363C13.4918 12.6215 11.7817 12.5264 10.6569 13.4792C9.12421 14.7764 9.34841 16.8912 10.4409 18.0122L14.0159 21.6742C14.2197 21.8832 14.4928 22 14.7822 22C15.0737 22 15.3448 21.8852 15.5486 21.6762L19.1236 18.0142C20.214 16.8933 20.4423 14.7785 18.9075 13.4792C17.7827 12.5283 16.0724 12.6217 14.9391 13.6365C14.8855 13.6845 14.8331 13.7345 14.7822 13.7866C14.7313 13.7345 14.6789 13.6843 14.6252 13.6363ZM18.1546 14.3522C19.0973 15.1508 18.9962 16.4896 18.2891 17.2173C18.2888 17.2175 18.2886 17.2177 18.2884 17.218L14.7832 20.8084L11.2753 17.2151C11.2752 17.215 11.2751 17.2149 11.2749 17.2148C10.5677 16.4887 10.4678 15.1495 11.4104 14.3518L11.4108 14.3514C12.0745 13.7892 13.2018 13.82 13.9488 14.5846L14.7822 15.4378L15.6157 14.5846C16.3617 13.8211 17.4896 13.79 18.1545 14.3521" fill="#EB0203"></path>
                    </svg>
                    <svg class="inactive-content" width="100%" height="100%" viewBox="0 0 20 23" fill="none" xmlns="http://www.w3.org/2000/svg">
                    <path fill-rule="evenodd" clip-rule="evenodd" d="M6.18408 5.77914C6.18408 5.46223 6.44363 5.20532 6.7638 5.20532H12.3678C12.6879 5.20532 12.9475 5.46223 12.9475 5.77914C12.9475 6.09606 12.6879 6.35297 12.3678 6.35297H6.7638C6.44363 6.35297 6.18408 6.09606 6.18408 5.77914Z" fill="#EB0203"></path>
                    <path fill-rule="evenodd" clip-rule="evenodd" d="M6.18408 11.9034C6.18408 11.5865 6.44363 11.3296 6.7638 11.3296H12.3678C12.6879 11.3296 12.9475 11.5865 12.9475 11.9034C12.9475 12.2202 12.6879 12.4771 12.3678 12.4771H6.7638C6.44363 12.4771 6.18408 12.2202 6.18408 11.9034Z" fill="#EB0203"></path>
                    <path fill-rule="evenodd" clip-rule="evenodd" d="M6.18408 8.84116C6.18408 8.52424 6.44363 8.26733 6.7638 8.26733H12.3678C12.6879 8.26733 12.9475 8.52424 12.9475 8.84116C12.9475 9.15807 12.6879 9.41498 12.3678 9.41498H6.7638C6.44363 9.41498 6.18408 9.15807 6.18408 8.84116Z" fill="#EB0203"></path>
                    <path fill-rule="evenodd" clip-rule="evenodd" d="M6.18408 14.9655C6.18408 14.6486 6.44363 14.3917 6.7638 14.3917H10.1455C10.4657 14.3917 10.7252 14.6486 10.7252 14.9655C10.7252 15.2825 10.4657 15.5394 10.1455 15.5394H6.7638C6.44363 15.5394 6.18408 15.2825 6.18408 14.9655Z" fill="#EB0203"></path>
                    <path fill-rule="evenodd" clip-rule="evenodd" d="M3.67139 5.77914C3.67139 5.46223 3.93094 5.20532 4.25111 5.20532H4.63759C4.95776 5.20532 5.21731 5.46223 5.21731 5.77914C5.21731 6.09606 4.95776 6.35297 4.63759 6.35297H4.25111C3.93094 6.35297 3.67139 6.09606 3.67139 5.77914Z" fill="#EB0203"></path>
                    <path fill-rule="evenodd" clip-rule="evenodd" d="M3.67139 11.9034C3.67139 11.5865 3.93094 11.3296 4.25111 11.3296H4.63759C4.95776 11.3296 5.21731 11.5865 5.21731 11.9034C5.21731 12.2202 4.95776 12.4771 4.63759 12.4771H4.25111C3.93094 12.4771 3.67139 12.2202 3.67139 11.9034Z" fill="#EB0203"></path>
                    <path fill-rule="evenodd" clip-rule="evenodd" d="M3.67139 8.84116C3.67139 8.52424 3.93094 8.26733 4.25111 8.26733H4.63759C4.95776 8.26733 5.21731 8.52424 5.21731 8.84116C5.21731 9.15807 4.95776 9.41498 4.63759 9.41498H4.25111C3.93094 9.41498 3.67139 9.15807 3.67139 8.84116Z" fill="#EB0203"></path>
                    <path fill-rule="evenodd" clip-rule="evenodd" d="M3.67139 14.9655C3.67139 14.6486 3.93094 14.3917 4.25111 14.3917H4.63759C4.95776 14.3917 5.21731 14.6486 5.21731 14.9655C5.21731 15.2825 4.95776 15.5394 4.63759 15.5394H4.25111C3.93094 15.5394 3.67139 15.2825 3.67139 14.9655Z" fill="#EB0203"></path>
                    <path fill-rule="evenodd" clip-rule="evenodd" d="M0 1.76033C0 0.914738 0.692131 0.229248 1.54592 0.229248H15.0727C15.9265 0.229248 16.6186 0.914738 16.6186 1.76033V11.2818C16.6186 11.5989 16.3591 11.8559 16.0389 11.8559C15.7187 11.8559 15.4592 11.5989 15.4592 11.2818V1.76033C15.4592 1.54893 15.2862 1.37756 15.0727 1.37756H1.54592C1.33247 1.37756 1.15944 1.54893 1.15944 1.76033V18.985C1.15944 19.1964 1.33247 19.3678 1.54592 19.3678H9.27551C9.59568 19.3678 9.85523 19.6249 9.85523 19.942C9.85523 20.2591 9.59568 20.5161 9.27551 20.5161H1.54592C0.692131 20.5161 0 19.8306 0 18.985V1.76033Z" fill="#EB0203"></path>
                    <path fill-rule="evenodd" clip-rule="evenodd" d="M14.6254 13.8718C13.4921 12.8567 11.7821 12.7615 10.6574 13.7147C9.12472 15.0124 9.34891 17.128 10.4413 18.2493L14.0161 21.9126C14.2199 22.1217 14.493 22.2386 14.7824 22.2386C15.0739 22.2386 15.3449 22.1238 15.5487 21.9147L19.1235 18.2514C20.2139 17.13 20.4422 15.0144 18.9075 13.7147C17.7827 12.7634 16.0726 12.8569 14.9392 13.872C14.8856 13.92 14.8333 13.9701 14.7824 14.0222C14.7314 13.97 14.6791 13.9199 14.6254 13.8718ZM18.1546 14.588C19.0972 15.3869 18.9961 16.7262 18.2891 17.4541C18.2888 17.4543 18.2886 17.4546 18.2884 17.4548L14.7834 21.0466L11.2757 17.452C11.2756 17.4519 11.2755 17.4517 11.2753 17.4516C10.5681 16.7252 10.4682 15.3856 11.4108 14.5876L11.4112 14.5872C12.0748 14.0248 13.202 14.0556 13.949 14.8205L14.7824 15.674L15.6158 14.8205C16.3618 14.0567 17.4896 14.0256 18.1545 14.5879" fill="#EB0203"></path>
                    </svg>
                    </button>
                    </div>
                    <div class="col-sm-10 col-12">
                    <div class="ct-tile-quantity d-none" data-pid="5761255">
                    <input type="hidden" class="add-to-cart-url" value="https://www.continente.pt/on/demandware.store/Sites-continente-Site/default/Cart-AddProduct" tabindex="-1">
                    <div class="d-none tile-delete-confirmation-btn" data-pid="5761255" data-delay-time="3000" data-in-cart-msg="no carrinho" data-one-product-added="Adicionado ao carrinho" data-remove-from-cart-msg="Removido do carrinho" data-stay-open="6000.0" data-confirmation-image="{&quot;url&quot;:&quot;https://www.continente.pt/dw/image/v2/BDVS_PRD/on/demandware.static/-/Sites-col-master-catalog/default/dwcccf64e8/images/col/576/5761255-frente.jpg?sw=87&amp;sh=80&quot;,&quot;fallbackimage&quot;:{&quot;url&quot;:&quot;https://www.continente.pt/dw/image/v2/BDVS_PRD/on/demandware.static/Sites-continente-Site/-/default/dw7c42b4da/images/noimagelarge_product.png?sw=87&amp;sh=80&quot;,&quot;title&quot;:&quot;Creme Vegetal Sabor a Manteiga Proactiv&quot;,&quot;alt&quot;:&quot;Creme Vegetal Sabor a Manteiga Proactiv&quot;},&quot;title&quot;:&quot;Creme Vegetal Sabor a Manteiga Proactiv&quot;,&quot;alt&quot;:&quot;Creme Vegetal Sabor a Manteiga Proactiv&quot;}"></div>
                    <div class="ct-tile-quantity-update quantity-update product-qty-vue" data-remove-action="https://www.continente.pt/on/demandware.store/Sites-continente-Site/default/Cart-RemoveProductLineItem" data-action="https://www.continente.pt/on/demandware.store/Sites-continente-Site/default/Cart-UpdateQuantity" data-dimension-update="https://www.continente.pt/on/demandware.store/Sites-continente-Site/default/Cart-DimensionUpdate" data-pid="5761255" data-uuid="cf4d9887501e592515af30e686" data-add-delay="500.0" data-measure-options="{&quot;hasConversionRate&quot;:false,&quot;hasAlternativeSaleUnit&quot;:false,&quot;unitConversionRate&quot;:0,&quot;minOrderQuantity&quot;:1,&quot;stepQuantity&quot;:1,&quot;primaryunit&quot;:&quot;un&quot;,&quot;secondaryunit&quot;:&quot;kg&quot;,&quot;selectedunit&quot;:&quot;primary&quot;,&quot;maxNumberOfUnitsPerSale&quot;:54}" data-price-available="null" :data-has-error="isMaxQtyReached || isMinQtyReached || qtySelectedMoreThanOne">
                    <template v-show="prodUnits">
                    <div class="quantity-input-wrapper has-units">
                    <label class="visually-hidden" :for="'quantity-' + pid + additionalTag">
                    Quantidade no carrinho
                    </label>
                    <input :ref="'quantityInput-' + pid + additionalTag" class="add-to-cart-quantity form-control ct-form-input text-center" inputmode="numeric" :class="{'is-invalid': isInvalid}" :data-pid="pid + additionalTag" :name="'quantity-' + pid + additionalTag" type="text" aria-label="Insira a quantidade" title="" v-model="displayValue" @change="updateQuantity" @focus="updateQtyFormat" @blur="restoreQtyFormat" :disabled="!isPriceAvailable">
                    <span class="quantity-icon quantity-icon--minus">
                    <button class="decrease-quantity-btn" @click="updateQuantity" :disabled="!isPriceAvailable" role="button" aria-label="Reduzir quantidade">
                    <i class="css-math-minus"></i>
                    </button>
                    </span>
                    <span class="quantity-icon quantity-icon--plus">
                    <button class="increase-quantity-btn" @click="updateQuantity" :disabled="isMaxQtyReached || !isPriceAvailable" role="button" aria-label="Aumentar quantidade">
                    <i class="css-math-plus"></i>
                    </button>
                    <span class="quantity-btn-disabled-placeholder"></span>
                    </span>
                    <template v-if="isPDP">
                    <span class="quantity-error ct-span-error text-sm-center product-max-allocation" v-if="isMaxQtyReached">
                    Quantidade máxima atingida
                    </span>
                    <span class="quantity-error ct-span-product text-sm-center product-allocation" v-if="!isMinQtyReached &amp;&amp; !isMaxQtyReached">
                    {{quantitySelected}} no carrinho
                    </span>
                    <span class="quantity-error ct-span-error text-sm-center product-min-allocation" :data-pid="pid" v-if="isMinQtyReached &amp;&amp; !isMaxQtyReached">
                    Quantidade mínima atingida
                    </span>
                    </template>
                    </div>
                    <template v-if="showNotes">
                    <div class="add-note-link-container ">
                    <div class="add-note">
                    <a href="/produto/creme-vegetal-sabor-a-manteiga-proactiv-becel-pro-activ-5761255.html?showNote=true" class="ct-add-note-redirect-pdp" aria-label="Adicionar comentário">
                    <span class="svg-wrapper svg-icon-notes" style="width:19px; height:20px">
                    <svg class="svg-inline icon-notes" viewBox="0 0 28 30" xmlns="http://www.w3.org/2000/svg" width="100%" height="100%"><path d="M21.738 0C22.985 0 24 1.04 24 2.319V12.47c0 .469-.37.848-.828.848-.457 0-.827-.38-.827-.848V2.32c0-.343-.273-.622-.607-.622H2.262c-.334 0-.607.279-.607.622V27.68c0 .343.273.622.607.622h7.81c.457 0 .827.38.827.849 0 .468-.37.848-.827.848h-7.81C1.015 30 0 28.96 0 27.681V2.32C0 1.04 1.015 0 2.262 0h19.476zm2.844 16.004l.227.007c.823.053 1.589.39 2.176.964.64.627.993 1.46.993 2.349 0 .888-.353 1.722-.993 2.348l-6.83 6.665c-.11.108-.247.186-.397.226l-5.032 1.363c-.078.021-.16.032-.241.032-.242 0-.478-.097-.647-.266-.23-.231-.314-.566-.218-.874l1.49-4.798c.044-.139.122-.266.227-.369l6.844-6.677c.64-.625 1.493-.97 2.401-.97zm-2.886 3.94l-4.922 4.802-.947 3.048 3.22-.872 4.897-4.78-2.248-2.197zm2.887-2.174c-.425 0-.824.162-1.124.455l-.484.472 2.248 2.197.484-.472c.62-.606.62-1.591 0-2.197l-.117-.104c-.283-.227-.636-.35-1.007-.35zm-10.839.022c.498 0 .904.396.904.883 0 .488-.406.884-.904.884H5.946c-.499 0-.904-.396-.904-.884 0-.487.405-.883.904-.883zm5.042-4.876c.498 0 .904.397.904.884s-.406.884-.904.884H5.946c-.499 0-.904-.397-.904-.884s.405-.884.904-.884zm0-4.875c.498 0 .904.396.904.884 0 .487-.406.883-.904.883H5.946c-.499 0-.904-.396-.904-.883 0-.488.405-.884.904-.884z" fill="#EB0203" fill-rule="evenodd"></path></svg>
                    </span>
                    <div class="available-note d-none"></div>
                    </a>
                    </div>
                    </div>
                    </template>
                    <div class="measurement-unit-section" v-if="isPriceAvailable &amp;&amp; prodUnits ? prodUnits.hasAlternativeUnit : false">
                    <div class="ct-form-radio" @click="setDimension">
                    <input type="radio" title="" class="ct-form-check-input product-measurement-unit" :data-type="prodUnits.selectedUnit == prodUnits.secondaryUnit ? 'primary' : ''" :id="prodUnits.secondaryUnit + '-' + pid + '-measurement-unit-ptile' + additionalTag" :name="'measurement-unit-' + pid + '-ptile' + additionalTag" :value="prodUnits.secondaryUnit" v-model="prodUnits.selectedUnit">
                    <label :class="prodUnits.secondaryUnit + '-label ct-form-check-label mb-0'" :for="prodUnits.secondaryUnit + '-' + pid + '-measurement-unit-ptile' + additionalTag">
                    {{prodUnits.secondaryUnit}}
                    </label>
                    <span class="checkmark"></span>
                    </div>
                    <div class="ct-form-radio" @click="setDimension">
                    <input type="radio" title="" class="ct-form-check-input product-measurement-unit" :data-type="prodUnits.selectedUnit == prodUnits.primaryUnit ? 'primary' : ''" :id="prodUnits.primaryUnit + '-' + pid + '-measurement-unit-ptile' + additionalTag" :name="'measurement-unit-' + pid + '-ptile' + additionalTag" :value="prodUnits.primaryUnit" v-model="prodUnits.selectedUnit">
                    <label :class="prodUnits.primaryUnit + '-label ct-form-check-label mb-0'" :for="prodUnits.primaryUnit + '-' + pid + '-measurement-unit-ptile' + additionalTag">
                    {{prodUnits.primaryUnit}}
                    </label>
                    <span class="checkmark"></span>
                    </div>
                    </div>
                    <template v-if="!isPDP &amp;&amp; isPriceAvailable">
                    <span class="quantity-error ct-span-error product-max-allocation" v-if="isMaxQtyReached">
                    Quantidade máxima atingida
                    </span>
                    <span class="quantity-error ct-span-product product-allocation" v-if="!isMinQtyReached &amp;&amp; !isMaxQtyReached">
                    {{quantitySelected}} no carrinho
                    </span>
                    <span class="quantity-error ct-span-error product-min-allocation" :data-pid="pid" v-if="isMinQtyReached &amp;&amp; !isMaxQtyReached">
                    Quantidade mínima atingida
                    </span>
                    </template>
                    </template>
                    </div>
                    <input class="quantity-value-mask d-none" name="quantity" type="number" min="0" value="" tabindex="-1">
                    </div>
                    <button type="button" class="add-to-cart button js-add-to-cart js-add-to-cart-tile 5761255 button--primary dynamic-layout-btn" data-toggle="modal" data-target="#chooseBonusProductModal" data-pid="5761255" data-quantity-value="null" aria-label="Carrinho" tabindex="-1">
                    <span class="d-block d-sm-none">
                    <span class="svg-wrapper svg-icon-cart" style="width:20px; height:20px">
                    <svg class="svg-inline icon-cart" xmlns="http://www.w3.org/2000/svg" viewBox="0 0 500 500" width="100%" height="100%"><path fill="#EB0203" fill-rule="evenodd" d="M 485.67317,94.386311 C 476.37798,83.847129 463.09468,78.03348 448.30404,78.03348 H 90.690813 L 87.079511,51.327997 C 83.185582,22.539551 62.962285,0 41.011841,0 H 14.727836 C 6.563151,0 0,6.5286975 0,14.580758 c 0,8.05206 6.5945535,14.580758 14.727836,14.580758 h 26.284005 c 4.710398,0 14.696435,9.855222 16.894619,26.021523 L 100.01739,368.0631 c 1.88416,13.77244 9.01256,26.70549 20.1605,36.37417 8.25889,7.15046 18.02511,11.9071 28.26237,13.89679 -4.17655,7.58572 -6.53175,16.25957 -6.53175,25.493 0,29.53459 24.27424,53.59751 54.13815,53.59751 29.8325,0 54.13814,-24.03184 54.13814,-53.59751 0,-8.79818 -2.19818,-17.09897 -5.9979,-24.43598 h 77.12488 c -3.79973,7.33701 -5.96652,15.6378 -5.96652,24.43598 0,29.53459 24.27424,53.59751 54.13817,53.59751 29.83249,0 54.13814,-24.03184 54.13814,-53.59751 0,-8.79818 -2.1982,-17.09897 -5.9979,-24.43598 h 38.56243 c 8.13328,0 14.72783,-6.5287 14.72783,-14.61183 0,-8.02098 -6.59455,-14.54967 -14.72783,-14.54967 H 159.24277 c -14.38241,0 -28.13677,-11.90711 -30.02092,-26.02153 l -3.07746,-22.88154 h 290.6314 c 14.03698,0 27.94834,-5.28513 39.06488,-14.95381 11.11652,-9.6376 18.27632,-22.57065 20.16048,-36.37417 l 21.10259,-156.78201 c 1.94694,-14.51858 -2.10398,-28.29103 -11.43057,-38.861299 z M 220.76053,443.82706 c 0,13.49265 -11.08513,24.46709 -24.68247,24.46709 -13.62874,0 -24.71387,-10.97444 -24.71387,-24.46709 0,-13.49262 11.08513,-24.43598 24.71387,-24.43598 13.59734,0 24.68247,10.94336 24.68247,24.43598 z m 173.43675,0 c 0,13.49265 -11.08512,24.46709 -24.68245,24.46709 -13.62876,0 -24.71388,-10.97444 -24.71388,-24.46709 0,-13.49262 11.08512,-24.43598 24.71388,-24.43598 13.59733,0 24.68245,10.94336 24.68245,24.43598 z m 73.7648,-314.46558 -21.13397,156.782 c -1.88416,14.11442 -15.63851,26.05261 -30.02091,26.05261 H 122.25046 L 94.616142,107.19499 H 448.33544 c 6.18632,0 11.61896,2.2695 15.23028,6.37326 3.64269,4.13484 5.21283,9.73086 4.39636,15.79323 z"></path></svg>
                    </span>
                    </span>
                    <span class="add-to-cart--text d-none d-sm-block">Carrinho</span>
                    </button>
                    </div>
                    </div>
                    </div>
                    </div>
                    
                    <div class="col-12 d-sm-none">
                    </div>
                    </div>
                    </div>
                    </div>
                    </div><div class="pd-tile-wrap slick-slide slick-cloned" data-idx="10" style="width: 276px; height: auto;" data-slick-index="19" id="" aria-hidden="true" tabindex="-1">
                    
                    <script type="text/javascript">//<!--
                    /* <![CDATA[ */
                    (function(){
                    try {
                        if(window.CQuotient) {
                            var cq_params = {};
                            cq_params.cookieId = window.CQuotient.getCQCookieId();
                            cq_params.userId = window.CQuotient.getCQUserId();
                            cq_params.emailId = CQuotient.getCQHashedEmail();
                            cq_params.loginId = CQuotient.getCQHashedLogin();
                            cq_params.accumulate = true;
                            cq_params.products = [{
                                id: '7632255',
                                sku: '',
                                type: '',
                                alt_id: ''
                            }];
                            cq_params.recommenderName = '__UNDEFINED__';
                            cq_params.realm = "BDVS";
                            cq_params.siteId = "continente";
                            cq_params.instanceType = "prd";
                            cq_params.locale = window.CQuotient.locale;
                            cq_params.slotId = '';
                            cq_params.slotConfigId = '';
                            cq_params.slotConfigTemplate = '';
                            if(window.CQuotient.sendActivity)
                                window.CQuotient.sendActivity( CQuotient.clientId, 'viewReco', cq_params );
                            else
                                window.CQuotient.activities.push( {activityType: 'viewReco', parameters: cq_params} );
                        }
                    } catch(err) {}
                    })();
                    /* ]]> */
                    // -->
                    </script>
                    <script type="text/javascript">//<!--
                    /* <![CDATA[ (viewProduct-active_data.js) */
                    dw.ac._capture({id: "7632255", type: "recommendation"});
                    /* ]]> */
                    // -->
                    </script>
                    <div class="product" data-pid="7632255">
                    <div class="product-tile pid-7632255   ct-product-tile " data-delay-time="3000" data-variants-mapping="[]" data-in-cart-msg="no carrinho" data-one-product-added="Adicionado ao carrinho" data-remove-from-cart-msg="Removido do carrinho" data-stay-open="6000.0" data-product-tile-impression="{&quot;name&quot;:&quot;7632255&quot;,&quot;id&quot;:&quot;7632255&quot;,&quot;price&quot;:1.89,&quot;brand&quot;:&quot;Alpro&quot;,&quot;category&quot;:[{&quot;category_level_1&quot;:&quot;Laticínios e Ovos&quot;},{&quot;category_level_2&quot;:&quot;Bebidas Vegetais&quot;},{&quot;category_level_3&quot;:&quot;Bebida Aveia&quot;}],&quot;variant&quot;:&quot;&quot;}">
                    <div class="ct-inner-tile-wrap row no-gutters justify-content-center align-content-start">
                    <div class="ct-product-tile-badge ct-product-tile-badge--promotional">
                    <img class="img-fluid lazyloaded" loading="lazy" data-src="https://www.continente.pt/dw/image/v2/BDVS_PRD/on/demandware.static/-/Sites-continente-Library/default/dwf5980f2e/images/badges/pvpr/col/pvpr.png?sw=60&amp;sh=42" alt="PVP Recomendado: €2,39/un" title="PVP Recomendado: €2,39/un" src="https://www.continente.pt/dw/image/v2/BDVS_PRD/on/demandware.static/-/Sites-continente-Library/default/dwf5980f2e/images/badges/pvpr/col/pvpr.png?sw=60&amp;sh=42">
                    <div class="ct-product-tile-badge-value-wrapper ct-product-tile-badge-value-wrapper--pvpr  ">
                    <span class="ct-product-tile-badge-value--pvpr">
                    20
                    </span>
                    <span class="ct-product-tile-badge-value--pvpr-quantifier ">
                    %
                    </span>
                    </div>
                    </div>
                    
                    <div class="ct-image-container col-4 col-sm" data-confirmation-image="{&quot;url&quot;:&quot;https://www.continente.pt/dw/image/v2/BDVS_PRD/on/demandware.static/-/Sites-col-master-catalog/default/dw4ad11b46/images/col/763/7632255-frente.jpg?sw=87&amp;sh=80&quot;,&quot;fallbackimage&quot;:{&quot;url&quot;:&quot;https://www.continente.pt/dw/image/v2/BDVS_PRD/on/demandware.static/Sites-continente-Site/-/default/dw7c42b4da/images/noimagelarge_product.png?sw=87&amp;sh=80&quot;,&quot;title&quot;:&quot;Bebida Vegetal de Aveia Sabor a Leite&quot;,&quot;alt&quot;:&quot;Bebida Vegetal de Aveia Sabor a Leite&quot;},&quot;title&quot;:&quot;Bebida Vegetal de Aveia Sabor a Leite&quot;,&quot;alt&quot;:&quot;Bebida Vegetal de Aveia Sabor a Leite&quot;}">
                    <a href="https://www.continente.pt/produto/bebida-vegetal-de-aveia-sabor-a-leite-alpro-7632255.html?cgid=home" tabindex="-1">
                    <picture class="intrinsic intrinsic--square">
                    <img class="ct-tile-image lazyloaded" loading="lazy" onerror="this.onerror=null;this.src='/on/demandware.static/Sites-continente-Site/-/default/dw7c42b4da/images/noimagelarge_product.png';" data-src="https://www.continente.pt/dw/image/v2/BDVS_PRD/on/demandware.static/-/Sites-col-master-catalog/default/dw4ad11b46/images/col/763/7632255-frente.jpg?sw=280&amp;sh=280" alt="Bebida Vegetal de Aveia Sabor a Leite" title="Bebida Vegetal de Aveia Sabor a Leite" src="https://www.continente.pt/dw/image/v2/BDVS_PRD/on/demandware.static/-/Sites-col-master-catalog/default/dw4ad11b46/images/col/763/7632255-frente.jpg?sw=280&amp;sh=280">
                    </picture>
                    </a>
                    <div class="color-swatches d-flex" style="margin-left: 5px;">
                    <div class="swatches d-flex">
                    </div>
                    </div>
                    </div>
                    <div class="ct-tile-body col col-sm-auto ">
                    <div class="ct-pdp-details">
                    <div class="ct-pdp-link">
                    <a class="ct-tile--description" href="https://www.continente.pt/produto/bebida-vegetal-de-aveia-sabor-a-leite-alpro-7632255.html?cgid=home" tabindex="-1">Bebida Vegetal de Aveia Sabor a Leite</a>
                    <div class="ct-tile--favorite-top d-sm-none">
                    <button class="wishlist-toggler guest-mode inactive button button--tertiary" data-pid="7632255" data-add-url="https://www.continente.pt/on/demandware.store/Sites-continente-Site/default/Wishlist-AddProduct?pid=7632255" data-toggle="tooltip" aria-label="Adicionar aos favoritos " data-original-title="Adicionar aos favoritos" data-placement="top" tabindex="-1">
                    <svg class="active-content" width="100%" height="100%" viewBox="0 0 20 22" fill="none" xmlns="http://www.w3.org/2000/svg">
                    <path fill-rule="evenodd" clip-rule="evenodd" d="M0 1.53052C0 0.685236 0.692171 0 1.54601 0H15.0736C15.9274 0 16.6196 0.685235 16.6196 1.53052V13.4064L15.8127 13.922L14.2658 14.2658L12.7189 13.4064L10.6054 14.3818C10.4994 14.2451 10.3327 14.157 10.1452 14.157H6.76329C6.4431 14.157 6.18354 14.414 6.18354 14.731C6.18354 15.0479 6.4431 15.3049 6.76329 15.3049H10.1452C10.2478 15.3049 10.3441 15.2785 10.4277 15.2322L10.3126 16.8439L13.2345 20.2793H1.54601C0.69217 20.2793 0 19.5941 0 18.7488V1.53052ZM6.18354 5.5483C6.18354 5.23132 6.4431 4.97436 6.76329 4.97436H12.3676C12.6878 4.97436 12.9473 5.23132 12.9473 5.5483C12.9473 5.86528 12.6878 6.12224 12.3676 6.12224H6.76329C6.4431 6.12224 6.18354 5.86528 6.18354 5.5483ZM6.76329 11.0961C6.4431 11.0961 6.18354 11.3531 6.18354 11.6701C6.18354 11.987 6.4431 12.244 6.76329 12.244H12.3676C12.6878 12.244 12.9473 11.987 12.9473 11.6701C12.9473 11.3531 12.6878 11.0961 12.3676 11.0961H6.76329ZM6.18354 8.60985C6.18354 8.29287 6.4431 8.03591 6.76329 8.03591H12.3676C12.6878 8.03591 12.9473 8.29287 12.9473 8.60985C12.9473 8.92684 12.6878 9.1838 12.3676 9.1838H6.76329C6.4431 9.1838 6.18354 8.92684 6.18354 8.60985ZM3.67118 5.5483C3.67118 5.23132 3.93075 4.97436 4.25093 4.97436H4.63743C4.95762 4.97436 5.21719 5.23132 5.21719 5.5483C5.21719 5.86528 4.95762 6.12224 4.63743 6.12224H4.25093C3.93075 6.12224 3.67118 5.86528 3.67118 5.5483ZM4.25093 11.0961C3.93075 11.0961 3.67118 11.3531 3.67118 11.6701C3.67118 11.987 3.93075 12.244 4.25093 12.244H4.63743C4.95762 12.244 5.21719 11.987 5.21719 11.6701C5.21719 11.3531 4.95762 11.0961 4.63743 11.0961H4.25093ZM3.67118 8.60985C3.67118 8.29287 3.93075 8.03591 4.25093 8.03591H4.63743C4.95762 8.03591 5.21719 8.29287 5.21719 8.60985C5.21719 8.92684 4.95762 9.1838 4.63743 9.1838H4.25093C3.93075 9.1838 3.67118 8.92684 3.67118 8.60985ZM4.25093 14.157C3.93075 14.157 3.67118 14.414 3.67118 14.731C3.67118 15.0479 3.93075 15.3049 4.25093 15.3049H4.63743C4.95762 15.3049 5.21719 15.0479 5.21719 14.731C5.21719 14.414 4.95762 14.157 4.63743 14.157H4.25093Z" fill="#EB0203"></path>
                    <path fill-rule="evenodd" clip-rule="evenodd" d="M14.6252 13.6363C13.4918 12.6215 11.7817 12.5264 10.6569 13.4792C9.12421 14.7764 9.34841 16.8912 10.4409 18.0122L14.0159 21.6742C14.2197 21.8832 14.4928 22 14.7822 22C15.0737 22 15.3448 21.8852 15.5486 21.6762L19.1236 18.0142C20.214 16.8933 20.4423 14.7785 18.9075 13.4792C17.7827 12.5283 16.0724 12.6217 14.9391 13.6365C14.8855 13.6845 14.8331 13.7345 14.7822 13.7866C14.7313 13.7345 14.6789 13.6843 14.6252 13.6363ZM18.1546 14.3522C19.0973 15.1508 18.9962 16.4896 18.2891 17.2173C18.2888 17.2175 18.2886 17.2177 18.2884 17.218L14.7832 20.8084L11.2753 17.2151C11.2752 17.215 11.2751 17.2149 11.2749 17.2148C10.5677 16.4887 10.4678 15.1495 11.4104 14.3518L11.4108 14.3514C12.0745 13.7892 13.2018 13.82 13.9488 14.5846L14.7822 15.4378L15.6157 14.5846C16.3617 13.8211 17.4896 13.79 18.1545 14.3521" fill="#EB0203"></path>
                    </svg>
                    <svg class="inactive-content" width="100%" height="100%" viewBox="0 0 20 23" fill="none" xmlns="http://www.w3.org/2000/svg">
                    <path fill-rule="evenodd" clip-rule="evenodd" d="M6.18408 5.77914C6.18408 5.46223 6.44363 5.20532 6.7638 5.20532H12.3678C12.6879 5.20532 12.9475 5.46223 12.9475 5.77914C12.9475 6.09606 12.6879 6.35297 12.3678 6.35297H6.7638C6.44363 6.35297 6.18408 6.09606 6.18408 5.77914Z" fill="#EB0203"></path>
                    <path fill-rule="evenodd" clip-rule="evenodd" d="M6.18408 11.9034C6.18408 11.5865 6.44363 11.3296 6.7638 11.3296H12.3678C12.6879 11.3296 12.9475 11.5865 12.9475 11.9034C12.9475 12.2202 12.6879 12.4771 12.3678 12.4771H6.7638C6.44363 12.4771 6.18408 12.2202 6.18408 11.9034Z" fill="#EB0203"></path>
                    <path fill-rule="evenodd" clip-rule="evenodd" d="M6.18408 8.84116C6.18408 8.52424 6.44363 8.26733 6.7638 8.26733H12.3678C12.6879 8.26733 12.9475 8.52424 12.9475 8.84116C12.9475 9.15807 12.6879 9.41498 12.3678 9.41498H6.7638C6.44363 9.41498 6.18408 9.15807 6.18408 8.84116Z" fill="#EB0203"></path>
                    <path fill-rule="evenodd" clip-rule="evenodd" d="M6.18408 14.9655C6.18408 14.6486 6.44363 14.3917 6.7638 14.3917H10.1455C10.4657 14.3917 10.7252 14.6486 10.7252 14.9655C10.7252 15.2825 10.4657 15.5394 10.1455 15.5394H6.7638C6.44363 15.5394 6.18408 15.2825 6.18408 14.9655Z" fill="#EB0203"></path>
                    <path fill-rule="evenodd" clip-rule="evenodd" d="M3.67139 5.77914C3.67139 5.46223 3.93094 5.20532 4.25111 5.20532H4.63759C4.95776 5.20532 5.21731 5.46223 5.21731 5.77914C5.21731 6.09606 4.95776 6.35297 4.63759 6.35297H4.25111C3.93094 6.35297 3.67139 6.09606 3.67139 5.77914Z" fill="#EB0203"></path>
                    <path fill-rule="evenodd" clip-rule="evenodd" d="M3.67139 11.9034C3.67139 11.5865 3.93094 11.3296 4.25111 11.3296H4.63759C4.95776 11.3296 5.21731 11.5865 5.21731 11.9034C5.21731 12.2202 4.95776 12.4771 4.63759 12.4771H4.25111C3.93094 12.4771 3.67139 12.2202 3.67139 11.9034Z" fill="#EB0203"></path>
                    <path fill-rule="evenodd" clip-rule="evenodd" d="M3.67139 8.84116C3.67139 8.52424 3.93094 8.26733 4.25111 8.26733H4.63759C4.95776 8.26733 5.21731 8.52424 5.21731 8.84116C5.21731 9.15807 4.95776 9.41498 4.63759 9.41498H4.25111C3.93094 9.41498 3.67139 9.15807 3.67139 8.84116Z" fill="#EB0203"></path>
                    <path fill-rule="evenodd" clip-rule="evenodd" d="M3.67139 14.9655C3.67139 14.6486 3.93094 14.3917 4.25111 14.3917H4.63759C4.95776 14.3917 5.21731 14.6486 5.21731 14.9655C5.21731 15.2825 4.95776 15.5394 4.63759 15.5394H4.25111C3.93094 15.5394 3.67139 15.2825 3.67139 14.9655Z" fill="#EB0203"></path>
                    <path fill-rule="evenodd" clip-rule="evenodd" d="M0 1.76033C0 0.914738 0.692131 0.229248 1.54592 0.229248H15.0727C15.9265 0.229248 16.6186 0.914738 16.6186 1.76033V11.2818C16.6186 11.5989 16.3591 11.8559 16.0389 11.8559C15.7187 11.8559 15.4592 11.5989 15.4592 11.2818V1.76033C15.4592 1.54893 15.2862 1.37756 15.0727 1.37756H1.54592C1.33247 1.37756 1.15944 1.54893 1.15944 1.76033V18.985C1.15944 19.1964 1.33247 19.3678 1.54592 19.3678H9.27551C9.59568 19.3678 9.85523 19.6249 9.85523 19.942C9.85523 20.2591 9.59568 20.5161 9.27551 20.5161H1.54592C0.692131 20.5161 0 19.8306 0 18.985V1.76033Z" fill="#EB0203"></path>
                    <path fill-rule="evenodd" clip-rule="evenodd" d="M14.6254 13.8718C13.4921 12.8567 11.7821 12.7615 10.6574 13.7147C9.12472 15.0124 9.34891 17.128 10.4413 18.2493L14.0161 21.9126C14.2199 22.1217 14.493 22.2386 14.7824 22.2386C15.0739 22.2386 15.3449 22.1238 15.5487 21.9147L19.1235 18.2514C20.2139 17.13 20.4422 15.0144 18.9075 13.7147C17.7827 12.7634 16.0726 12.8569 14.9392 13.872C14.8856 13.92 14.8333 13.9701 14.7824 14.0222C14.7314 13.97 14.6791 13.9199 14.6254 13.8718ZM18.1546 14.588C19.0972 15.3869 18.9961 16.7262 18.2891 17.4541C18.2888 17.4543 18.2886 17.4546 18.2884 17.4548L14.7834 21.0466L11.2757 17.452C11.2756 17.4519 11.2755 17.4517 11.2753 17.4516C10.5681 16.7252 10.4682 15.3856 11.4108 14.5876L11.4112 14.5872C12.0748 14.0248 13.202 14.0556 13.949 14.8205L14.7824 15.674L15.6158 14.8205C16.3618 14.0567 17.4896 14.0256 18.1545 14.5879" fill="#EB0203"></path>
                    </svg>
                    </button>
                    </div>
                    </div>
                    <p class="ct-tile--brand">Alpro</p>
                    <p class="ct-tile--quantity">emb. 1 lt</p>
                    </div>
                    <div class="ct-tile-bottom row no-gutters justify-content-between">
                    <div class="ct-price-wrap col-8 col-sm-12">
                    <div class="price js-product-price">
                    <div class="prices-wrapper">
                    <span class="sales ct-tile--price-primary ">
                    <span class="value" content="1.89">
                    <span class="ct-price-formatted">
                    €1,89
                    </span>
                    <span class="ct-m-unit">
                    /un
                    </span>
                    </span>
                    </span>
                    </div>
                     <div class="ct-tile--price-secondary">
                    <span class="ct-price-value">
                    €1,89
                    </span>
                    <span class="ct-m-unit">
                    /lt
                    </span>
                    </div>
                    <p class="ct-discount-amount ct-discount-amount-pvpr">PVP Recomendado: €2,39/un</p>
                    </div>
                    </div>
                    <div class="ct-tile-buy-section d-flex justify-content-center no-gutters col-auto col-sm-12">
                    <div class="col-2 d-sm-flex d-none">
                    <button class="wishlist-toggler guest-mode inactive button button--tertiary" data-pid="7632255" data-add-url="https://www.continente.pt/on/demandware.store/Sites-continente-Site/default/Wishlist-AddProduct?pid=7632255" data-toggle="tooltip" aria-label="Adicionar aos favoritos " data-original-title="Adicionar aos favoritos" data-placement="top" tabindex="-1">
                    <svg class="active-content" width="100%" height="100%" viewBox="0 0 20 22" fill="none" xmlns="http://www.w3.org/2000/svg">
                    <path fill-rule="evenodd" clip-rule="evenodd" d="M0 1.53052C0 0.685236 0.692171 0 1.54601 0H15.0736C15.9274 0 16.6196 0.685235 16.6196 1.53052V13.4064L15.8127 13.922L14.2658 14.2658L12.7189 13.4064L10.6054 14.3818C10.4994 14.2451 10.3327 14.157 10.1452 14.157H6.76329C6.4431 14.157 6.18354 14.414 6.18354 14.731C6.18354 15.0479 6.4431 15.3049 6.76329 15.3049H10.1452C10.2478 15.3049 10.3441 15.2785 10.4277 15.2322L10.3126 16.8439L13.2345 20.2793H1.54601C0.69217 20.2793 0 19.5941 0 18.7488V1.53052ZM6.18354 5.5483C6.18354 5.23132 6.4431 4.97436 6.76329 4.97436H12.3676C12.6878 4.97436 12.9473 5.23132 12.9473 5.5483C12.9473 5.86528 12.6878 6.12224 12.3676 6.12224H6.76329C6.4431 6.12224 6.18354 5.86528 6.18354 5.5483ZM6.76329 11.0961C6.4431 11.0961 6.18354 11.3531 6.18354 11.6701C6.18354 11.987 6.4431 12.244 6.76329 12.244H12.3676C12.6878 12.244 12.9473 11.987 12.9473 11.6701C12.9473 11.3531 12.6878 11.0961 12.3676 11.0961H6.76329ZM6.18354 8.60985C6.18354 8.29287 6.4431 8.03591 6.76329 8.03591H12.3676C12.6878 8.03591 12.9473 8.29287 12.9473 8.60985C12.9473 8.92684 12.6878 9.1838 12.3676 9.1838H6.76329C6.4431 9.1838 6.18354 8.92684 6.18354 8.60985ZM3.67118 5.5483C3.67118 5.23132 3.93075 4.97436 4.25093 4.97436H4.63743C4.95762 4.97436 5.21719 5.23132 5.21719 5.5483C5.21719 5.86528 4.95762 6.12224 4.63743 6.12224H4.25093C3.93075 6.12224 3.67118 5.86528 3.67118 5.5483ZM4.25093 11.0961C3.93075 11.0961 3.67118 11.3531 3.67118 11.6701C3.67118 11.987 3.93075 12.244 4.25093 12.244H4.63743C4.95762 12.244 5.21719 11.987 5.21719 11.6701C5.21719 11.3531 4.95762 11.0961 4.63743 11.0961H4.25093ZM3.67118 8.60985C3.67118 8.29287 3.93075 8.03591 4.25093 8.03591H4.63743C4.95762 8.03591 5.21719 8.29287 5.21719 8.60985C5.21719 8.92684 4.95762 9.1838 4.63743 9.1838H4.25093C3.93075 9.1838 3.67118 8.92684 3.67118 8.60985ZM4.25093 14.157C3.93075 14.157 3.67118 14.414 3.67118 14.731C3.67118 15.0479 3.93075 15.3049 4.25093 15.3049H4.63743C4.95762 15.3049 5.21719 15.0479 5.21719 14.731C5.21719 14.414 4.95762 14.157 4.63743 14.157H4.25093Z" fill="#EB0203"></path>
                    <path fill-rule="evenodd" clip-rule="evenodd" d="M14.6252 13.6363C13.4918 12.6215 11.7817 12.5264 10.6569 13.4792C9.12421 14.7764 9.34841 16.8912 10.4409 18.0122L14.0159 21.6742C14.2197 21.8832 14.4928 22 14.7822 22C15.0737 22 15.3448 21.8852 15.5486 21.6762L19.1236 18.0142C20.214 16.8933 20.4423 14.7785 18.9075 13.4792C17.7827 12.5283 16.0724 12.6217 14.9391 13.6365C14.8855 13.6845 14.8331 13.7345 14.7822 13.7866C14.7313 13.7345 14.6789 13.6843 14.6252 13.6363ZM18.1546 14.3522C19.0973 15.1508 18.9962 16.4896 18.2891 17.2173C18.2888 17.2175 18.2886 17.2177 18.2884 17.218L14.7832 20.8084L11.2753 17.2151C11.2752 17.215 11.2751 17.2149 11.2749 17.2148C10.5677 16.4887 10.4678 15.1495 11.4104 14.3518L11.4108 14.3514C12.0745 13.7892 13.2018 13.82 13.9488 14.5846L14.7822 15.4378L15.6157 14.5846C16.3617 13.8211 17.4896 13.79 18.1545 14.3521" fill="#EB0203"></path>
                    </svg>
                    <svg class="inactive-content" width="100%" height="100%" viewBox="0 0 20 23" fill="none" xmlns="http://www.w3.org/2000/svg">
                    <path fill-rule="evenodd" clip-rule="evenodd" d="M6.18408 5.77914C6.18408 5.46223 6.44363 5.20532 6.7638 5.20532H12.3678C12.6879 5.20532 12.9475 5.46223 12.9475 5.77914C12.9475 6.09606 12.6879 6.35297 12.3678 6.35297H6.7638C6.44363 6.35297 6.18408 6.09606 6.18408 5.77914Z" fill="#EB0203"></path>
                    <path fill-rule="evenodd" clip-rule="evenodd" d="M6.18408 11.9034C6.18408 11.5865 6.44363 11.3296 6.7638 11.3296H12.3678C12.6879 11.3296 12.9475 11.5865 12.9475 11.9034C12.9475 12.2202 12.6879 12.4771 12.3678 12.4771H6.7638C6.44363 12.4771 6.18408 12.2202 6.18408 11.9034Z" fill="#EB0203"></path>
                    <path fill-rule="evenodd" clip-rule="evenodd" d="M6.18408 8.84116C6.18408 8.52424 6.44363 8.26733 6.7638 8.26733H12.3678C12.6879 8.26733 12.9475 8.52424 12.9475 8.84116C12.9475 9.15807 12.6879 9.41498 12.3678 9.41498H6.7638C6.44363 9.41498 6.18408 9.15807 6.18408 8.84116Z" fill="#EB0203"></path>
                    <path fill-rule="evenodd" clip-rule="evenodd" d="M6.18408 14.9655C6.18408 14.6486 6.44363 14.3917 6.7638 14.3917H10.1455C10.4657 14.3917 10.7252 14.6486 10.7252 14.9655C10.7252 15.2825 10.4657 15.5394 10.1455 15.5394H6.7638C6.44363 15.5394 6.18408 15.2825 6.18408 14.9655Z" fill="#EB0203"></path>
                    <path fill-rule="evenodd" clip-rule="evenodd" d="M3.67139 5.77914C3.67139 5.46223 3.93094 5.20532 4.25111 5.20532H4.63759C4.95776 5.20532 5.21731 5.46223 5.21731 5.77914C5.21731 6.09606 4.95776 6.35297 4.63759 6.35297H4.25111C3.93094 6.35297 3.67139 6.09606 3.67139 5.77914Z" fill="#EB0203"></path>
                    <path fill-rule="evenodd" clip-rule="evenodd" d="M3.67139 11.9034C3.67139 11.5865 3.93094 11.3296 4.25111 11.3296H4.63759C4.95776 11.3296 5.21731 11.5865 5.21731 11.9034C5.21731 12.2202 4.95776 12.4771 4.63759 12.4771H4.25111C3.93094 12.4771 3.67139 12.2202 3.67139 11.9034Z" fill="#EB0203"></path>
                    <path fill-rule="evenodd" clip-rule="evenodd" d="M3.67139 8.84116C3.67139 8.52424 3.93094 8.26733 4.25111 8.26733H4.63759C4.95776 8.26733 5.21731 8.52424 5.21731 8.84116C5.21731 9.15807 4.95776 9.41498 4.63759 9.41498H4.25111C3.93094 9.41498 3.67139 9.15807 3.67139 8.84116Z" fill="#EB0203"></path>
                    <path fill-rule="evenodd" clip-rule="evenodd" d="M3.67139 14.9655C3.67139 14.6486 3.93094 14.3917 4.25111 14.3917H4.63759C4.95776 14.3917 5.21731 14.6486 5.21731 14.9655C5.21731 15.2825 4.95776 15.5394 4.63759 15.5394H4.25111C3.93094 15.5394 3.67139 15.2825 3.67139 14.9655Z" fill="#EB0203"></path>
                    <path fill-rule="evenodd" clip-rule="evenodd" d="M0 1.76033C0 0.914738 0.692131 0.229248 1.54592 0.229248H15.0727C15.9265 0.229248 16.6186 0.914738 16.6186 1.76033V11.2818C16.6186 11.5989 16.3591 11.8559 16.0389 11.8559C15.7187 11.8559 15.4592 11.5989 15.4592 11.2818V1.76033C15.4592 1.54893 15.2862 1.37756 15.0727 1.37756H1.54592C1.33247 1.37756 1.15944 1.54893 1.15944 1.76033V18.985C1.15944 19.1964 1.33247 19.3678 1.54592 19.3678H9.27551C9.59568 19.3678 9.85523 19.6249 9.85523 19.942C9.85523 20.2591 9.59568 20.5161 9.27551 20.5161H1.54592C0.692131 20.5161 0 19.8306 0 18.985V1.76033Z" fill="#EB0203"></path>
                    <path fill-rule="evenodd" clip-rule="evenodd" d="M14.6254 13.8718C13.4921 12.8567 11.7821 12.7615 10.6574 13.7147C9.12472 15.0124 9.34891 17.128 10.4413 18.2493L14.0161 21.9126C14.2199 22.1217 14.493 22.2386 14.7824 22.2386C15.0739 22.2386 15.3449 22.1238 15.5487 21.9147L19.1235 18.2514C20.2139 17.13 20.4422 15.0144 18.9075 13.7147C17.7827 12.7634 16.0726 12.8569 14.9392 13.872C14.8856 13.92 14.8333 13.9701 14.7824 14.0222C14.7314 13.97 14.6791 13.9199 14.6254 13.8718ZM18.1546 14.588C19.0972 15.3869 18.9961 16.7262 18.2891 17.4541C18.2888 17.4543 18.2886 17.4546 18.2884 17.4548L14.7834 21.0466L11.2757 17.452C11.2756 17.4519 11.2755 17.4517 11.2753 17.4516C10.5681 16.7252 10.4682 15.3856 11.4108 14.5876L11.4112 14.5872C12.0748 14.0248 13.202 14.0556 13.949 14.8205L14.7824 15.674L15.6158 14.8205C16.3618 14.0567 17.4896 14.0256 18.1545 14.5879" fill="#EB0203"></path>
                    </svg>
                    </button>
                    </div>
                    <div class="col-sm-10 col-12">
                    <div class="ct-tile-quantity d-none" data-pid="7632255">
                    <input type="hidden" class="add-to-cart-url" value="https://www.continente.pt/on/demandware.store/Sites-continente-Site/default/Cart-AddProduct" tabindex="-1">
                    <div class="d-none tile-delete-confirmation-btn" data-pid="7632255" data-delay-time="3000" data-in-cart-msg="no carrinho" data-one-product-added="Adicionado ao carrinho" data-remove-from-cart-msg="Removido do carrinho" data-stay-open="6000.0" data-confirmation-image="{&quot;url&quot;:&quot;https://www.continente.pt/dw/image/v2/BDVS_PRD/on/demandware.static/-/Sites-col-master-catalog/default/dw4ad11b46/images/col/763/7632255-frente.jpg?sw=87&amp;sh=80&quot;,&quot;fallbackimage&quot;:{&quot;url&quot;:&quot;https://www.continente.pt/dw/image/v2/BDVS_PRD/on/demandware.static/Sites-continente-Site/-/default/dw7c42b4da/images/noimagelarge_product.png?sw=87&amp;sh=80&quot;,&quot;title&quot;:&quot;Bebida Vegetal de Aveia Sabor a Leite&quot;,&quot;alt&quot;:&quot;Bebida Vegetal de Aveia Sabor a Leite&quot;},&quot;title&quot;:&quot;Bebida Vegetal de Aveia Sabor a Leite&quot;,&quot;alt&quot;:&quot;Bebida Vegetal de Aveia Sabor a Leite&quot;}"></div>
                    <div class="ct-tile-quantity-update quantity-update product-qty-vue" data-remove-action="https://www.continente.pt/on/demandware.store/Sites-continente-Site/default/Cart-RemoveProductLineItem" data-action="https://www.continente.pt/on/demandware.store/Sites-continente-Site/default/Cart-UpdateQuantity" data-dimension-update="https://www.continente.pt/on/demandware.store/Sites-continente-Site/default/Cart-DimensionUpdate" data-pid="7632255" data-uuid="9816bae40d18a323b0f5a09590" data-add-delay="500.0" data-measure-options="{&quot;hasConversionRate&quot;:false,&quot;hasAlternativeSaleUnit&quot;:false,&quot;unitConversionRate&quot;:0,&quot;minOrderQuantity&quot;:1,&quot;stepQuantity&quot;:1,&quot;primaryunit&quot;:&quot;un&quot;,&quot;secondaryunit&quot;:&quot;lt&quot;,&quot;selectedunit&quot;:&quot;primary&quot;,&quot;maxNumberOfUnitsPerSale&quot;:50}" data-price-available="null" :data-has-error="isMaxQtyReached || isMinQtyReached || qtySelectedMoreThanOne">
                    <template v-show="prodUnits">
                    <div class="quantity-input-wrapper has-units">
                    <label class="visually-hidden" :for="'quantity-' + pid + additionalTag">
                    Quantidade no carrinho
                    </label>
                    <input :ref="'quantityInput-' + pid + additionalTag" class="add-to-cart-quantity form-control ct-form-input text-center" inputmode="numeric" :class="{'is-invalid': isInvalid}" :data-pid="pid + additionalTag" :name="'quantity-' + pid + additionalTag" type="text" aria-label="Insira a quantidade" title="" v-model="displayValue" @change="updateQuantity" @focus="updateQtyFormat" @blur="restoreQtyFormat" :disabled="!isPriceAvailable">
                    <span class="quantity-icon quantity-icon--minus">
                    <button class="decrease-quantity-btn" @click="updateQuantity" :disabled="!isPriceAvailable" role="button" aria-label="Reduzir quantidade">
                    <i class="css-math-minus"></i>
                    </button>
                    </span>
                    <span class="quantity-icon quantity-icon--plus">
                    <button class="increase-quantity-btn" @click="updateQuantity" :disabled="isMaxQtyReached || !isPriceAvailable" role="button" aria-label="Aumentar quantidade">
                    <i class="css-math-plus"></i>
                    </button>
                     <span class="quantity-btn-disabled-placeholder"></span>
                    </span>
                    <template v-if="isPDP">
                    <span class="quantity-error ct-span-error text-sm-center product-max-allocation" v-if="isMaxQtyReached">
                    Quantidade máxima atingida
                    </span>
                    <span class="quantity-error ct-span-product text-sm-center product-allocation" v-if="!isMinQtyReached &amp;&amp; !isMaxQtyReached">
                    {{quantitySelected}} no carrinho
                    </span>
                    <span class="quantity-error ct-span-error text-sm-center product-min-allocation" :data-pid="pid" v-if="isMinQtyReached &amp;&amp; !isMaxQtyReached">
                    Quantidade mínima atingida
                    </span>
                    </template>
                    </div>
                    <template v-if="showNotes">
                    <div class="add-note-link-container ">
                    <div class="add-note">
                    <a href="/produto/bebida-vegetal-de-aveia-sabor-a-leite-alpro-7632255.html?showNote=true" class="ct-add-note-redirect-pdp" aria-label="Adicionar comentário">
                    <span class="svg-wrapper svg-icon-notes" style="width:19px; height:20px">
                    <svg class="svg-inline icon-notes" viewBox="0 0 28 30" xmlns="http://www.w3.org/2000/svg" width="100%" height="100%"><path d="M21.738 0C22.985 0 24 1.04 24 2.319V12.47c0 .469-.37.848-.828.848-.457 0-.827-.38-.827-.848V2.32c0-.343-.273-.622-.607-.622H2.262c-.334 0-.607.279-.607.622V27.68c0 .343.273.622.607.622h7.81c.457 0 .827.38.827.849 0 .468-.37.848-.827.848h-7.81C1.015 30 0 28.96 0 27.681V2.32C0 1.04 1.015 0 2.262 0h19.476zm2.844 16.004l.227.007c.823.053 1.589.39 2.176.964.64.627.993 1.46.993 2.349 0 .888-.353 1.722-.993 2.348l-6.83 6.665c-.11.108-.247.186-.397.226l-5.032 1.363c-.078.021-.16.032-.241.032-.242 0-.478-.097-.647-.266-.23-.231-.314-.566-.218-.874l1.49-4.798c.044-.139.122-.266.227-.369l6.844-6.677c.64-.625 1.493-.97 2.401-.97zm-2.886 3.94l-4.922 4.802-.947 3.048 3.22-.872 4.897-4.78-2.248-2.197zm2.887-2.174c-.425 0-.824.162-1.124.455l-.484.472 2.248 2.197.484-.472c.62-.606.62-1.591 0-2.197l-.117-.104c-.283-.227-.636-.35-1.007-.35zm-10.839.022c.498 0 .904.396.904.883 0 .488-.406.884-.904.884H5.946c-.499 0-.904-.396-.904-.884 0-.487.405-.883.904-.883zm5.042-4.876c.498 0 .904.397.904.884s-.406.884-.904.884H5.946c-.499 0-.904-.397-.904-.884s.405-.884.904-.884zm0-4.875c.498 0 .904.396.904.884 0 .487-.406.883-.904.883H5.946c-.499 0-.904-.396-.904-.883 0-.488.405-.884.904-.884z" fill="#EB0203" fill-rule="evenodd"></path></svg>
                    </span>
                    <div class="available-note d-none"></div>
                    </a>
                    </div>
                    </div>
                    </template>
                    <div class="measurement-unit-section" v-if="isPriceAvailable &amp;&amp; prodUnits ? prodUnits.hasAlternativeUnit : false">
                    <div class="ct-form-radio" @click="setDimension">
                    <input type="radio" title="" class="ct-form-check-input product-measurement-unit" :data-type="prodUnits.selectedUnit == prodUnits.secondaryUnit ? 'primary' : ''" :id="prodUnits.secondaryUnit + '-' + pid + '-measurement-unit-ptile' + additionalTag" :name="'measurement-unit-' + pid + '-ptile' + additionalTag" :value="prodUnits.secondaryUnit" v-model="prodUnits.selectedUnit">
                    <label :class="prodUnits.secondaryUnit + '-label ct-form-check-label mb-0'" :for="prodUnits.secondaryUnit + '-' + pid + '-measurement-unit-ptile' + additionalTag">
                    {{prodUnits.secondaryUnit}}
                    </label>
                    <span class="checkmark"></span>
                    </div>
                    <div class="ct-form-radio" @click="setDimension">
                    <input type="radio" title="" class="ct-form-check-input product-measurement-unit" :data-type="prodUnits.selectedUnit == prodUnits.primaryUnit ? 'primary' : ''" :id="prodUnits.primaryUnit + '-' + pid + '-measurement-unit-ptile' + additionalTag" :name="'measurement-unit-' + pid + '-ptile' + additionalTag" :value="prodUnits.primaryUnit" v-model="prodUnits.selectedUnit">
                    <label :class="prodUnits.primaryUnit + '-label ct-form-check-label mb-0'" :for="prodUnits.primaryUnit + '-' + pid + '-measurement-unit-ptile' + additionalTag">
                    {{prodUnits.primaryUnit}}
                    </label>
                    <span class="checkmark"></span>
                    </div>
                    </div>
                    <template v-if="!isPDP &amp;&amp; isPriceAvailable">
                    <span class="quantity-error ct-span-error product-max-allocation" v-if="isMaxQtyReached">
                    Quantidade máxima atingida
                    </span>
                    <span class="quantity-error ct-span-product product-allocation" v-if="!isMinQtyReached &amp;&amp; !isMaxQtyReached">
                    {{quantitySelected}} no carrinho
                    </span>
                    <span class="quantity-error ct-span-error product-min-allocation" :data-pid="pid" v-if="isMinQtyReached &amp;&amp; !isMaxQtyReached">
                    Quantidade mínima atingida
                    </span>
                    </template>
                    </template>
                    </div>
                    <input class="quantity-value-mask d-none" name="quantity" type="number" min="0" value="" tabindex="-1">
                    </div>
                    <button type="button" class="add-to-cart button js-add-to-cart js-add-to-cart-tile 7632255 button--primary dynamic-layout-btn" data-toggle="modal" data-target="#chooseBonusProductModal" data-pid="7632255" data-quantity-value="null" aria-label="Carrinho" tabindex="-1">
                    <span class="d-block d-sm-none">
                    <span class="svg-wrapper svg-icon-cart" style="width:20px; height:20px">
                    <svg class="svg-inline icon-cart" xmlns="http://www.w3.org/2000/svg" viewBox="0 0 500 500" width="100%" height="100%"><path fill="#EB0203" fill-rule="evenodd" d="M 485.67317,94.386311 C 476.37798,83.847129 463.09468,78.03348 448.30404,78.03348 H 90.690813 L 87.079511,51.327997 C 83.185582,22.539551 62.962285,0 41.011841,0 H 14.727836 C 6.563151,0 0,6.5286975 0,14.580758 c 0,8.05206 6.5945535,14.580758 14.727836,14.580758 h 26.284005 c 4.710398,0 14.696435,9.855222 16.894619,26.021523 L 100.01739,368.0631 c 1.88416,13.77244 9.01256,26.70549 20.1605,36.37417 8.25889,7.15046 18.02511,11.9071 28.26237,13.89679 -4.17655,7.58572 -6.53175,16.25957 -6.53175,25.493 0,29.53459 24.27424,53.59751 54.13815,53.59751 29.8325,0 54.13814,-24.03184 54.13814,-53.59751 0,-8.79818 -2.19818,-17.09897 -5.9979,-24.43598 h 77.12488 c -3.79973,7.33701 -5.96652,15.6378 -5.96652,24.43598 0,29.53459 24.27424,53.59751 54.13817,53.59751 29.83249,0 54.13814,-24.03184 54.13814,-53.59751 0,-8.79818 -2.1982,-17.09897 -5.9979,-24.43598 h 38.56243 c 8.13328,0 14.72783,-6.5287 14.72783,-14.61183 0,-8.02098 -6.59455,-14.54967 -14.72783,-14.54967 H 159.24277 c -14.38241,0 -28.13677,-11.90711 -30.02092,-26.02153 l -3.07746,-22.88154 h 290.6314 c 14.03698,0 27.94834,-5.28513 39.06488,-14.95381 11.11652,-9.6376 18.27632,-22.57065 20.16048,-36.37417 l 21.10259,-156.78201 c 1.94694,-14.51858 -2.10398,-28.29103 -11.43057,-38.861299 z M 220.76053,443.82706 c 0,13.49265 -11.08513,24.46709 -24.68247,24.46709 -13.62874,0 -24.71387,-10.97444 -24.71387,-24.46709 0,-13.49262 11.08513,-24.43598 24.71387,-24.43598 13.59734,0 24.68247,10.94336 24.68247,24.43598 z m 173.43675,0 c 0,13.49265 -11.08512,24.46709 -24.68245,24.46709 -13.62876,0 -24.71388,-10.97444 -24.71388,-24.46709 0,-13.49262 11.08512,-24.43598 24.71388,-24.43598 13.59733,0 24.68245,10.94336 24.68245,24.43598 z m 73.7648,-314.46558 -21.13397,156.782 c -1.88416,14.11442 -15.63851,26.05261 -30.02091,26.05261 H 122.25046 L 94.616142,107.19499 H 448.33544 c 6.18632,0 11.61896,2.2695 15.23028,6.37326 3.64269,4.13484 5.21283,9.73086 4.39636,15.79323 z"></path></svg>
                    </span>
                    </span>
                    <span class="add-to-cart--text d-none d-sm-block">Carrinho</span>
                    </button>
                    </div>
                    </div>
                    </div>
                    </div>
                    
                    <div class="col-12 d-sm-none">
                    </div>
                    </div>
                    </div>
                    </div>
                    </div></div></div><svg class="svg-inline icon-arrow-right slick-arrow" xmlns="http://www.w3.org/2000/svg" viewBox="0 0 15 26" width="15" height="26" style=""><path fill="#EB0203" fill-rule="evenodd" d="M1.795.308A1.051 1.051 0 0 0 .308 1.795L11.622 12.99.308 24.205a1.052 1.052 0 0 0-.088 1.388l.088.1a1.048 1.048 0 0 0 1.487 0l11.97-11.866.1-.087c.158-.158.255-.353.291-.557l.004-.017a1.05 1.05 0 0 0-.419-1.037z"></path></svg><ul class="slick-dots" style="" role="tablist"><li class="slick-active" role="presentation"><button type="button" role="tab" id="slick-slide-control00" aria-controls="slick-slide00" aria-label="1 of 3" tabindex="0" aria-selected="true">1</button></li><li role="presentation"><button type="button" role="tab" id="slick-slide-control01" aria-controls="slick-slide04" aria-label="2 of 3" tabindex="-1">2</button></li><li role="presentation"><button type="button" role="tab" id="slick-slide-control02" aria-controls="slick-slide08" aria-label="3 of 3" tabindex="-1">3</button></li></ul></div>
                    </div>
                    </div>
                    <div class="row product-grid no-gutters gtm-list" itemtype="http://schema.org/SomeProducts" itemid="#product" data-gtm-list="Category - Grid">
                    <span class="page-placeholder-0" data-start="0" data-size="36.0" data-srule="best-matches" data-filters="[{&quot;key&quot;:&quot;pmin&quot;,&quot;value&quot;:0.01}]">
                    </span>
                    <div class="col-12 col-sm-3 col-lg-2 productTile" data-idx="1">
                    
                    <script type="text/javascript">//<!--
                    /* <![CDATA[ */
                    (function(){
                    try {
                        if(window.CQuotient) {
                        var cq_params = {};
                        
                        cq_params.cookieId = window.CQuotient.getCQCookieId();
                        cq_params.userId = window.CQuotient.getCQUserId();
                        cq_params.emailId = CQuotient.getCQHashedEmail();
                        cq_params.loginId = CQuotient.getCQHashedLogin();
                        cq_params.accumulate = true;
                        cq_params.products = [{
                            id: '2210946',
                            sku: ''
                        }];
                        cq_params.categoryId = 'laticinios';
                        cq_params.refinements = '[{\"name\":\"priceMin\",\"value\":\"0.01\"},{\"name\":\"priceMax\",\"value\":\"null\"},{\"name\":\"curr\",\"value\":\"EUR\"},{\"name\":\"Category\",\"value\":\"laticinios\"}]';
                        cq_params.personalized = 'false';
                        cq_params.sortingRule = 'FOOD-Laticinios';
                        cq_params.imageUUID = '__UNDEFINED__';
                        cq_params.realm = "BDVS";
                        cq_params.siteId = "continente";
                        cq_params.instanceType = "prd";
                        cq_params.queryLocale = "default";
                        cq_params.locale = window.CQuotient.locale;
                        
                        if(window.CQuotient.sendActivity)
                            window.CQuotient.sendActivity(CQuotient.clientId, 'viewCategory', cq_params);
                        else
                            window.CQuotient.activities.push({
                                activityType: 'viewCategory',
                                parameters: cq_params
                            });
                      }
                    } catch(err) {}
                    })();
                    /* ]]> */
                    // -->
                    </script>
                    <script type="text/javascript">//<!--
                    /* <![CDATA[ (viewCategoryProduct-active_data.js) */
                    (function(){
                    try {
                        if (dw.ac) {
                            var search_params = {};
                            search_params.persd = 'false';
                            search_params.refs = '[{\"name\":\"priceMin\",\"value\":\"0.01\"},{\"name\":\"priceMax\",\"value\":\"null\"},{\"name\":\"curr\",\"value\":\"EUR\"},{\"name\":\"Category\",\"value\":\"laticinios\"}]';
                            search_params.sort = 'FOOD-Laticinios';
                            search_params.imageUUID = '';
                            search_params.searchID = 'ff60679a-0a42-4d90-af85-afdcdfaee427';
                            search_params.locale = 'default';
                            search_params.queryLocale = 'default';
                            search_params.showProducts = 'true';
                            dw.ac.applyContext({category: "laticinios", searchData: search_params});
                            if (typeof dw.ac._scheduleDataSubmission === "function") {
                                dw.ac._scheduleDataSubmission();
                            }
                        }
                    } catch(err) {}
                    })();
                    /* ]]> */
                    // -->
                    </script>
                    <script type="text/javascript">//<!--
                    /* <![CDATA[ (viewProduct-active_data.js) */
                    dw.ac._capture({id: "2210946", type: "searchhit"});
                    /* ]]> */
                    // -->
                    </script>
                    <div class="product" data-pid="2210946">
                    
                    <div class="product-tile pid-2210946 ct-product-tile data-layer-pushed" data-delay-time="3000" data-variants-mapping="[]" data-in-cart-msg="no carrinho" data-one-product-added="Adicionado ao carrinho" data-remove-from-cart-msg="Removido do carrinho" data-stay-open="6000.0" data-product-tile-impression="{&quot;name&quot;:&quot;2210946&quot;,&quot;id&quot;:&quot;2210946&quot;,&quot;price&quot;:0.85,&quot;brand&quot;:&quot;Mimosa&quot;,&quot;category&quot;:[{&quot;category_level_1&quot;:&quot;Laticínios e Ovos&quot;},{&quot;category_level_2&quot;:&quot;Leite&quot;},{&quot;category_level_3&quot;:&quot;Leite Meio Gordo&quot;}],&quot;variant&quot;:&quot;&quot;}">
                    <div class="ct-inner-tile-wrap row no-gutters justify-content-center align-content-start">
                    <div class="ct-product-tile-badge ct-product-tile-badge--promotional">
                    <img class="img-fluid lazyloaded" loading="lazy" data-src="https://www.continente.pt/dw/image/v2/BDVS_PRD/on/demandware.static/-/Sites-continente-Library/default/dwf5980f2e/images/badges/pvpr/col/pvpr.png?sw=60&amp;sh=42" alt="PVP Recomendado: €0,95/un" title="PVP Recomendado: €0,95/un" src="https://www.continente.pt/dw/image/v2/BDVS_PRD/on/demandware.static/-/Sites-continente-Library/default/dwf5980f2e/images/badges/pvpr/col/pvpr.png?sw=60&amp;sh=42">
                    <div class="ct-product-tile-badge-value-wrapper ct-product-tile-badge-value-wrapper--pvpr  ">
                    <span class="ct-product-tile-badge-value--pvpr">
                    10
                    </span>
                    <span class="ct-product-tile-badge-value--pvpr-quantifier ">
                    %
                    </span>
                    </div>
                    </div>
                    
                    <div class="ct-image-container col-4 col-sm" data-confirmation-image="{&quot;url&quot;:&quot;https://www.continente.pt/dw/image/v2/BDVS_PRD/on/demandware.static/-/Sites-col-master-catalog/default/dw75a3fb66/images/col/221/2210946-frente.jpg?sw=87&amp;sh=80&quot;,&quot;fallbackimage&quot;:{&quot;url&quot;:&quot;https://www.continente.pt/dw/image/v2/BDVS_PRD/on/demandware.static/Sites-continente-Site/-/default/dw7c42b4da/images/noimagelarge_product.png?sw=87&amp;sh=80&quot;,&quot;title&quot;:&quot;Leite UHT Meio Gordo&quot;,&quot;alt&quot;:&quot;Leite UHT Meio Gordo&quot;},&quot;title&quot;:&quot;Leite UHT Meio Gordo&quot;,&quot;alt&quot;:&quot;Leite UHT Meio Gordo&quot;}">
                    <a href="https://www.continente.pt/produto/leite-uht-meio-gordo-mimosa-2210946.html?cgid=laticinios">
                    <picture class="intrinsic intrinsic--square">
                    <img class="ct-tile-image lazyloaded" loading="lazy" onerror="this.onerror=null;this.src='/on/demandware.static/Sites-continente-Site/-/default/dw7c42b4da/images/noimagelarge_product.png';" data-src="https://www.continente.pt/dw/image/v2/BDVS_PRD/on/demandware.static/-/Sites-col-master-catalog/default/dw75a3fb66/images/col/221/2210946-frente.jpg?sw=280&amp;sh=280" alt="Leite UHT Meio Gordo" title="Leite UHT Meio Gordo" src="https://www.continente.pt/dw/image/v2/BDVS_PRD/on/demandware.static/-/Sites-col-master-catalog/default/dw75a3fb66/images/col/221/2210946-frente.jpg?sw=280&amp;sh=280">
                    </picture>
                    </a>
                    <div class=" ct-product-tile-badge ct-product-tile-badge--general">
                    <img class="img-fluid ct-tooltip-trigger lazyloaded" loading="lazy" data-src="https://www.continente.pt/dw/image/v2/BDVS_PRD/on/demandware.static/-/Sites-continente-Library/default/dw89ce697f/images/badges/general/col/Icon_Pub.png?sw=25&amp;sh=25" alt="Crachá do produto" title="" data-toggle="tooltip" data-placement="right" data-original-title="Produto Patrocinado" src="https://www.continente.pt/dw/image/v2/BDVS_PRD/on/demandware.static/-/Sites-continente-Library/default/dw89ce697f/images/badges/general/col/Icon_Pub.png?sw=25&amp;sh=25">
                    </div>
                    <div class="color-swatches d-flex" style="margin-left: 5px;">
                    <div class="swatches d-flex">
                    </div>
                    </div>
                    </div>
                    <div class="ct-tile-body col col-sm-auto ">
                    <div class="ct-pdp-details">
                    <div class="ct-pdp-link">
                    <a class="ct-tile--description" href="https://www.continente.pt/produto/leite-uht-meio-gordo-mimosa-2210946.html?cgid=laticinios">Leite UHT Meio Gordo</a>
                    <div class="ct-tile--favorite-top d-sm-none">
                    <button class="wishlist-toggler guest-mode inactive button button--tertiary" data-pid="2210946" data-add-url="https://www.continente.pt/on/demandware.store/Sites-continente-Site/default/Wishlist-AddProduct?pid=2210946" data-toggle="tooltip" aria-label="Adicionar aos favoritos " data-original-title="Adicionar aos favoritos" data-placement="top">
                    <svg class="active-content" width="100%" height="100%" viewBox="0 0 20 22" fill="none" xmlns="http://www.w3.org/2000/svg">
                    <path fill-rule="evenodd" clip-rule="evenodd" d="M0 1.53052C0 0.685236 0.692171 0 1.54601 0H15.0736C15.9274 0 16.6196 0.685235 16.6196 1.53052V13.4064L15.8127 13.922L14.2658 14.2658L12.7189 13.4064L10.6054 14.3818C10.4994 14.2451 10.3327 14.157 10.1452 14.157H6.76329C6.4431 14.157 6.18354 14.414 6.18354 14.731C6.18354 15.0479 6.4431 15.3049 6.76329 15.3049H10.1452C10.2478 15.3049 10.3441 15.2785 10.4277 15.2322L10.3126 16.8439L13.2345 20.2793H1.54601C0.69217 20.2793 0 19.5941 0 18.7488V1.53052ZM6.18354 5.5483C6.18354 5.23132 6.4431 4.97436 6.76329 4.97436H12.3676C12.6878 4.97436 12.9473 5.23132 12.9473 5.5483C12.9473 5.86528 12.6878 6.12224 12.3676 6.12224H6.76329C6.4431 6.12224 6.18354 5.86528 6.18354 5.5483ZM6.76329 11.0961C6.4431 11.0961 6.18354 11.3531 6.18354 11.6701C6.18354 11.987 6.4431 12.244 6.76329 12.244H12.3676C12.6878 12.244 12.9473 11.987 12.9473 11.6701C12.9473 11.3531 12.6878 11.0961 12.3676 11.0961H6.76329ZM6.18354 8.60985C6.18354 8.29287 6.4431 8.03591 6.76329 8.03591H12.3676C12.6878 8.03591 12.9473 8.29287 12.9473 8.60985C12.9473 8.92684 12.6878 9.1838 12.3676 9.1838H6.76329C6.4431 9.1838 6.18354 8.92684 6.18354 8.60985ZM3.67118 5.5483C3.67118 5.23132 3.93075 4.97436 4.25093 4.97436H4.63743C4.95762 4.97436 5.21719 5.23132 5.21719 5.5483C5.21719 5.86528 4.95762 6.12224 4.63743 6.12224H4.25093C3.93075 6.12224 3.67118 5.86528 3.67118 5.5483ZM4.25093 11.0961C3.93075 11.0961 3.67118 11.3531 3.67118 11.6701C3.67118 11.987 3.93075 12.244 4.25093 12.244H4.63743C4.95762 12.244 5.21719 11.987 5.21719 11.6701C5.21719 11.3531 4.95762 11.0961 4.63743 11.0961H4.25093ZM3.67118 8.60985C3.67118 8.29287 3.93075 8.03591 4.25093 8.03591H4.63743C4.95762 8.03591 5.21719 8.29287 5.21719 8.60985C5.21719 8.92684 4.95762 9.1838 4.63743 9.1838H4.25093C3.93075 9.1838 3.67118 8.92684 3.67118 8.60985ZM4.25093 14.157C3.93075 14.157 3.67118 14.414 3.67118 14.731C3.67118 15.0479 3.93075 15.3049 4.25093 15.3049H4.63743C4.95762 15.3049 5.21719 15.0479 5.21719 14.731C5.21719 14.414 4.95762 14.157 4.63743 14.157H4.25093Z" fill="#EB0203"></path>
                    <path fill-rule="evenodd" clip-rule="evenodd" d="M14.6252 13.6363C13.4918 12.6215 11.7817 12.5264 10.6569 13.4792C9.12421 14.7764 9.34841 16.8912 10.4409 18.0122L14.0159 21.6742C14.2197 21.8832 14.4928 22 14.7822 22C15.0737 22 15.3448 21.8852 15.5486 21.6762L19.1236 18.0142C20.214 16.8933 20.4423 14.7785 18.9075 13.4792C17.7827 12.5283 16.0724 12.6217 14.9391 13.6365C14.8855 13.6845 14.8331 13.7345 14.7822 13.7866C14.7313 13.7345 14.6789 13.6843 14.6252 13.6363ZM18.1546 14.3522C19.0973 15.1508 18.9962 16.4896 18.2891 17.2173C18.2888 17.2175 18.2886 17.2177 18.2884 17.218L14.7832 20.8084L11.2753 17.2151C11.2752 17.215 11.2751 17.2149 11.2749 17.2148C10.5677 16.4887 10.4678 15.1495 11.4104 14.3518L11.4108 14.3514C12.0745 13.7892 13.2018 13.82 13.9488 14.5846L14.7822 15.4378L15.6157 14.5846C16.3617 13.8211 17.4896 13.79 18.1545 14.3521" fill="#EB0203"></path>
                    </svg>
                    <svg class="inactive-content" width="100%" height="100%" viewBox="0 0 20 23" fill="none" xmlns="http://www.w3.org/2000/svg">
                    <path fill-rule="evenodd" clip-rule="evenodd" d="M6.18408 5.77914C6.18408 5.46223 6.44363 5.20532 6.7638 5.20532H12.3678C12.6879 5.20532 12.9475 5.46223 12.9475 5.77914C12.9475 6.09606 12.6879 6.35297 12.3678 6.35297H6.7638C6.44363 6.35297 6.18408 6.09606 6.18408 5.77914Z" fill="#EB0203"></path>
                    <path fill-rule="evenodd" clip-rule="evenodd" d="M6.18408 11.9034C6.18408 11.5865 6.44363 11.3296 6.7638 11.3296H12.3678C12.6879 11.3296 12.9475 11.5865 12.9475 11.9034C12.9475 12.2202 12.6879 12.4771 12.3678 12.4771H6.7638C6.44363 12.4771 6.18408 12.2202 6.18408 11.9034Z" fill="#EB0203"></path>
                    <path fill-rule="evenodd" clip-rule="evenodd" d="M6.18408 8.84116C6.18408 8.52424 6.44363 8.26733 6.7638 8.26733H12.3678C12.6879 8.26733 12.9475 8.52424 12.9475 8.84116C12.9475 9.15807 12.6879 9.41498 12.3678 9.41498H6.7638C6.44363 9.41498 6.18408 9.15807 6.18408 8.84116Z" fill="#EB0203"></path>
                    <path fill-rule="evenodd" clip-rule="evenodd" d="M6.18408 14.9655C6.18408 14.6486 6.44363 14.3917 6.7638 14.3917H10.1455C10.4657 14.3917 10.7252 14.6486 10.7252 14.9655C10.7252 15.2825 10.4657 15.5394 10.1455 15.5394H6.7638C6.44363 15.5394 6.18408 15.2825 6.18408 14.9655Z" fill="#EB0203"></path>
                    <path fill-rule="evenodd" clip-rule="evenodd" d="M3.67139 5.77914C3.67139 5.46223 3.93094 5.20532 4.25111 5.20532H4.63759C4.95776 5.20532 5.21731 5.46223 5.21731 5.77914C5.21731 6.09606 4.95776 6.35297 4.63759 6.35297H4.25111C3.93094 6.35297 3.67139 6.09606 3.67139 5.77914Z" fill="#EB0203"></path>
                    <path fill-rule="evenodd" clip-rule="evenodd" d="M3.67139 11.9034C3.67139 11.5865 3.93094 11.3296 4.25111 11.3296H4.63759C4.95776 11.3296 5.21731 11.5865 5.21731 11.9034C5.21731 12.2202 4.95776 12.4771 4.63759 12.4771H4.25111C3.93094 12.4771 3.67139 12.2202 3.67139 11.9034Z" fill="#EB0203"></path>
                    <path fill-rule="evenodd" clip-rule="evenodd" d="M3.67139 8.84116C3.67139 8.52424 3.93094 8.26733 4.25111 8.26733H4.63759C4.95776 8.26733 5.21731 8.52424 5.21731 8.84116C5.21731 9.15807 4.95776 9.41498 4.63759 9.41498H4.25111C3.93094 9.41498 3.67139 9.15807 3.67139 8.84116Z" fill="#EB0203"></path>
                    <path fill-rule="evenodd" clip-rule="evenodd" d="M3.67139 14.9655C3.67139 14.6486 3.93094 14.3917 4.25111 14.3917H4.63759C4.95776 14.3917 5.21731 14.6486 5.21731 14.9655C5.21731 15.2825 4.95776 15.5394 4.63759 15.5394H4.25111C3.93094 15.5394 3.67139 15.2825 3.67139 14.9655Z" fill="#EB0203"></path>
                    <path fill-rule="evenodd" clip-rule="evenodd" d="M0 1.76033C0 0.914738 0.692131 0.229248 1.54592 0.229248H15.0727C15.9265 0.229248 16.6186 0.914738 16.6186 1.76033V11.2818C16.6186 11.5989 16.3591 11.8559 16.0389 11.8559C15.7187 11.8559 15.4592 11.5989 15.4592 11.2818V1.76033C15.4592 1.54893 15.2862 1.37756 15.0727 1.37756H1.54592C1.33247 1.37756 1.15944 1.54893 1.15944 1.76033V18.985C1.15944 19.1964 1.33247 19.3678 1.54592 19.3678H9.27551C9.59568 19.3678 9.85523 19.6249 9.85523 19.942C9.85523 20.2591 9.59568 20.5161 9.27551 20.5161H1.54592C0.692131 20.5161 0 19.8306 0 18.985V1.76033Z" fill="#EB0203"></path>
                    <path fill-rule="evenodd" clip-rule="evenodd" d="M14.6254 13.8718C13.4921 12.8567 11.7821 12.7615 10.6574 13.7147C9.12472 15.0124 9.34891 17.128 10.4413 18.2493L14.0161 21.9126C14.2199 22.1217 14.493 22.2386 14.7824 22.2386C15.0739 22.2386 15.3449 22.1238 15.5487 21.9147L19.1235 18.2514C20.2139 17.13 20.4422 15.0144 18.9075 13.7147C17.7827 12.7634 16.0726 12.8569 14.9392 13.872C14.8856 13.92 14.8333 13.9701 14.7824 14.0222C14.7314 13.97 14.6791 13.9199 14.6254 13.8718ZM18.1546 14.588C19.0972 15.3869 18.9961 16.7262 18.2891 17.4541C18.2888 17.4543 18.2886 17.4546 18.2884 17.4548L14.7834 21.0466L11.2757 17.452C11.2756 17.4519 11.2755 17.4517 11.2753 17.4516C10.5681 16.7252 10.4682 15.3856 11.4108 14.5876L11.4112 14.5872C12.0748 14.0248 13.202 14.0556 13.949 14.8205L14.7824 15.674L15.6158 14.8205C16.3618 14.0567 17.4896 14.0256 18.1545 14.5879" fill="#EB0203"></path>
                    </svg>
                    </button>
                    </div>
                    </div>
                    <p class="ct-tile--brand">Mimosa</p>
                    <p class="ct-tile--quantity">emb. 1 lt</p>
                    </div>
                    <div class="ct-tile-bottom row no-gutters justify-content-between">
                    <div class="ct-price-wrap col-8 col-sm-12">
                    <div class="price js-product-price">
                    <div class="prices-wrapper">
                    <span class="sales ct-tile--price-primary ">
                    <span class="value" content="0.85">
                    <span class="ct-price-formatted">
                    €0,85
                    </span>
                    <span class="ct-m-unit">
                    /un
                    </span>
                    </span>
                    </span>
                    </div>
                    <div class="ct-tile--price-secondary">
                    <span class="ct-price-value">
                    €0,85
                    </span>
                    <span class="ct-m-unit">
                    /lt
                    </span>
                    </div>
                    <p class="ct-discount-amount ct-discount-amount-pvpr">PVP Recomendado: €0,95/un</p>
                    </div>
                    </div>
                    <div class="ct-tile-buy-section d-flex justify-content-center no-gutters col-auto col-sm-12">
                    <div class="col-2 d-sm-flex d-none">
                    <button class="wishlist-toggler guest-mode inactive button button--tertiary" data-pid="2210946" data-add-url="https://www.continente.pt/on/demandware.store/Sites-continente-Site/default/Wishlist-AddProduct?pid=2210946" data-toggle="tooltip" aria-label="Adicionar aos favoritos " data-original-title="Adicionar aos favoritos" data-placement="top">
                    <svg class="active-content" width="100%" height="100%" viewBox="0 0 20 22" fill="none" xmlns="http://www.w3.org/2000/svg">
                    <path fill-rule="evenodd" clip-rule="evenodd" d="M0 1.53052C0 0.685236 0.692171 0 1.54601 0H15.0736C15.9274 0 16.6196 0.685235 16.6196 1.53052V13.4064L15.8127 13.922L14.2658 14.2658L12.7189 13.4064L10.6054 14.3818C10.4994 14.2451 10.3327 14.157 10.1452 14.157H6.76329C6.4431 14.157 6.18354 14.414 6.18354 14.731C6.18354 15.0479 6.4431 15.3049 6.76329 15.3049H10.1452C10.2478 15.3049 10.3441 15.2785 10.4277 15.2322L10.3126 16.8439L13.2345 20.2793H1.54601C0.69217 20.2793 0 19.5941 0 18.7488V1.53052ZM6.18354 5.5483C6.18354 5.23132 6.4431 4.97436 6.76329 4.97436H12.3676C12.6878 4.97436 12.9473 5.23132 12.9473 5.5483C12.9473 5.86528 12.6878 6.12224 12.3676 6.12224H6.76329C6.4431 6.12224 6.18354 5.86528 6.18354 5.5483ZM6.76329 11.0961C6.4431 11.0961 6.18354 11.3531 6.18354 11.6701C6.18354 11.987 6.4431 12.244 6.76329 12.244H12.3676C12.6878 12.244 12.9473 11.987 12.9473 11.6701C12.9473 11.3531 12.6878 11.0961 12.3676 11.0961H6.76329ZM6.18354 8.60985C6.18354 8.29287 6.4431 8.03591 6.76329 8.03591H12.3676C12.6878 8.03591 12.9473 8.29287 12.9473 8.60985C12.9473 8.92684 12.6878 9.1838 12.3676 9.1838H6.76329C6.4431 9.1838 6.18354 8.92684 6.18354 8.60985ZM3.67118 5.5483C3.67118 5.23132 3.93075 4.97436 4.25093 4.97436H4.63743C4.95762 4.97436 5.21719 5.23132 5.21719 5.5483C5.21719 5.86528 4.95762 6.12224 4.63743 6.12224H4.25093C3.93075 6.12224 3.67118 5.86528 3.67118 5.5483ZM4.25093 11.0961C3.93075 11.0961 3.67118 11.3531 3.67118 11.6701C3.67118 11.987 3.93075 12.244 4.25093 12.244H4.63743C4.95762 12.244 5.21719 11.987 5.21719 11.6701C5.21719 11.3531 4.95762 11.0961 4.63743 11.0961H4.25093ZM3.67118 8.60985C3.67118 8.29287 3.93075 8.03591 4.25093 8.03591H4.63743C4.95762 8.03591 5.21719 8.29287 5.21719 8.60985C5.21719 8.92684 4.95762 9.1838 4.63743 9.1838H4.25093C3.93075 9.1838 3.67118 8.92684 3.67118 8.60985ZM4.25093 14.157C3.93075 14.157 3.67118 14.414 3.67118 14.731C3.67118 15.0479 3.93075 15.3049 4.25093 15.3049H4.63743C4.95762 15.3049 5.21719 15.0479 5.21719 14.731C5.21719 14.414 4.95762 14.157 4.63743 14.157H4.25093Z" fill="#EB0203"></path>
                    <path fill-rule="evenodd" clip-rule="evenodd" d="M14.6252 13.6363C13.4918 12.6215 11.7817 12.5264 10.6569 13.4792C9.12421 14.7764 9.34841 16.8912 10.4409 18.0122L14.0159 21.6742C14.2197 21.8832 14.4928 22 14.7822 22C15.0737 22 15.3448 21.8852 15.5486 21.6762L19.1236 18.0142C20.214 16.8933 20.4423 14.7785 18.9075 13.4792C17.7827 12.5283 16.0724 12.6217 14.9391 13.6365C14.8855 13.6845 14.8331 13.7345 14.7822 13.7866C14.7313 13.7345 14.6789 13.6843 14.6252 13.6363ZM18.1546 14.3522C19.0973 15.1508 18.9962 16.4896 18.2891 17.2173C18.2888 17.2175 18.2886 17.2177 18.2884 17.218L14.7832 20.8084L11.2753 17.2151C11.2752 17.215 11.2751 17.2149 11.2749 17.2148C10.5677 16.4887 10.4678 15.1495 11.4104 14.3518L11.4108 14.3514C12.0745 13.7892 13.2018 13.82 13.9488 14.5846L14.7822 15.4378L15.6157 14.5846C16.3617 13.8211 17.4896 13.79 18.1545 14.3521" fill="#EB0203"></path>
                    </svg>
                    <svg class="inactive-content" width="100%" height="100%" viewBox="0 0 20 23" fill="none" xmlns="http://www.w3.org/2000/svg">
                    <path fill-rule="evenodd" clip-rule="evenodd" d="M6.18408 5.77914C6.18408 5.46223 6.44363 5.20532 6.7638 5.20532H12.3678C12.6879 5.20532 12.9475 5.46223 12.9475 5.77914C12.9475 6.09606 12.6879 6.35297 12.3678 6.35297H6.7638C6.44363 6.35297 6.18408 6.09606 6.18408 5.77914Z" fill="#EB0203"></path>
                    <path fill-rule="evenodd" clip-rule="evenodd" d="M6.18408 11.9034C6.18408 11.5865 6.44363 11.3296 6.7638 11.3296H12.3678C12.6879 11.3296 12.9475 11.5865 12.9475 11.9034C12.9475 12.2202 12.6879 12.4771 12.3678 12.4771H6.7638C6.44363 12.4771 6.18408 12.2202 6.18408 11.9034Z" fill="#EB0203"></path>
                    <path fill-rule="evenodd" clip-rule="evenodd" d="M6.18408 8.84116C6.18408 8.52424 6.44363 8.26733 6.7638 8.26733H12.3678C12.6879 8.26733 12.9475 8.52424 12.9475 8.84116C12.9475 9.15807 12.6879 9.41498 12.3678 9.41498H6.7638C6.44363 9.41498 6.18408 9.15807 6.18408 8.84116Z" fill="#EB0203"></path>
                    <path fill-rule="evenodd" clip-rule="evenodd" d="M6.18408 14.9655C6.18408 14.6486 6.44363 14.3917 6.7638 14.3917H10.1455C10.4657 14.3917 10.7252 14.6486 10.7252 14.9655C10.7252 15.2825 10.4657 15.5394 10.1455 15.5394H6.7638C6.44363 15.5394 6.18408 15.2825 6.18408 14.9655Z" fill="#EB0203"></path>
                    <path fill-rule="evenodd" clip-rule="evenodd" d="M3.67139 5.77914C3.67139 5.46223 3.93094 5.20532 4.25111 5.20532H4.63759C4.95776 5.20532 5.21731 5.46223 5.21731 5.77914C5.21731 6.09606 4.95776 6.35297 4.63759 6.35297H4.25111C3.93094 6.35297 3.67139 6.09606 3.67139 5.77914Z" fill="#EB0203"></path>
                    <path fill-rule="evenodd" clip-rule="evenodd" d="M3.67139 11.9034C3.67139 11.5865 3.93094 11.3296 4.25111 11.3296H4.63759C4.95776 11.3296 5.21731 11.5865 5.21731 11.9034C5.21731 12.2202 4.95776 12.4771 4.63759 12.4771H4.25111C3.93094 12.4771 3.67139 12.2202 3.67139 11.9034Z" fill="#EB0203"></path>
                    <path fill-rule="evenodd" clip-rule="evenodd" d="M3.67139 8.84116C3.67139 8.52424 3.93094 8.26733 4.25111 8.26733H4.63759C4.95776 8.26733 5.21731 8.52424 5.21731 8.84116C5.21731 9.15807 4.95776 9.41498 4.63759 9.41498H4.25111C3.93094 9.41498 3.67139 9.15807 3.67139 8.84116Z" fill="#EB0203"></path>
                    <path fill-rule="evenodd" clip-rule="evenodd" d="M3.67139 14.9655C3.67139 14.6486 3.93094 14.3917 4.25111 14.3917H4.63759C4.95776 14.3917 5.21731 14.6486 5.21731 14.9655C5.21731 15.2825 4.95776 15.5394 4.63759 15.5394H4.25111C3.93094 15.5394 3.67139 15.2825 3.67139 14.9655Z" fill="#EB0203"></path>
                    <path fill-rule="evenodd" clip-rule="evenodd" d="M0 1.76033C0 0.914738 0.692131 0.229248 1.54592 0.229248H15.0727C15.9265 0.229248 16.6186 0.914738 16.6186 1.76033V11.2818C16.6186 11.5989 16.3591 11.8559 16.0389 11.8559C15.7187 11.8559 15.4592 11.5989 15.4592 11.2818V1.76033C15.4592 1.54893 15.2862 1.37756 15.0727 1.37756H1.54592C1.33247 1.37756 1.15944 1.54893 1.15944 1.76033V18.985C1.15944 19.1964 1.33247 19.3678 1.54592 19.3678H9.27551C9.59568 19.3678 9.85523 19.6249 9.85523 19.942C9.85523 20.2591 9.59568 20.5161 9.27551 20.5161H1.54592C0.692131 20.5161 0 19.8306 0 18.985V1.76033Z" fill="#EB0203"></path>
                    <path fill-rule="evenodd" clip-rule="evenodd" d="M14.6254 13.8718C13.4921 12.8567 11.7821 12.7615 10.6574 13.7147C9.12472 15.0124 9.34891 17.128 10.4413 18.2493L14.0161 21.9126C14.2199 22.1217 14.493 22.2386 14.7824 22.2386C15.0739 22.2386 15.3449 22.1238 15.5487 21.9147L19.1235 18.2514C20.2139 17.13 20.4422 15.0144 18.9075 13.7147C17.7827 12.7634 16.0726 12.8569 14.9392 13.872C14.8856 13.92 14.8333 13.9701 14.7824 14.0222C14.7314 13.97 14.6791 13.9199 14.6254 13.8718ZM18.1546 14.588C19.0972 15.3869 18.9961 16.7262 18.2891 17.4541C18.2888 17.4543 18.2886 17.4546 18.2884 17.4548L14.7834 21.0466L11.2757 17.452C11.2756 17.4519 11.2755 17.4517 11.2753 17.4516C10.5681 16.7252 10.4682 15.3856 11.4108 14.5876L11.4112 14.5872C12.0748 14.0248 13.202 14.0556 13.949 14.8205L14.7824 15.674L15.6158 14.8205C16.3618 14.0567 17.4896 14.0256 18.1545 14.5879" fill="#EB0203"></path>
                    </svg>
                    </button>
                    </div>
                    <div class="col-sm-10 col-12">
                    <div class="ct-tile-quantity d-none" data-pid="2210946">
                    <input type="hidden" class="add-to-cart-url" value="https://www.continente.pt/on/demandware.store/Sites-continente-Site/default/Cart-AddProduct">
                    <div class="d-none tile-delete-confirmation-btn" data-pid="2210946" data-delay-time="3000" data-in-cart-msg="no carrinho" data-one-product-added="Adicionado ao carrinho" data-remove-from-cart-msg="Removido do carrinho" data-stay-open="6000.0" data-confirmation-image="{&quot;url&quot;:&quot;https://www.continente.pt/dw/image/v2/BDVS_PRD/on/demandware.static/-/Sites-col-master-catalog/default/dw75a3fb66/images/col/221/2210946-frente.jpg?sw=87&amp;sh=80&quot;,&quot;fallbackimage&quot;:{&quot;url&quot;:&quot;https://www.continente.pt/dw/image/v2/BDVS_PRD/on/demandware.static/Sites-continente-Site/-/default/dw7c42b4da/images/noimagelarge_product.png?sw=87&amp;sh=80&quot;,&quot;title&quot;:&quot;Leite UHT Meio Gordo&quot;,&quot;alt&quot;:&quot;Leite UHT Meio Gordo&quot;},&quot;title&quot;:&quot;Leite UHT Meio Gordo&quot;,&quot;alt&quot;:&quot;Leite UHT Meio Gordo&quot;}"></div>
                    <div class="ct-tile-quantity-update quantity-update product-qty-vue" data-remove-action="https://www.continente.pt/on/demandware.store/Sites-continente-Site/default/Cart-RemoveProductLineItem" data-action="https://www.continente.pt/on/demandware.store/Sites-continente-Site/default/Cart-UpdateQuantity" data-dimension-update="https://www.continente.pt/on/demandware.store/Sites-continente-Site/default/Cart-DimensionUpdate" data-pid="2210946" data-uuid="8770f51d03f8f937ef20ca1df5" data-add-delay="500.0" data-measure-options="{&quot;hasConversionRate&quot;:false,&quot;hasAlternativeSaleUnit&quot;:false,&quot;unitConversionRate&quot;:0,&quot;minOrderQuantity&quot;:6,&quot;stepQuantity&quot;:6,&quot;primaryunit&quot;:&quot;un&quot;,&quot;secondaryunit&quot;:&quot;lt&quot;,&quot;selectedunit&quot;:&quot;primary&quot;,&quot;maxNumberOfUnitsPerSale&quot;:54}" data-price-available="null" :data-has-error="isMaxQtyReached || isMinQtyReached || qtySelectedMoreThanOne">
                    <template v-show="prodUnits">
                    <div class="quantity-input-wrapper has-units">
                    <label class="visually-hidden" :for="'quantity-' + pid + additionalTag">
                    Quantidade no carrinho
                    </label>
                    <input :ref="'quantityInput-' + pid + additionalTag" class="add-to-cart-quantity form-control ct-form-input text-center" inputmode="numeric" :class="{'is-invalid': isInvalid}" :data-pid="pid + additionalTag" :name="'quantity-' + pid + additionalTag" type="text" aria-label="Insira a quantidade" title="" v-model="displayValue" @change="updateQuantity" @focus="updateQtyFormat" @blur="restoreQtyFormat" :disabled="!isPriceAvailable">
                    <span class="quantity-icon quantity-icon--minus">
                    <button class="decrease-quantity-btn" @click="updateQuantity" :disabled="!isPriceAvailable" role="button" aria-label="Reduzir quantidade">
                    <i class="css-math-minus"></i>
                    </button>
                    </span>
                    <span class="quantity-icon quantity-icon--plus">
                    <button class="increase-quantity-btn" @click="updateQuantity" :disabled="isMaxQtyReached || !isPriceAvailable" role="button" aria-label="Aumentar quantidade">
                    <i class="css-math-plus"></i>
                    </button>
                    <span class="quantity-btn-disabled-placeholder"></span>
                    </span>
                    <template v-if="isPDP">
                    <span class="quantity-error ct-span-error text-sm-center product-max-allocation" v-if="isMaxQtyReached">
                    Quantidade máxima atingida
                    </span>
                    <span class="quantity-error ct-span-product text-sm-center product-allocation" v-if="!isMinQtyReached &amp;&amp; !isMaxQtyReached">
                    {{quantitySelected}} no carrinho
                    </span>
                    <span class="quantity-error ct-span-error text-sm-center product-min-allocation" :data-pid="pid" v-if="isMinQtyReached &amp;&amp; !isMaxQtyReached">
                    Quantidade mínima atingida
                    </span>
                    </template>
                    </div>
                    <template v-if="showNotes">
                    <div class="add-note-link-container ">
                    <div class="add-note">
                    <a href="/produto/leite-uht-meio-gordo-mimosa-2210946.html?showNote=true" class="ct-add-note-redirect-pdp" aria-label="Adicionar comentário">
                    <span class="svg-wrapper svg-icon-notes" style="width:19px; height:20px">
                    <svg class="svg-inline icon-notes" viewBox="0 0 28 30" xmlns="http://www.w3.org/2000/svg" width="100%" height="100%"><path d="M21.738 0C22.985 0 24 1.04 24 2.319V12.47c0 .469-.37.848-.828.848-.457 0-.827-.38-.827-.848V2.32c0-.343-.273-.622-.607-.622H2.262c-.334 0-.607.279-.607.622V27.68c0 .343.273.622.607.622h7.81c.457 0 .827.38.827.849 0 .468-.37.848-.827.848h-7.81C1.015 30 0 28.96 0 27.681V2.32C0 1.04 1.015 0 2.262 0h19.476zm2.844 16.004l.227.007c.823.053 1.589.39 2.176.964.64.627.993 1.46.993 2.349 0 .888-.353 1.722-.993 2.348l-6.83 6.665c-.11.108-.247.186-.397.226l-5.032 1.363c-.078.021-.16.032-.241.032-.242 0-.478-.097-.647-.266-.23-.231-.314-.566-.218-.874l1.49-4.798c.044-.139.122-.266.227-.369l6.844-6.677c.64-.625 1.493-.97 2.401-.97zm-2.886 3.94l-4.922 4.802-.947 3.048 3.22-.872 4.897-4.78-2.248-2.197zm2.887-2.174c-.425 0-.824.162-1.124.455l-.484.472 2.248 2.197.484-.472c.62-.606.62-1.591 0-2.197l-.117-.104c-.283-.227-.636-.35-1.007-.35zm-10.839.022c.498 0 .904.396.904.883 0 .488-.406.884-.904.884H5.946c-.499 0-.904-.396-.904-.884 0-.487.405-.883.904-.883zm5.042-4.876c.498 0 .904.397.904.884s-.406.884-.904.884H5.946c-.499 0-.904-.397-.904-.884s.405-.884.904-.884zm0-4.875c.498 0 .904.396.904.884 0 .487-.406.883-.904.883H5.946c-.499 0-.904-.396-.904-.883 0-.488.405-.884.904-.884z" fill="#EB0203" fill-rule="evenodd"></path></svg>
                    </span>
                    <div class="available-note d-none"></div>
                    </a>
                    </div>
                    </div>
                    </template>
                    <div class="measurement-unit-section" v-if="isPriceAvailable &amp;&amp; prodUnits ? prodUnits.hasAlternativeUnit : false">
                    <div class="ct-form-radio" @click="setDimension">
                    <input type="radio" title="" class="ct-form-check-input product-measurement-unit" :data-type="prodUnits.selectedUnit == prodUnits.secondaryUnit ? 'primary' : ''" :id="prodUnits.secondaryUnit + '-' + pid + '-measurement-unit-ptile' + additionalTag" :name="'measurement-unit-' + pid + '-ptile' + additionalTag" :value="prodUnits.secondaryUnit" v-model="prodUnits.selectedUnit">
                    <label :class="prodUnits.secondaryUnit + '-label ct-form-check-label mb-0'" :for="prodUnits.secondaryUnit + '-' + pid + '-measurement-unit-ptile' + additionalTag">
                    {{prodUnits.secondaryUnit}}
                    </label>
                    <span class="checkmark"></span>
                    </div>
                    <div class="ct-form-radio" @click="setDimension">
                    <input type="radio" title="" class="ct-form-check-input product-measurement-unit" :data-type="prodUnits.selectedUnit == prodUnits.primaryUnit ? 'primary' : ''" :id="prodUnits.primaryUnit + '-' + pid + '-measurement-unit-ptile' + additionalTag" :name="'measurement-unit-' + pid + '-ptile' + additionalTag" :value="prodUnits.primaryUnit" v-model="prodUnits.selectedUnit">
                    <label :class="prodUnits.primaryUnit + '-label ct-form-check-label mb-0'" :for="prodUnits.primaryUnit + '-' + pid + '-measurement-unit-ptile' + additionalTag">
                    {{prodUnits.primaryUnit}}
                    </label>
                    <span class="checkmark"></span>
                    </div>
                    </div>
                    <template v-if="!isPDP &amp;&amp; isPriceAvailable">
                    <span class="quantity-error ct-span-error product-max-allocation" v-if="isMaxQtyReached">
                    Quantidade máxima atingida
                    </span>
                    <span class="quantity-error ct-span-product product-allocation" v-if="!isMinQtyReached &amp;&amp; !isMaxQtyReached">
                    {{quantitySelected}} no carrinho
                    </span>
                    <span class="quantity-error ct-span-error product-min-allocation" :data-pid="pid" v-if="isMinQtyReached &amp;&amp; !isMaxQtyReached">
                    Quantidade mínima atingida
                    </span>
                    </template>
                    </template>
                    </div>
                    <input class="quantity-value-mask d-none" name="quantity" type="number" min="0" value="">
                    </div>
                    <button type="button" class="add-to-cart button js-add-to-cart js-add-to-cart-tile 2210946 button--primary dynamic-layout-btn" data-toggle="modal" data-target="#chooseBonusProductModal" data-pid="2210946" data-quantity-value="null" aria-label="Carrinho">
                    <span class="d-block d-sm-none">
                    <span class="svg-wrapper svg-icon-cart" style="width:20px; height:20px">
                    <svg class="svg-inline icon-cart" xmlns="http://www.w3.org/2000/svg" viewBox="0 0 500 500" width="100%" height="100%"><path fill="#EB0203" fill-rule="evenodd" d="M 485.67317,94.386311 C 476.37798,83.847129 463.09468,78.03348 448.30404,78.03348 H 90.690813 L 87.079511,51.327997 C 83.185582,22.539551 62.962285,0 41.011841,0 H 14.727836 C 6.563151,0 0,6.5286975 0,14.580758 c 0,8.05206 6.5945535,14.580758 14.727836,14.580758 h 26.284005 c 4.710398,0 14.696435,9.855222 16.894619,26.021523 L 100.01739,368.0631 c 1.88416,13.77244 9.01256,26.70549 20.1605,36.37417 8.25889,7.15046 18.02511,11.9071 28.26237,13.89679 -4.17655,7.58572 -6.53175,16.25957 -6.53175,25.493 0,29.53459 24.27424,53.59751 54.13815,53.59751 29.8325,0 54.13814,-24.03184 54.13814,-53.59751 0,-8.79818 -2.19818,-17.09897 -5.9979,-24.43598 h 77.12488 c -3.79973,7.33701 -5.96652,15.6378 -5.96652,24.43598 0,29.53459 24.27424,53.59751 54.13817,53.59751 29.83249,0 54.13814,-24.03184 54.13814,-53.59751 0,-8.79818 -2.1982,-17.09897 -5.9979,-24.43598 h 38.56243 c 8.13328,0 14.72783,-6.5287 14.72783,-14.61183 0,-8.02098 -6.59455,-14.54967 -14.72783,-14.54967 H 159.24277 c -14.38241,0 -28.13677,-11.90711 -30.02092,-26.02153 l -3.07746,-22.88154 h 290.6314 c 14.03698,0 27.94834,-5.28513 39.06488,-14.95381 11.11652,-9.6376 18.27632,-22.57065 20.16048,-36.37417 l 21.10259,-156.78201 c 1.94694,-14.51858 -2.10398,-28.29103 -11.43057,-38.861299 z M 220.76053,443.82706 c 0,13.49265 -11.08513,24.46709 -24.68247,24.46709 -13.62874,0 -24.71387,-10.97444 -24.71387,-24.46709 0,-13.49262 11.08513,-24.43598 24.71387,-24.43598 13.59734,0 24.68247,10.94336 24.68247,24.43598 z m 173.43675,0 c 0,13.49265 -11.08512,24.46709 -24.68245,24.46709 -13.62876,0 -24.71388,-10.97444 -24.71388,-24.46709 0,-13.49262 11.08512,-24.43598 24.71388,-24.43598 13.59733,0 24.68245,10.94336 24.68245,24.43598 z m 73.7648,-314.46558 -21.13397,156.782 c -1.88416,14.11442 -15.63851,26.05261 -30.02091,26.05261 H 122.25046 L 94.616142,107.19499 H 448.33544 c 6.18632,0 11.61896,2.2695 15.23028,6.37326 3.64269,4.13484 5.21283,9.73086 4.39636,15.79323 z"></path></svg>
                    </span>
                    </span>
                    <span class="add-to-cart--text d-none d-sm-block">Carrinho</span>
                    </button>
                    </div>
                    </div>
                    </div>
                    </div>
                    
                    <div class="col-12 d-sm-none">
                    </div>
                    </div>
                    </div>
                    </div>
                    </div>
                    <div class="col-12 col-sm-3 col-lg-2 productTile" data-idx="2">
                    
                    <script type="text/javascript">//<!--
                    /* <![CDATA[ */
                    (function(){
                    try {
                        if(window.CQuotient) {
                        var cq_params = {};
                        
                        cq_params.cookieId = window.CQuotient.getCQCookieId();
                        cq_params.userId = window.CQuotient.getCQUserId();
                        cq_params.emailId = CQuotient.getCQHashedEmail();
                        cq_params.loginId = CQuotient.getCQHashedLogin();
                        cq_params.accumulate = true;
                        cq_params.products = [{
                            id: '6879912',
                            sku: ''
                        }];
                        cq_params.categoryId = 'laticinios';
                        cq_params.refinements = '[{\"name\":\"priceMin\",\"value\":\"0.01\"},{\"name\":\"priceMax\",\"value\":\"null\"},{\"name\":\"curr\",\"value\":\"EUR\"},{\"name\":\"Category\",\"value\":\"laticinios\"}]';
                        cq_params.personalized = 'false';
                        cq_params.sortingRule = 'FOOD-Laticinios';
                        cq_params.imageUUID = '__UNDEFINED__';
                        cq_params.realm = "BDVS";
                        cq_params.siteId = "continente";
                        cq_params.instanceType = "prd";
                        cq_params.queryLocale = "default";
                        cq_params.locale = window.CQuotient.locale;
                        
                        if(window.CQuotient.sendActivity)
                            window.CQuotient.sendActivity(CQuotient.clientId, 'viewCategory', cq_params);
                        else
                            window.CQuotient.activities.push({
                                activityType: 'viewCategory',
                                parameters: cq_params
                            });
                      }
                    } catch(err) {}
                    })();
                    /* ]]> */
                    // -->
                    </script>
                    <script type="text/javascript">//<!--
                    /* <![CDATA[ (viewCategoryProduct-active_data.js) */
                    (function(){
                    try {
                        if (dw.ac) {
                            var search_params = {};
                            search_params.persd = 'false';
                            search_params.refs = '[{\"name\":\"priceMin\",\"value\":\"0.01\"},{\"name\":\"priceMax\",\"value\":\"null\"},{\"name\":\"curr\",\"value\":\"EUR\"},{\"name\":\"Category\",\"value\":\"laticinios\"}]';
                            search_params.sort = 'FOOD-Laticinios';
                            search_params.imageUUID = '';
                            search_params.searchID = 'ff60679a-0a42-4d90-af85-afdcdfaee427';
                            search_params.locale = 'default';
                            search_params.queryLocale = 'default';
                            search_params.showProducts = 'true';
                            dw.ac.applyContext({category: "laticinios", searchData: search_params});
                            if (typeof dw.ac._scheduleDataSubmission === "function") {
                                dw.ac._scheduleDataSubmission();
                            }
                        }
                    } catch(err) {}
                    })();
                    /* ]]> */
                    // -->
                    </script>
                    <script type="text/javascript">//<!--
                    /* <![CDATA[ (viewProduct-active_data.js) */
                    dw.ac._capture({id: "6879912", type: "searchhit"});
                    /* ]]> */
                    // -->
                    </script>
                    <div class="product" data-pid="6879912">
                    <div class="product-tile pid-6879912 ct-product-tile data-layer-pushed" data-delay-time="3000" data-variants-mapping="[]" data-in-cart-msg="no carrinho" data-one-product-added="Adicionado ao carrinho" data-remove-from-cart-msg="Removido do carrinho" data-stay-open="6000.0" data-product-tile-impression="{&quot;name&quot;:&quot;6879912&quot;,&quot;id&quot;:&quot;6879912&quot;,&quot;price&quot;:0.78,&quot;brand&quot;:&quot;Continente&quot;,&quot;category&quot;:[{&quot;category_level_1&quot;:&quot;Laticínios e Ovos&quot;},{&quot;category_level_2&quot;:&quot;Leite&quot;},{&quot;category_level_3&quot;:&quot;Leite Meio Gordo&quot;}],&quot;variant&quot;:&quot;&quot;}">
                    <div class="ct-inner-tile-wrap row no-gutters justify-content-center align-content-start">
                    
                    <div class="ct-image-container col-4 col-sm" data-confirmation-image="{&quot;url&quot;:&quot;https://www.continente.pt/dw/image/v2/BDVS_PRD/on/demandware.static/-/Sites-col-master-catalog/default/dw909b189a/images/col/687/6879912-hero.jpg?sw=87&amp;sh=80&quot;,&quot;fallbackimage&quot;:{&quot;url&quot;:&quot;https://www.continente.pt/dw/image/v2/BDVS_PRD/on/demandware.static/Sites-continente-Site/-/default/dw7c42b4da/images/noimagelarge_product.png?sw=87&amp;sh=80&quot;,&quot;title&quot;:&quot;Leite UHT Meio Gordo&quot;,&quot;alt&quot;:&quot;Leite UHT Meio Gordo&quot;},&quot;title&quot;:&quot;Leite UHT Meio Gordo&quot;,&quot;alt&quot;:&quot;Leite UHT Meio Gordo&quot;}">
                    <a href="https://www.continente.pt/produto/leite-uht-meio-gordo-continente-6879912.html?cgid=laticinios">
                    <picture class="intrinsic intrinsic--square">
                    <img class="ct-tile-image lazyloaded" loading="lazy" onerror="this.onerror=null;this.src='/on/demandware.static/Sites-continente-Site/-/default/dw7c42b4da/images/noimagelarge_product.png';" data-src="https://www.continente.pt/dw/image/v2/BDVS_PRD/on/demandware.static/-/Sites-col-master-catalog/default/dw909b189a/images/col/687/6879912-hero.jpg?sw=280&amp;sh=280" alt="Leite UHT Meio Gordo" title="Leite UHT Meio Gordo" src="https://www.continente.pt/dw/image/v2/BDVS_PRD/on/demandware.static/-/Sites-col-master-catalog/default/dw909b189a/images/col/687/6879912-hero.jpg?sw=280&amp;sh=280">
                    </picture>
                    </a>
                    <div class=" ct-product-tile-badge ct-product-tile-badge--general">
                    <img class="img-fluid ct-tooltip-trigger lazyloaded" loading="lazy" data-src="https://www.continente.pt/dw/image/v2/BDVS_PRD/on/demandware.static/-/Sites-continente-Library/default/dw62d4c957/images/badges/general/col/madein.png?sw=25&amp;sh=25" alt="Crachá do produto" title="" data-toggle="tooltip" data-placement="right" data-original-title="Produzido em Portugal" src="https://www.continente.pt/dw/image/v2/BDVS_PRD/on/demandware.static/-/Sites-continente-Library/default/dw62d4c957/images/badges/general/col/madein.png?sw=25&amp;sh=25">
                    </div>
                    <div class="color-swatches d-flex" style="margin-left: 5px;">
                    <div class="swatches d-flex">
                    </div>
                    </div>
                    </div>
                    <div class="ct-tile-body col col-sm-auto ">
                    <div class="ct-pdp-details">
                    <div class="ct-pdp-link">
                    <a class="ct-tile--description" href="https://www.continente.pt/produto/leite-uht-meio-gordo-continente-6879912.html?cgid=laticinios">Leite UHT Meio Gordo</a>
                    <div class="ct-tile--favorite-top d-sm-none">
                    <button class="wishlist-toggler guest-mode inactive button button--tertiary" data-pid="6879912" data-add-url="https://www.continente.pt/on/demandware.store/Sites-continente-Site/default/Wishlist-AddProduct?pid=6879912" data-toggle="tooltip" aria-label="Adicionar aos favoritos " data-original-title="Adicionar aos favoritos" data-placement="top">
                    <svg class="active-content" width="100%" height="100%" viewBox="0 0 20 22" fill="none" xmlns="http://www.w3.org/2000/svg">
                    <path fill-rule="evenodd" clip-rule="evenodd" d="M0 1.53052C0 0.685236 0.692171 0 1.54601 0H15.0736C15.9274 0 16.6196 0.685235 16.6196 1.53052V13.4064L15.8127 13.922L14.2658 14.2658L12.7189 13.4064L10.6054 14.3818C10.4994 14.2451 10.3327 14.157 10.1452 14.157H6.76329C6.4431 14.157 6.18354 14.414 6.18354 14.731C6.18354 15.0479 6.4431 15.3049 6.76329 15.3049H10.1452C10.2478 15.3049 10.3441 15.2785 10.4277 15.2322L10.3126 16.8439L13.2345 20.2793H1.54601C0.69217 20.2793 0 19.5941 0 18.7488V1.53052ZM6.18354 5.5483C6.18354 5.23132 6.4431 4.97436 6.76329 4.97436H12.3676C12.6878 4.97436 12.9473 5.23132 12.9473 5.5483C12.9473 5.86528 12.6878 6.12224 12.3676 6.12224H6.76329C6.4431 6.12224 6.18354 5.86528 6.18354 5.5483ZM6.76329 11.0961C6.4431 11.0961 6.18354 11.3531 6.18354 11.6701C6.18354 11.987 6.4431 12.244 6.76329 12.244H12.3676C12.6878 12.244 12.9473 11.987 12.9473 11.6701C12.9473 11.3531 12.6878 11.0961 12.3676 11.0961H6.76329ZM6.18354 8.60985C6.18354 8.29287 6.4431 8.03591 6.76329 8.03591H12.3676C12.6878 8.03591 12.9473 8.29287 12.9473 8.60985C12.9473 8.92684 12.6878 9.1838 12.3676 9.1838H6.76329C6.4431 9.1838 6.18354 8.92684 6.18354 8.60985ZM3.67118 5.5483C3.67118 5.23132 3.93075 4.97436 4.25093 4.97436H4.63743C4.95762 4.97436 5.21719 5.23132 5.21719 5.5483C5.21719 5.86528 4.95762 6.12224 4.63743 6.12224H4.25093C3.93075 6.12224 3.67118 5.86528 3.67118 5.5483ZM4.25093 11.0961C3.93075 11.0961 3.67118 11.3531 3.67118 11.6701C3.67118 11.987 3.93075 12.244 4.25093 12.244H4.63743C4.95762 12.244 5.21719 11.987 5.21719 11.6701C5.21719 11.3531 4.95762 11.0961 4.63743 11.0961H4.25093ZM3.67118 8.60985C3.67118 8.29287 3.93075 8.03591 4.25093 8.03591H4.63743C4.95762 8.03591 5.21719 8.29287 5.21719 8.60985C5.21719 8.92684 4.95762 9.1838 4.63743 9.1838H4.25093C3.93075 9.1838 3.67118 8.92684 3.67118 8.60985ZM4.25093 14.157C3.93075 14.157 3.67118 14.414 3.67118 14.731C3.67118 15.0479 3.93075 15.3049 4.25093 15.3049H4.63743C4.95762 15.3049 5.21719 15.0479 5.21719 14.731C5.21719 14.414 4.95762 14.157 4.63743 14.157H4.25093Z" fill="#EB0203"></path>
                    <path fill-rule="evenodd" clip-rule="evenodd" d="M14.6252 13.6363C13.4918 12.6215 11.7817 12.5264 10.6569 13.4792C9.12421 14.7764 9.34841 16.8912 10.4409 18.0122L14.0159 21.6742C14.2197 21.8832 14.4928 22 14.7822 22C15.0737 22 15.3448 21.8852 15.5486 21.6762L19.1236 18.0142C20.214 16.8933 20.4423 14.7785 18.9075 13.4792C17.7827 12.5283 16.0724 12.6217 14.9391 13.6365C14.8855 13.6845 14.8331 13.7345 14.7822 13.7866C14.7313 13.7345 14.6789 13.6843 14.6252 13.6363ZM18.1546 14.3522C19.0973 15.1508 18.9962 16.4896 18.2891 17.2173C18.2888 17.2175 18.2886 17.2177 18.2884 17.218L14.7832 20.8084L11.2753 17.2151C11.2752 17.215 11.2751 17.2149 11.2749 17.2148C10.5677 16.4887 10.4678 15.1495 11.4104 14.3518L11.4108 14.3514C12.0745 13.7892 13.2018 13.82 13.9488 14.5846L14.7822 15.4378L15.6157 14.5846C16.3617 13.8211 17.4896 13.79 18.1545 14.3521" fill="#EB0203"></path>
                    </svg>
                    <svg class="inactive-content" width="100%" height="100%" viewBox="0 0 20 23" fill="none" xmlns="http://www.w3.org/2000/svg">
                    <path fill-rule="evenodd" clip-rule="evenodd" d="M6.18408 5.77914C6.18408 5.46223 6.44363 5.20532 6.7638 5.20532H12.3678C12.6879 5.20532 12.9475 5.46223 12.9475 5.77914C12.9475 6.09606 12.6879 6.35297 12.3678 6.35297H6.7638C6.44363 6.35297 6.18408 6.09606 6.18408 5.77914Z" fill="#EB0203"></path>
                    <path fill-rule="evenodd" clip-rule="evenodd" d="M6.18408 11.9034C6.18408 11.5865 6.44363 11.3296 6.7638 11.3296H12.3678C12.6879 11.3296 12.9475 11.5865 12.9475 11.9034C12.9475 12.2202 12.6879 12.4771 12.3678 12.4771H6.7638C6.44363 12.4771 6.18408 12.2202 6.18408 11.9034Z" fill="#EB0203"></path>
                    <path fill-rule="evenodd" clip-rule="evenodd" d="M6.18408 8.84116C6.18408 8.52424 6.44363 8.26733 6.7638 8.26733H12.3678C12.6879 8.26733 12.9475 8.52424 12.9475 8.84116C12.9475 9.15807 12.6879 9.41498 12.3678 9.41498H6.7638C6.44363 9.41498 6.18408 9.15807 6.18408 8.84116Z" fill="#EB0203"></path>
                    <path fill-rule="evenodd" clip-rule="evenodd" d="M6.18408 14.9655C6.18408 14.6486 6.44363 14.3917 6.7638 14.3917H10.1455C10.4657 14.3917 10.7252 14.6486 10.7252 14.9655C10.7252 15.2825 10.4657 15.5394 10.1455 15.5394H6.7638C6.44363 15.5394 6.18408 15.2825 6.18408 14.9655Z" fill="#EB0203"></path>
                    <path fill-rule="evenodd" clip-rule="evenodd" d="M3.67139 5.77914C3.67139 5.46223 3.93094 5.20532 4.25111 5.20532H4.63759C4.95776 5.20532 5.21731 5.46223 5.21731 5.77914C5.21731 6.09606 4.95776 6.35297 4.63759 6.35297H4.25111C3.93094 6.35297 3.67139 6.09606 3.67139 5.77914Z" fill="#EB0203"></path>
                    <path fill-rule="evenodd" clip-rule="evenodd" d="M3.67139 11.9034C3.67139 11.5865 3.93094 11.3296 4.25111 11.3296H4.63759C4.95776 11.3296 5.21731 11.5865 5.21731 11.9034C5.21731 12.2202 4.95776 12.4771 4.63759 12.4771H4.25111C3.93094 12.4771 3.67139 12.2202 3.67139 11.9034Z" fill="#EB0203"></path>
                    <path fill-rule="evenodd" clip-rule="evenodd" d="M3.67139 8.84116C3.67139 8.52424 3.93094 8.26733 4.25111 8.26733H4.63759C4.95776 8.26733 5.21731 8.52424 5.21731 8.84116C5.21731 9.15807 4.95776 9.41498 4.63759 9.41498H4.25111C3.93094 9.41498 3.67139 9.15807 3.67139 8.84116Z" fill="#EB0203"></path>
                    <path fill-rule="evenodd" clip-rule="evenodd" d="M3.67139 14.9655C3.67139 14.6486 3.93094 14.3917 4.25111 14.3917H4.63759C4.95776 14.3917 5.21731 14.6486 5.21731 14.9655C5.21731 15.2825 4.95776 15.5394 4.63759 15.5394H4.25111C3.93094 15.5394 3.67139 15.2825 3.67139 14.9655Z" fill="#EB0203"></path>
                    <path fill-rule="evenodd" clip-rule="evenodd" d="M0 1.76033C0 0.914738 0.692131 0.229248 1.54592 0.229248H15.0727C15.9265 0.229248 16.6186 0.914738 16.6186 1.76033V11.2818C16.6186 11.5989 16.3591 11.8559 16.0389 11.8559C15.7187 11.8559 15.4592 11.5989 15.4592 11.2818V1.76033C15.4592 1.54893 15.2862 1.37756 15.0727 1.37756H1.54592C1.33247 1.37756 1.15944 1.54893 1.15944 1.76033V18.985C1.15944 19.1964 1.33247 19.3678 1.54592 19.3678H9.27551C9.59568 19.3678 9.85523 19.6249 9.85523 19.942C9.85523 20.2591 9.59568 20.5161 9.27551 20.5161H1.54592C0.692131 20.5161 0 19.8306 0 18.985V1.76033Z" fill="#EB0203"></path>
                    <path fill-rule="evenodd" clip-rule="evenodd" d="M14.6254 13.8718C13.4921 12.8567 11.7821 12.7615 10.6574 13.7147C9.12472 15.0124 9.34891 17.128 10.4413 18.2493L14.0161 21.9126C14.2199 22.1217 14.493 22.2386 14.7824 22.2386C15.0739 22.2386 15.3449 22.1238 15.5487 21.9147L19.1235 18.2514C20.2139 17.13 20.4422 15.0144 18.9075 13.7147C17.7827 12.7634 16.0726 12.8569 14.9392 13.872C14.8856 13.92 14.8333 13.9701 14.7824 14.0222C14.7314 13.97 14.6791 13.9199 14.6254 13.8718ZM18.1546 14.588C19.0972 15.3869 18.9961 16.7262 18.2891 17.4541C18.2888 17.4543 18.2886 17.4546 18.2884 17.4548L14.7834 21.0466L11.2757 17.452C11.2756 17.4519 11.2755 17.4517 11.2753 17.4516C10.5681 16.7252 10.4682 15.3856 11.4108 14.5876L11.4112 14.5872C12.0748 14.0248 13.202 14.0556 13.949 14.8205L14.7824 15.674L15.6158 14.8205C16.3618 14.0567 17.4896 14.0256 18.1545 14.5879" fill="#EB0203"></path>
                    </svg>
                    </button>
                    </div>
                    </div>
                    <p class="ct-tile--brand">Continente</p>
                    <p class="ct-tile--quantity">emb. 1 lt</p>
                    </div>
                    <div class="ct-tile-bottom row no-gutters justify-content-between">
                    <div class="ct-price-wrap col-8 col-sm-12">
                    <div class="price js-product-price">
                    <div class="prices-wrapper">
                    <span class="sales ct-tile--price-primary ">
                    <span class="value" content="0.78">
                    <span class="ct-price-formatted">
                    €0,78
                    </span>
                    <span class="ct-m-unit">
                    /un
                    </span>
                    </span>
                    </span>
                    </div>
                    <div class="ct-tile--price-secondary">
                    <span class="ct-price-value">
                    €0,78
                    </span>
                    <span class="ct-m-unit">
                    /lt
                    </span>
                    </div>
                    </div>
                    </div>
                    <div class="ct-tile-buy-section d-flex justify-content-center no-gutters col-auto col-sm-12">
                    <div class="col-2 d-sm-flex d-none">
                    <button class="wishlist-toggler guest-mode inactive button button--tertiary" data-pid="6879912" data-add-url="https://www.continente.pt/on/demandware.store/Sites-continente-Site/default/Wishlist-AddProduct?pid=6879912" data-toggle="tooltip" aria-label="Adicionar aos favoritos " data-original-title="Adicionar aos favoritos" data-placement="top">
                    <svg class="active-content" width="100%" height="100%" viewBox="0 0 20 22" fill="none" xmlns="http://www.w3.org/2000/svg">
                    <path fill-rule="evenodd" clip-rule="evenodd" d="M0 1.53052C0 0.685236 0.692171 0 1.54601 0H15.0736C15.9274 0 16.6196 0.685235 16.6196 1.53052V13.4064L15.8127 13.922L14.2658 14.2658L12.7189 13.4064L10.6054 14.3818C10.4994 14.2451 10.3327 14.157 10.1452 14.157H6.76329C6.4431 14.157 6.18354 14.414 6.18354 14.731C6.18354 15.0479 6.4431 15.3049 6.76329 15.3049H10.1452C10.2478 15.3049 10.3441 15.2785 10.4277 15.2322L10.3126 16.8439L13.2345 20.2793H1.54601C0.69217 20.2793 0 19.5941 0 18.7488V1.53052ZM6.18354 5.5483C6.18354 5.23132 6.4431 4.97436 6.76329 4.97436H12.3676C12.6878 4.97436 12.9473 5.23132 12.9473 5.5483C12.9473 5.86528 12.6878 6.12224 12.3676 6.12224H6.76329C6.4431 6.12224 6.18354 5.86528 6.18354 5.5483ZM6.76329 11.0961C6.4431 11.0961 6.18354 11.3531 6.18354 11.6701C6.18354 11.987 6.4431 12.244 6.76329 12.244H12.3676C12.6878 12.244 12.9473 11.987 12.9473 11.6701C12.9473 11.3531 12.6878 11.0961 12.3676 11.0961H6.76329ZM6.18354 8.60985C6.18354 8.29287 6.4431 8.03591 6.76329 8.03591H12.3676C12.6878 8.03591 12.9473 8.29287 12.9473 8.60985C12.9473 8.92684 12.6878 9.1838 12.3676 9.1838H6.76329C6.4431 9.1838 6.18354 8.92684 6.18354 8.60985ZM3.67118 5.5483C3.67118 5.23132 3.93075 4.97436 4.25093 4.97436H4.63743C4.95762 4.97436 5.21719 5.23132 5.21719 5.5483C5.21719 5.86528 4.95762 6.12224 4.63743 6.12224H4.25093C3.93075 6.12224 3.67118 5.86528 3.67118 5.5483ZM4.25093 11.0961C3.93075 11.0961 3.67118 11.3531 3.67118 11.6701C3.67118 11.987 3.93075 12.244 4.25093 12.244H4.63743C4.95762 12.244 5.21719 11.987 5.21719 11.6701C5.21719 11.3531 4.95762 11.0961 4.63743 11.0961H4.25093ZM3.67118 8.60985C3.67118 8.29287 3.93075 8.03591 4.25093 8.03591H4.63743C4.95762 8.03591 5.21719 8.29287 5.21719 8.60985C5.21719 8.92684 4.95762 9.1838 4.63743 9.1838H4.25093C3.93075 9.1838 3.67118 8.92684 3.67118 8.60985ZM4.25093 14.157C3.93075 14.157 3.67118 14.414 3.67118 14.731C3.67118 15.0479 3.93075 15.3049 4.25093 15.3049H4.63743C4.95762 15.3049 5.21719 15.0479 5.21719 14.731C5.21719 14.414 4.95762 14.157 4.63743 14.157H4.25093Z" fill="#EB0203"></path>
                    <path fill-rule="evenodd" clip-rule="evenodd" d="M14.6252 13.6363C13.4918 12.6215 11.7817 12.5264 10.6569 13.4792C9.12421 14.7764 9.34841 16.8912 10.4409 18.0122L14.0159 21.6742C14.2197 21.8832 14.4928 22 14.7822 22C15.0737 22 15.3448 21.8852 15.5486 21.6762L19.1236 18.0142C20.214 16.8933 20.4423 14.7785 18.9075 13.4792C17.7827 12.5283 16.0724 12.6217 14.9391 13.6365C14.8855 13.6845 14.8331 13.7345 14.7822 13.7866C14.7313 13.7345 14.6789 13.6843 14.6252 13.6363ZM18.1546 14.3522C19.0973 15.1508 18.9962 16.4896 18.2891 17.2173C18.2888 17.2175 18.2886 17.2177 18.2884 17.218L14.7832 20.8084L11.2753 17.2151C11.2752 17.215 11.2751 17.2149 11.2749 17.2148C10.5677 16.4887 10.4678 15.1495 11.4104 14.3518L11.4108 14.3514C12.0745 13.7892 13.2018 13.82 13.9488 14.5846L14.7822 15.4378L15.6157 14.5846C16.3617 13.8211 17.4896 13.79 18.1545 14.3521" fill="#EB0203"></path>
                    </svg>
                    <svg class="inactive-content" width="100%" height="100%" viewBox="0 0 20 23" fill="none" xmlns="http://www.w3.org/2000/svg">
                    <path fill-rule="evenodd" clip-rule="evenodd" d="M6.18408 5.77914C6.18408 5.46223 6.44363 5.20532 6.7638 5.20532H12.3678C12.6879 5.20532 12.9475 5.46223 12.9475 5.77914C12.9475 6.09606 12.6879 6.35297 12.3678 6.35297H6.7638C6.44363 6.35297 6.18408 6.09606 6.18408 5.77914Z" fill="#EB0203"></path>
                    <path fill-rule="evenodd" clip-rule="evenodd" d="M6.18408 11.9034C6.18408 11.5865 6.44363 11.3296 6.7638 11.3296H12.3678C12.6879 11.3296 12.9475 11.5865 12.9475 11.9034C12.9475 12.2202 12.6879 12.4771 12.3678 12.4771H6.7638C6.44363 12.4771 6.18408 12.2202 6.18408 11.9034Z" fill="#EB0203"></path>
                    <path fill-rule="evenodd" clip-rule="evenodd" d="M6.18408 8.84116C6.18408 8.52424 6.44363 8.26733 6.7638 8.26733H12.3678C12.6879 8.26733 12.9475 8.52424 12.9475 8.84116C12.9475 9.15807 12.6879 9.41498 12.3678 9.41498H6.7638C6.44363 9.41498 6.18408 9.15807 6.18408 8.84116Z" fill="#EB0203"></path>
                    <path fill-rule="evenodd" clip-rule="evenodd" d="M6.18408 14.9655C6.18408 14.6486 6.44363 14.3917 6.7638 14.3917H10.1455C10.4657 14.3917 10.7252 14.6486 10.7252 14.9655C10.7252 15.2825 10.4657 15.5394 10.1455 15.5394H6.7638C6.44363 15.5394 6.18408 15.2825 6.18408 14.9655Z" fill="#EB0203"></path>
                    <path fill-rule="evenodd" clip-rule="evenodd" d="M3.67139 5.77914C3.67139 5.46223 3.93094 5.20532 4.25111 5.20532H4.63759C4.95776 5.20532 5.21731 5.46223 5.21731 5.77914C5.21731 6.09606 4.95776 6.35297 4.63759 6.35297H4.25111C3.93094 6.35297 3.67139 6.09606 3.67139 5.77914Z" fill="#EB0203"></path>
                    <path fill-rule="evenodd" clip-rule="evenodd" d="M3.67139 11.9034C3.67139 11.5865 3.93094 11.3296 4.25111 11.3296H4.63759C4.95776 11.3296 5.21731 11.5865 5.21731 11.9034C5.21731 12.2202 4.95776 12.4771 4.63759 12.4771H4.25111C3.93094 12.4771 3.67139 12.2202 3.67139 11.9034Z" fill="#EB0203"></path>
                    <path fill-rule="evenodd" clip-rule="evenodd" d="M3.67139 8.84116C3.67139 8.52424 3.93094 8.26733 4.25111 8.26733H4.63759C4.95776 8.26733 5.21731 8.52424 5.21731 8.84116C5.21731 9.15807 4.95776 9.41498 4.63759 9.41498H4.25111C3.93094 9.41498 3.67139 9.15807 3.67139 8.84116Z" fill="#EB0203"></path>
                    <path fill-rule="evenodd" clip-rule="evenodd" d="M3.67139 14.9655C3.67139 14.6486 3.93094 14.3917 4.25111 14.3917H4.63759C4.95776 14.3917 5.21731 14.6486 5.21731 14.9655C5.21731 15.2825 4.95776 15.5394 4.63759 15.5394H4.25111C3.93094 15.5394 3.67139 15.2825 3.67139 14.9655Z" fill="#EB0203"></path>
                    <path fill-rule="evenodd" clip-rule="evenodd" d="M0 1.76033C0 0.914738 0.692131 0.229248 1.54592 0.229248H15.0727C15.9265 0.229248 16.6186 0.914738 16.6186 1.76033V11.2818C16.6186 11.5989 16.3591 11.8559 16.0389 11.8559C15.7187 11.8559 15.4592 11.5989 15.4592 11.2818V1.76033C15.4592 1.54893 15.2862 1.37756 15.0727 1.37756H1.54592C1.33247 1.37756 1.15944 1.54893 1.15944 1.76033V18.985C1.15944 19.1964 1.33247 19.3678 1.54592 19.3678H9.27551C9.59568 19.3678 9.85523 19.6249 9.85523 19.942C9.85523 20.2591 9.59568 20.5161 9.27551 20.5161H1.54592C0.692131 20.5161 0 19.8306 0 18.985V1.76033Z" fill="#EB0203"></path>
                    <path fill-rule="evenodd" clip-rule="evenodd" d="M14.6254 13.8718C13.4921 12.8567 11.7821 12.7615 10.6574 13.7147C9.12472 15.0124 9.34891 17.128 10.4413 18.2493L14.0161 21.9126C14.2199 22.1217 14.493 22.2386 14.7824 22.2386C15.0739 22.2386 15.3449 22.1238 15.5487 21.9147L19.1235 18.2514C20.2139 17.13 20.4422 15.0144 18.9075 13.7147C17.7827 12.7634 16.0726 12.8569 14.9392 13.872C14.8856 13.92 14.8333 13.9701 14.7824 14.0222C14.7314 13.97 14.6791 13.9199 14.6254 13.8718ZM18.1546 14.588C19.0972 15.3869 18.9961 16.7262 18.2891 17.4541C18.2888 17.4543 18.2886 17.4546 18.2884 17.4548L14.7834 21.0466L11.2757 17.452C11.2756 17.4519 11.2755 17.4517 11.2753 17.4516C10.5681 16.7252 10.4682 15.3856 11.4108 14.5876L11.4112 14.5872C12.0748 14.0248 13.202 14.0556 13.949 14.8205L14.7824 15.674L15.6158 14.8205C16.3618 14.0567 17.4896 14.0256 18.1545 14.5879" fill="#EB0203"></path>
                    </svg>
                    </button>
                    </div>
                    <div class="col-sm-10 col-12">
                    <div class="ct-tile-quantity d-none" data-pid="6879912">
                    <input type="hidden" class="add-to-cart-url" value="https://www.continente.pt/on/demandware.store/Sites-continente-Site/default/Cart-AddProduct">
                    <div class="d-none tile-delete-confirmation-btn" data-pid="6879912" data-delay-time="3000" data-in-cart-msg="no carrinho" data-one-product-added="Adicionado ao carrinho" data-remove-from-cart-msg="Removido do carrinho" data-stay-open="6000.0" data-confirmation-image="{&quot;url&quot;:&quot;https://www.continente.pt/dw/image/v2/BDVS_PRD/on/demandware.static/-/Sites-col-master-catalog/default/dw909b189a/images/col/687/6879912-hero.jpg?sw=87&amp;sh=80&quot;,&quot;fallbackimage&quot;:{&quot;url&quot;:&quot;https://www.continente.pt/dw/image/v2/BDVS_PRD/on/demandware.static/Sites-continente-Site/-/default/dw7c42b4da/images/noimagelarge_product.png?sw=87&amp;sh=80&quot;,&quot;title&quot;:&quot;Leite UHT Meio Gordo&quot;,&quot;alt&quot;:&quot;Leite UHT Meio Gordo&quot;},&quot;title&quot;:&quot;Leite UHT Meio Gordo&quot;,&quot;alt&quot;:&quot;Leite UHT Meio Gordo&quot;}"></div>
                    <div class="ct-tile-quantity-update quantity-update product-qty-vue" data-remove-action="https://www.continente.pt/on/demandware.store/Sites-continente-Site/default/Cart-RemoveProductLineItem" data-action="https://www.continente.pt/on/demandware.store/Sites-continente-Site/default/Cart-UpdateQuantity" data-dimension-update="https://www.continente.pt/on/demandware.store/Sites-continente-Site/default/Cart-DimensionUpdate" data-pid="6879912" data-uuid="2d9bf3c61057f54f2671670a20" data-add-delay="500.0" data-measure-options="{&quot;hasConversionRate&quot;:false,&quot;hasAlternativeSaleUnit&quot;:false,&quot;unitConversionRate&quot;:0,&quot;minOrderQuantity&quot;:6,&quot;stepQuantity&quot;:6,&quot;primaryunit&quot;:&quot;un&quot;,&quot;secondaryunit&quot;:&quot;lt&quot;,&quot;selectedunit&quot;:&quot;primary&quot;,&quot;maxNumberOfUnitsPerSale&quot;:54}" data-price-available="null" :data-has-error="isMaxQtyReached || isMinQtyReached || qtySelectedMoreThanOne">
                    <template v-show="prodUnits">
                    <div class="quantity-input-wrapper has-units">
                    <label class="visually-hidden" :for="'quantity-' + pid + additionalTag">
                    Quantidade no carrinho
                    </label>
                    <input :ref="'quantityInput-' + pid + additionalTag" class="add-to-cart-quantity form-control ct-form-input text-center" inputmode="numeric" :class="{'is-invalid': isInvalid}" :data-pid="pid + additionalTag" :name="'quantity-' + pid + additionalTag" type="text" aria-label="Insira a quantidade" title="" v-model="displayValue" @change="updateQuantity" @focus="updateQtyFormat" @blur="restoreQtyFormat" :disabled="!isPriceAvailable">
                    <span class="quantity-icon quantity-icon--minus">
                    <button class="decrease-quantity-btn" @click="updateQuantity" :disabled="!isPriceAvailable" role="button" aria-label="Reduzir quantidade">
                    <i class="css-math-minus"></i>
                    </button>
                    </span>
                    <span class="quantity-icon quantity-icon--plus">
                    <button class="increase-quantity-btn" @click="updateQuantity" :disabled="isMaxQtyReached || !isPriceAvailable" role="button" aria-label="Aumentar quantidade">
                    <i class="css-math-plus"></i>
                    </button>
                    <span class="quantity-btn-disabled-placeholder"></span>
                    </span>
                    <template v-if="isPDP">
                    <span class="quantity-error ct-span-error text-sm-center product-max-allocation" v-if="isMaxQtyReached">
                    Quantidade máxima atingida
                    </span>
                    <span class="quantity-error ct-span-product text-sm-center product-allocation" v-if="!isMinQtyReached &amp;&amp; !isMaxQtyReached">
                    {{quantitySelected}} no carrinho
                    </span>
                    <span class="quantity-error ct-span-error text-sm-center product-min-allocation" :data-pid="pid" v-if="isMinQtyReached &amp;&amp; !isMaxQtyReached">
                    Quantidade mínima atingida
                    </span>
                    </template>
                    </div>
                    <template v-if="showNotes">
                    <div class="add-note-link-container ">
                    <div class="add-note">
                    <a href="/produto/leite-uht-meio-gordo-continente-6879912.html?showNote=true" class="ct-add-note-redirect-pdp" aria-label="Adicionar comentário">
                    <span class="svg-wrapper svg-icon-notes" style="width:19px; height:20px">
                    <svg class="svg-inline icon-notes" viewBox="0 0 28 30" xmlns="http://www.w3.org/2000/svg" width="100%" height="100%"><path d="M21.738 0C22.985 0 24 1.04 24 2.319V12.47c0 .469-.37.848-.828.848-.457 0-.827-.38-.827-.848V2.32c0-.343-.273-.622-.607-.622H2.262c-.334 0-.607.279-.607.622V27.68c0 .343.273.622.607.622h7.81c.457 0 .827.38.827.849 0 .468-.37.848-.827.848h-7.81C1.015 30 0 28.96 0 27.681V2.32C0 1.04 1.015 0 2.262 0h19.476zm2.844 16.004l.227.007c.823.053 1.589.39 2.176.964.64.627.993 1.46.993 2.349 0 .888-.353 1.722-.993 2.348l-6.83 6.665c-.11.108-.247.186-.397.226l-5.032 1.363c-.078.021-.16.032-.241.032-.242 0-.478-.097-.647-.266-.23-.231-.314-.566-.218-.874l1.49-4.798c.044-.139.122-.266.227-.369l6.844-6.677c.64-.625 1.493-.97 2.401-.97zm-2.886 3.94l-4.922 4.802-.947 3.048 3.22-.872 4.897-4.78-2.248-2.197zm2.887-2.174c-.425 0-.824.162-1.124.455l-.484.472 2.248 2.197.484-.472c.62-.606.62-1.591 0-2.197l-.117-.104c-.283-.227-.636-.35-1.007-.35zm-10.839.022c.498 0 .904.396.904.883 0 .488-.406.884-.904.884H5.946c-.499 0-.904-.396-.904-.884 0-.487.405-.883.904-.883zm5.042-4.876c.498 0 .904.397.904.884s-.406.884-.904.884H5.946c-.499 0-.904-.397-.904-.884s.405-.884.904-.884zm0-4.875c.498 0 .904.396.904.884 0 .487-.406.883-.904.883H5.946c-.499 0-.904-.396-.904-.883 0-.488.405-.884.904-.884z" fill="#EB0203" fill-rule="evenodd"></path></svg>
                    </span>
                    <div class="available-note d-none"></div>
                    </a>
                    </div>
                    </div>
                    </template>
                    <div class="measurement-unit-section" v-if="isPriceAvailable &amp;&amp; prodUnits ? prodUnits.hasAlternativeUnit : false">
                    <div class="ct-form-radio" @click="setDimension">
                    <input type="radio" title="" class="ct-form-check-input product-measurement-unit" :data-type="prodUnits.selectedUnit == prodUnits.secondaryUnit ? 'primary' : ''" :id="prodUnits.secondaryUnit + '-' + pid + '-measurement-unit-ptile' + additionalTag" :name="'measurement-unit-' + pid + '-ptile' + additionalTag" :value="prodUnits.secondaryUnit" v-model="prodUnits.selectedUnit">
                    <label :class="prodUnits.secondaryUnit + '-label ct-form-check-label mb-0'" :for="prodUnits.secondaryUnit + '-' + pid + '-measurement-unit-ptile' + additionalTag">
                    {{prodUnits.secondaryUnit}}
                    </label>
                    <span class="checkmark"></span>
                    </div>
                    <div class="ct-form-radio" @click="setDimension">
                    <input type="radio" title="" class="ct-form-check-input product-measurement-unit" :data-type="prodUnits.selectedUnit == prodUnits.primaryUnit ? 'primary' : ''" :id="prodUnits.primaryUnit + '-' + pid + '-measurement-unit-ptile' + additionalTag" :name="'measurement-unit-' + pid + '-ptile' + additionalTag" :value="prodUnits.primaryUnit" v-model="prodUnits.selectedUnit">
                    <label :class="prodUnits.primaryUnit + '-label ct-form-check-label mb-0'" :for="prodUnits.primaryUnit + '-' + pid + '-measurement-unit-ptile' + additionalTag">
                    {{prodUnits.primaryUnit}}
                    </label>
                    <span class="checkmark"></span>
                    </div>
                    </div>
                    <template v-if="!isPDP &amp;&amp; isPriceAvailable">
                    <span class="quantity-error ct-span-error product-max-allocation" v-if="isMaxQtyReached">
                    Quantidade máxima atingida
                    </span>
                    <span class="quantity-error ct-span-product product-allocation" v-if="!isMinQtyReached &amp;&amp; !isMaxQtyReached">
                    {{quantitySelected}} no carrinho
                    </span>
                    <span class="quantity-error ct-span-error product-min-allocation" :data-pid="pid" v-if="isMinQtyReached &amp;&amp; !isMaxQtyReached">
                    Quantidade mínima atingida
                    </span>
                    </template>
                    </template>
                    </div>
                    <input class="quantity-value-mask d-none" name="quantity" type="number" min="0" value="">
                    </div>
                    <button type="button" class="add-to-cart button js-add-to-cart js-add-to-cart-tile 6879912 button--primary dynamic-layout-btn" data-toggle="modal" data-target="#chooseBonusProductModal" data-pid="6879912" data-quantity-value="null" aria-label="Carrinho">
                    <span class="d-block d-sm-none">
                    <span class="svg-wrapper svg-icon-cart" style="width:20px; height:20px">
                    <svg class="svg-inline icon-cart" xmlns="http://www.w3.org/2000/svg" viewBox="0 0 500 500" width="100%" height="100%"><path fill="#EB0203" fill-rule="evenodd" d="M 485.67317,94.386311 C 476.37798,83.847129 463.09468,78.03348 448.30404,78.03348 H 90.690813 L 87.079511,51.327997 C 83.185582,22.539551 62.962285,0 41.011841,0 H 14.727836 C 6.563151,0 0,6.5286975 0,14.580758 c 0,8.05206 6.5945535,14.580758 14.727836,14.580758 h 26.284005 c 4.710398,0 14.696435,9.855222 16.894619,26.021523 L 100.01739,368.0631 c 1.88416,13.77244 9.01256,26.70549 20.1605,36.37417 8.25889,7.15046 18.02511,11.9071 28.26237,13.89679 -4.17655,7.58572 -6.53175,16.25957 -6.53175,25.493 0,29.53459 24.27424,53.59751 54.13815,53.59751 29.8325,0 54.13814,-24.03184 54.13814,-53.59751 0,-8.79818 -2.19818,-17.09897 -5.9979,-24.43598 h 77.12488 c -3.79973,7.33701 -5.96652,15.6378 -5.96652,24.43598 0,29.53459 24.27424,53.59751 54.13817,53.59751 29.83249,0 54.13814,-24.03184 54.13814,-53.59751 0,-8.79818 -2.1982,-17.09897 -5.9979,-24.43598 h 38.56243 c 8.13328,0 14.72783,-6.5287 14.72783,-14.61183 0,-8.02098 -6.59455,-14.54967 -14.72783,-14.54967 H 159.24277 c -14.38241,0 -28.13677,-11.90711 -30.02092,-26.02153 l -3.07746,-22.88154 h 290.6314 c 14.03698,0 27.94834,-5.28513 39.06488,-14.95381 11.11652,-9.6376 18.27632,-22.57065 20.16048,-36.37417 l 21.10259,-156.78201 c 1.94694,-14.51858 -2.10398,-28.29103 -11.43057,-38.861299 z M 220.76053,443.82706 c 0,13.49265 -11.08513,24.46709 -24.68247,24.46709 -13.62874,0 -24.71387,-10.97444 -24.71387,-24.46709 0,-13.49262 11.08513,-24.43598 24.71387,-24.43598 13.59734,0 24.68247,10.94336 24.68247,24.43598 z m 173.43675,0 c 0,13.49265 -11.08512,24.46709 -24.68245,24.46709 -13.62876,0 -24.71388,-10.97444 -24.71388,-24.46709 0,-13.49262 11.08512,-24.43598 24.71388,-24.43598 13.59733,0 24.68245,10.94336 24.68245,24.43598 z m 73.7648,-314.46558 -21.13397,156.782 c -1.88416,14.11442 -15.63851,26.05261 -30.02091,26.05261 H 122.25046 L 94.616142,107.19499 H 448.33544 c 6.18632,0 11.61896,2.2695 15.23028,6.37326 3.64269,4.13484 5.21283,9.73086 4.39636,15.79323 z"></path></svg>
                    </span>
                    </span>
                    <span class="add-to-cart--text d-none d-sm-block">Carrinho</span>
                    </button>
                    </div>
                    </div>
                    </div>
                    </div>
                    
                    <div class="col-12 d-sm-none">
                    </div>
                    </div>
                    </div>
                    </div>
                    </div>
                    <div class="col-12 col-sm-3 col-lg-2 productTile" data-idx="3">
                    
                    <script type="text/javascript">//<!--
                    /* <![CDATA[ */
                    (function(){
                    try {
                        if(window.CQuotient) {
                        var cq_params = {};
                        
                        cq_params.cookieId = window.CQuotient.getCQCookieId();
                        cq_params.userId = window.CQuotient.getCQUserId();
                        cq_params.emailId = CQuotient.getCQHashedEmail();
                        cq_params.loginId = CQuotient.getCQHashedLogin();
                        cq_params.accumulate = true;
                        cq_params.products = [{
                            id: '4064882',
                            sku: ''
                        }];
                        cq_params.categoryId = 'laticinios';
                        cq_params.refinements = '[{\"name\":\"priceMin\",\"value\":\"0.01\"},{\"name\":\"priceMax\",\"value\":\"null\"},{\"name\":\"curr\",\"value\":\"EUR\"},{\"name\":\"Category\",\"value\":\"laticinios\"}]';
                        cq_params.personalized = 'false';
                        cq_params.sortingRule = 'FOOD-Laticinios';
                        cq_params.imageUUID = '__UNDEFINED__';
                        cq_params.realm = "BDVS";
                        cq_params.siteId = "continente";
                        cq_params.instanceType = "prd";
                        cq_params.queryLocale = "default";
                        cq_params.locale = window.CQuotient.locale;
                        
                        if(window.CQuotient.sendActivity)
                            window.CQuotient.sendActivity(CQuotient.clientId, 'viewCategory', cq_params);
                        else
                            window.CQuotient.activities.push({
                                activityType: 'viewCategory',
                                parameters: cq_params
                            });
                      }
                    } catch(err) {}
                    })();
                    /* ]]> */
                    // -->
                    </script>
                    <script type="text/javascript">//<!--
                    /* <![CDATA[ (viewCategoryProduct-active_data.js) */
                    (function(){
                    try {
                        if (dw.ac) {
                            var search_params = {};
                            search_params.persd = 'false';
                            search_params.refs = '[{\"name\":\"priceMin\",\"value\":\"0.01\"},{\"name\":\"priceMax\",\"value\":\"null\"},{\"name\":\"curr\",\"value\":\"EUR\"},{\"name\":\"Category\",\"value\":\"laticinios\"}]';
                            search_params.sort = 'FOOD-Laticinios';
                            search_params.imageUUID = '';
                            search_params.searchID = 'ff60679a-0a42-4d90-af85-afdcdfaee427';
                            search_params.locale = 'default';
                            search_params.queryLocale = 'default';
                            search_params.showProducts = 'true';
                            dw.ac.applyContext({category: "laticinios", searchData: search_params});
                            if (typeof dw.ac._scheduleDataSubmission === "function") {
                                dw.ac._scheduleDataSubmission();
                            }
                        }
                    } catch(err) {}
                    })();
                    /* ]]> */
                    // -->
                    </script>
                    <script type="text/javascript">//<!--
                    /* <![CDATA[ (viewProduct-active_data.js) */
                    dw.ac._capture({id: "4064882", type: "searchhit"});
                    /* ]]> */
                    // -->
                    </script>
                    <div class="product" data-pid="4064882">
                    <div class="product-tile pid-4064882 ct-product-tile data-layer-pushed" data-delay-time="3000" data-variants-mapping="[]" data-in-cart-msg="no carrinho" data-one-product-added="Adicionado ao carrinho" data-remove-from-cart-msg="Removido do carrinho" data-stay-open="6000.0" data-product-tile-impression="{&quot;name&quot;:&quot;4064882&quot;,&quot;id&quot;:&quot;4064882&quot;,&quot;price&quot;:1.29,&quot;brand&quot;:&quot;Mimosa&quot;,&quot;category&quot;:[{&quot;category_level_1&quot;:&quot;Laticínios e Ovos&quot;},{&quot;category_level_2&quot;:&quot;Leite&quot;},{&quot;category_level_3&quot;:&quot;Leite sem Lactose&quot;}],&quot;variant&quot;:&quot;&quot;}">
                    <div class="ct-inner-tile-wrap row no-gutters justify-content-center align-content-start">
                    
                    <div class="ct-image-container col-4 col-sm" data-confirmation-image="{&quot;url&quot;:&quot;https://www.continente.pt/dw/image/v2/BDVS_PRD/on/demandware.static/-/Sites-col-master-catalog/default/dw0a8a0a60/images/col/406/4064882-frente.jpg?sw=87&amp;sh=80&quot;,&quot;fallbackimage&quot;:{&quot;url&quot;:&quot;https://www.continente.pt/dw/image/v2/BDVS_PRD/on/demandware.static/Sites-continente-Site/-/default/dw7c42b4da/images/noimagelarge_product.png?sw=87&amp;sh=80&quot;,&quot;title&quot;:&quot;Leite UHT Meio Gordo sem Lactose&quot;,&quot;alt&quot;:&quot;Leite UHT Meio Gordo sem Lactose&quot;},&quot;title&quot;:&quot;Leite UHT Meio Gordo sem Lactose&quot;,&quot;alt&quot;:&quot;Leite UHT Meio Gordo sem Lactose&quot;}">
                    <a href="https://www.continente.pt/produto/leite-uht-meio-gordo-sem-lactose-mimosa-4064882.html?cgid=laticinios">
                    <picture class="intrinsic intrinsic--square">
                    <img class="ct-tile-image lazyloaded" loading="lazy" onerror="this.onerror=null;this.src='/on/demandware.static/Sites-continente-Site/-/default/dw7c42b4da/images/noimagelarge_product.png';" data-src="https://www.continente.pt/dw/image/v2/BDVS_PRD/on/demandware.static/-/Sites-col-master-catalog/default/dw0a8a0a60/images/col/406/4064882-frente.jpg?sw=280&amp;sh=280" alt="Leite UHT Meio Gordo sem Lactose" title="Leite UHT Meio Gordo sem Lactose" src="https://www.continente.pt/dw/image/v2/BDVS_PRD/on/demandware.static/-/Sites-col-master-catalog/default/dw0a8a0a60/images/col/406/4064882-frente.jpg?sw=280&amp;sh=280">
                    </picture>
                    </a>
                    <div class=" ct-product-tile-badge ct-product-tile-badge--general">
                    <img class="img-fluid ct-tooltip-trigger lazyloaded" loading="lazy" data-src="https://www.continente.pt/dw/image/v2/BDVS_PRD/on/demandware.static/-/Sites-continente-Library/default/dw89ce697f/images/badges/general/col/Icon_Pub.png?sw=25&amp;sh=25" alt="Crachá do produto" title="" data-toggle="tooltip" data-placement="right" data-original-title="Produto Patrocinado" src="https://www.continente.pt/dw/image/v2/BDVS_PRD/on/demandware.static/-/Sites-continente-Library/default/dw89ce697f/images/badges/general/col/Icon_Pub.png?sw=25&amp;sh=25">
                    </div>
                    
                    <div class="color-swatches d-flex" style="margin-left: 5px;">
                    <div class="swatches d-flex">
                    </div>
                    </div>
                    </div>
                    <div class="ct-tile-body col col-sm-auto ">
                    <div class="ct-pdp-details">
                    <div class="ct-pdp-link">
                    <a class="ct-tile--description" href="https://www.continente.pt/produto/leite-uht-meio-gordo-sem-lactose-mimosa-4064882.html?cgid=laticinios">Leite UHT Meio Gordo sem Lactose</a>
                    <div class="ct-tile--favorite-top d-sm-none">
                    <button class="wishlist-toggler guest-mode inactive button button--tertiary" data-pid="4064882" data-add-url="https://www.continente.pt/on/demandware.store/Sites-continente-Site/default/Wishlist-AddProduct?pid=4064882" data-toggle="tooltip" aria-label="Adicionar aos favoritos " data-original-title="Adicionar aos favoritos" data-placement="top">
                    <svg class="active-content" width="100%" height="100%" viewBox="0 0 20 22" fill="none" xmlns="http://www.w3.org/2000/svg">
                    <path fill-rule="evenodd" clip-rule="evenodd" d="M0 1.53052C0 0.685236 0.692171 0 1.54601 0H15.0736C15.9274 0 16.6196 0.685235 16.6196 1.53052V13.4064L15.8127 13.922L14.2658 14.2658L12.7189 13.4064L10.6054 14.3818C10.4994 14.2451 10.3327 14.157 10.1452 14.157H6.76329C6.4431 14.157 6.18354 14.414 6.18354 14.731C6.18354 15.0479 6.4431 15.3049 6.76329 15.3049H10.1452C10.2478 15.3049 10.3441 15.2785 10.4277 15.2322L10.3126 16.8439L13.2345 20.2793H1.54601C0.69217 20.2793 0 19.5941 0 18.7488V1.53052ZM6.18354 5.5483C6.18354 5.23132 6.4431 4.97436 6.76329 4.97436H12.3676C12.6878 4.97436 12.9473 5.23132 12.9473 5.5483C12.9473 5.86528 12.6878 6.12224 12.3676 6.12224H6.76329C6.4431 6.12224 6.18354 5.86528 6.18354 5.5483ZM6.76329 11.0961C6.4431 11.0961 6.18354 11.3531 6.18354 11.6701C6.18354 11.987 6.4431 12.244 6.76329 12.244H12.3676C12.6878 12.244 12.9473 11.987 12.9473 11.6701C12.9473 11.3531 12.6878 11.0961 12.3676 11.0961H6.76329ZM6.18354 8.60985C6.18354 8.29287 6.4431 8.03591 6.76329 8.03591H12.3676C12.6878 8.03591 12.9473 8.29287 12.9473 8.60985C12.9473 8.92684 12.6878 9.1838 12.3676 9.1838H6.76329C6.4431 9.1838 6.18354 8.92684 6.18354 8.60985ZM3.67118 5.5483C3.67118 5.23132 3.93075 4.97436 4.25093 4.97436H4.63743C4.95762 4.97436 5.21719 5.23132 5.21719 5.5483C5.21719 5.86528 4.95762 6.12224 4.63743 6.12224H4.25093C3.93075 6.12224 3.67118 5.86528 3.67118 5.5483ZM4.25093 11.0961C3.93075 11.0961 3.67118 11.3531 3.67118 11.6701C3.67118 11.987 3.93075 12.244 4.25093 12.244H4.63743C4.95762 12.244 5.21719 11.987 5.21719 11.6701C5.21719 11.3531 4.95762 11.0961 4.63743 11.0961H4.25093ZM3.67118 8.60985C3.67118 8.29287 3.93075 8.03591 4.25093 8.03591H4.63743C4.95762 8.03591 5.21719 8.29287 5.21719 8.60985C5.21719 8.92684 4.95762 9.1838 4.63743 9.1838H4.25093C3.93075 9.1838 3.67118 8.92684 3.67118 8.60985ZM4.25093 14.157C3.93075 14.157 3.67118 14.414 3.67118 14.731C3.67118 15.0479 3.93075 15.3049 4.25093 15.3049H4.63743C4.95762 15.3049 5.21719 15.0479 5.21719 14.731C5.21719 14.414 4.95762 14.157 4.63743 14.157H4.25093Z" fill="#EB0203"></path>
                    <path fill-rule="evenodd" clip-rule="evenodd" d="M14.6252 13.6363C13.4918 12.6215 11.7817 12.5264 10.6569 13.4792C9.12421 14.7764 9.34841 16.8912 10.4409 18.0122L14.0159 21.6742C14.2197 21.8832 14.4928 22 14.7822 22C15.0737 22 15.3448 21.8852 15.5486 21.6762L19.1236 18.0142C20.214 16.8933 20.4423 14.7785 18.9075 13.4792C17.7827 12.5283 16.0724 12.6217 14.9391 13.6365C14.8855 13.6845 14.8331 13.7345 14.7822 13.7866C14.7313 13.7345 14.6789 13.6843 14.6252 13.6363ZM18.1546 14.3522C19.0973 15.1508 18.9962 16.4896 18.2891 17.2173C18.2888 17.2175 18.2886 17.2177 18.2884 17.218L14.7832 20.8084L11.2753 17.2151C11.2752 17.215 11.2751 17.2149 11.2749 17.2148C10.5677 16.4887 10.4678 15.1495 11.4104 14.3518L11.4108 14.3514C12.0745 13.7892 13.2018 13.82 13.9488 14.5846L14.7822 15.4378L15.6157 14.5846C16.3617 13.8211 17.4896 13.79 18.1545 14.3521" fill="#EB0203"></path>
                    </svg>
                    <svg class="inactive-content" width="100%" height="100%" viewBox="0 0 20 23" fill="none" xmlns="http://www.w3.org/2000/svg">
                    <path fill-rule="evenodd" clip-rule="evenodd" d="M6.18408 5.77914C6.18408 5.46223 6.44363 5.20532 6.7638 5.20532H12.3678C12.6879 5.20532 12.9475 5.46223 12.9475 5.77914C12.9475 6.09606 12.6879 6.35297 12.3678 6.35297H6.7638C6.44363 6.35297 6.18408 6.09606 6.18408 5.77914Z" fill="#EB0203"></path>
                    <path fill-rule="evenodd" clip-rule="evenodd" d="M6.18408 11.9034C6.18408 11.5865 6.44363 11.3296 6.7638 11.3296H12.3678C12.6879 11.3296 12.9475 11.5865 12.9475 11.9034C12.9475 12.2202 12.6879 12.4771 12.3678 12.4771H6.7638C6.44363 12.4771 6.18408 12.2202 6.18408 11.9034Z" fill="#EB0203"></path>
                    <path fill-rule="evenodd" clip-rule="evenodd" d="M6.18408 8.84116C6.18408 8.52424 6.44363 8.26733 6.7638 8.26733H12.3678C12.6879 8.26733 12.9475 8.52424 12.9475 8.84116C12.9475 9.15807 12.6879 9.41498 12.3678 9.41498H6.7638C6.44363 9.41498 6.18408 9.15807 6.18408 8.84116Z" fill="#EB0203"></path>
                    <path fill-rule="evenodd" clip-rule="evenodd" d="M6.18408 14.9655C6.18408 14.6486 6.44363 14.3917 6.7638 14.3917H10.1455C10.4657 14.3917 10.7252 14.6486 10.7252 14.9655C10.7252 15.2825 10.4657 15.5394 10.1455 15.5394H6.7638C6.44363 15.5394 6.18408 15.2825 6.18408 14.9655Z" fill="#EB0203"></path>
                    <path fill-rule="evenodd" clip-rule="evenodd" d="M3.67139 5.77914C3.67139 5.46223 3.93094 5.20532 4.25111 5.20532H4.63759C4.95776 5.20532 5.21731 5.46223 5.21731 5.77914C5.21731 6.09606 4.95776 6.35297 4.63759 6.35297H4.25111C3.93094 6.35297 3.67139 6.09606 3.67139 5.77914Z" fill="#EB0203"></path>
                    <path fill-rule="evenodd" clip-rule="evenodd" d="M3.67139 11.9034C3.67139 11.5865 3.93094 11.3296 4.25111 11.3296H4.63759C4.95776 11.3296 5.21731 11.5865 5.21731 11.9034C5.21731 12.2202 4.95776 12.4771 4.63759 12.4771H4.25111C3.93094 12.4771 3.67139 12.2202 3.67139 11.9034Z" fill="#EB0203"></path>
                    <path fill-rule="evenodd" clip-rule="evenodd" d="M3.67139 8.84116C3.67139 8.52424 3.93094 8.26733 4.25111 8.26733H4.63759C4.95776 8.26733 5.21731 8.52424 5.21731 8.84116C5.21731 9.15807 4.95776 9.41498 4.63759 9.41498H4.25111C3.93094 9.41498 3.67139 9.15807 3.67139 8.84116Z" fill="#EB0203"></path>
                    <path fill-rule="evenodd" clip-rule="evenodd" d="M3.67139 14.9655C3.67139 14.6486 3.93094 14.3917 4.25111 14.3917H4.63759C4.95776 14.3917 5.21731 14.6486 5.21731 14.9655C5.21731 15.2825 4.95776 15.5394 4.63759 15.5394H4.25111C3.93094 15.5394 3.67139 15.2825 3.67139 14.9655Z" fill="#EB0203"></path>
                    <path fill-rule="evenodd" clip-rule="evenodd" d="M0 1.76033C0 0.914738 0.692131 0.229248 1.54592 0.229248H15.0727C15.9265 0.229248 16.6186 0.914738 16.6186 1.76033V11.2818C16.6186 11.5989 16.3591 11.8559 16.0389 11.8559C15.7187 11.8559 15.4592 11.5989 15.4592 11.2818V1.76033C15.4592 1.54893 15.2862 1.37756 15.0727 1.37756H1.54592C1.33247 1.37756 1.15944 1.54893 1.15944 1.76033V18.985C1.15944 19.1964 1.33247 19.3678 1.54592 19.3678H9.27551C9.59568 19.3678 9.85523 19.6249 9.85523 19.942C9.85523 20.2591 9.59568 20.5161 9.27551 20.5161H1.54592C0.692131 20.5161 0 19.8306 0 18.985V1.76033Z" fill="#EB0203"></path>
                    <path fill-rule="evenodd" clip-rule="evenodd" d="M14.6254 13.8718C13.4921 12.8567 11.7821 12.7615 10.6574 13.7147C9.12472 15.0124 9.34891 17.128 10.4413 18.2493L14.0161 21.9126C14.2199 22.1217 14.493 22.2386 14.7824 22.2386C15.0739 22.2386 15.3449 22.1238 15.5487 21.9147L19.1235 18.2514C20.2139 17.13 20.4422 15.0144 18.9075 13.7147C17.7827 12.7634 16.0726 12.8569 14.9392 13.872C14.8856 13.92 14.8333 13.9701 14.7824 14.0222C14.7314 13.97 14.6791 13.9199 14.6254 13.8718ZM18.1546 14.588C19.0972 15.3869 18.9961 16.7262 18.2891 17.4541C18.2888 17.4543 18.2886 17.4546 18.2884 17.4548L14.7834 21.0466L11.2757 17.452C11.2756 17.4519 11.2755 17.4517 11.2753 17.4516C10.5681 16.7252 10.4682 15.3856 11.4108 14.5876L11.4112 14.5872C12.0748 14.0248 13.202 14.0556 13.949 14.8205L14.7824 15.674L15.6158 14.8205C16.3618 14.0567 17.4896 14.0256 18.1545 14.5879" fill="#EB0203"></path>
                    </svg>
                    </button>
                    </div>
                    </div>
                    
                    <p class="ct-tile--brand">Mimosa</p>
                    <p class="ct-tile--quantity">emb. 1 lt</p>
                    </div>
                    <div class="ct-tile-bottom row no-gutters justify-content-between">
                    <div class="ct-price-wrap col-8 col-sm-12">
                    <div class="price js-product-price">
                    <div class="prices-wrapper">
                    <span class="sales ct-tile--price-primary ">
                    <span class="value" content="1.29">
                    <span class="ct-price-formatted">
                    €1,29
                    </span>
                    <span class="ct-m-unit">
                    /un
                    </span>
                    </span>
                    </span>
                    </div>
                    <div class="ct-tile--price-secondary">
                    <span class="ct-price-value">
                    €1,29
                    </span>
                    <span class="ct-m-unit">
                    /lt
                    </span>
                    </div>
                    </div>
                    </div>
                    <div class="ct-tile-buy-section d-flex justify-content-center no-gutters col-auto col-sm-12">
                    <div class="col-2 d-sm-flex d-none">
                    <button class="wishlist-toggler guest-mode inactive button button--tertiary" data-pid="4064882" data-add-url="https://www.continente.pt/on/demandware.store/Sites-continente-Site/default/Wishlist-AddProduct?pid=4064882" data-toggle="tooltip" aria-label="Adicionar aos favoritos " data-original-title="Adicionar aos favoritos" data-placement="top">
                    <svg class="active-content" width="100%" height="100%" viewBox="0 0 20 22" fill="none" xmlns="http://www.w3.org/2000/svg">
                    <path fill-rule="evenodd" clip-rule="evenodd" d="M0 1.53052C0 0.685236 0.692171 0 1.54601 0H15.0736C15.9274 0 16.6196 0.685235 16.6196 1.53052V13.4064L15.8127 13.922L14.2658 14.2658L12.7189 13.4064L10.6054 14.3818C10.4994 14.2451 10.3327 14.157 10.1452 14.157H6.76329C6.4431 14.157 6.18354 14.414 6.18354 14.731C6.18354 15.0479 6.4431 15.3049 6.76329 15.3049H10.1452C10.2478 15.3049 10.3441 15.2785 10.4277 15.2322L10.3126 16.8439L13.2345 20.2793H1.54601C0.69217 20.2793 0 19.5941 0 18.7488V1.53052ZM6.18354 5.5483C6.18354 5.23132 6.4431 4.97436 6.76329 4.97436H12.3676C12.6878 4.97436 12.9473 5.23132 12.9473 5.5483C12.9473 5.86528 12.6878 6.12224 12.3676 6.12224H6.76329C6.4431 6.12224 6.18354 5.86528 6.18354 5.5483ZM6.76329 11.0961C6.4431 11.0961 6.18354 11.3531 6.18354 11.6701C6.18354 11.987 6.4431 12.244 6.76329 12.244H12.3676C12.6878 12.244 12.9473 11.987 12.9473 11.6701C12.9473 11.3531 12.6878 11.0961 12.3676 11.0961H6.76329ZM6.18354 8.60985C6.18354 8.29287 6.4431 8.03591 6.76329 8.03591H12.3676C12.6878 8.03591 12.9473 8.29287 12.9473 8.60985C12.9473 8.92684 12.6878 9.1838 12.3676 9.1838H6.76329C6.4431 9.1838 6.18354 8.92684 6.18354 8.60985ZM3.67118 5.5483C3.67118 5.23132 3.93075 4.97436 4.25093 4.97436H4.63743C4.95762 4.97436 5.21719 5.23132 5.21719 5.5483C5.21719 5.86528 4.95762 6.12224 4.63743 6.12224H4.25093C3.93075 6.12224 3.67118 5.86528 3.67118 5.5483ZM4.25093 11.0961C3.93075 11.0961 3.67118 11.3531 3.67118 11.6701C3.67118 11.987 3.93075 12.244 4.25093 12.244H4.63743C4.95762 12.244 5.21719 11.987 5.21719 11.6701C5.21719 11.3531 4.95762 11.0961 4.63743 11.0961H4.25093ZM3.67118 8.60985C3.67118 8.29287 3.93075 8.03591 4.25093 8.03591H4.63743C4.95762 8.03591 5.21719 8.29287 5.21719 8.60985C5.21719 8.92684 4.95762 9.1838 4.63743 9.1838H4.25093C3.93075 9.1838 3.67118 8.92684 3.67118 8.60985ZM4.25093 14.157C3.93075 14.157 3.67118 14.414 3.67118 14.731C3.67118 15.0479 3.93075 15.3049 4.25093 15.3049H4.63743C4.95762 15.3049 5.21719 15.0479 5.21719 14.731C5.21719 14.414 4.95762 14.157 4.63743 14.157H4.25093Z" fill="#EB0203"></path>
                    <path fill-rule="evenodd" clip-rule="evenodd" d="M14.6252 13.6363C13.4918 12.6215 11.7817 12.5264 10.6569 13.4792C9.12421 14.7764 9.34841 16.8912 10.4409 18.0122L14.0159 21.6742C14.2197 21.8832 14.4928 22 14.7822 22C15.0737 22 15.3448 21.8852 15.5486 21.6762L19.1236 18.0142C20.214 16.8933 20.4423 14.7785 18.9075 13.4792C17.7827 12.5283 16.0724 12.6217 14.9391 13.6365C14.8855 13.6845 14.8331 13.7345 14.7822 13.7866C14.7313 13.7345 14.6789 13.6843 14.6252 13.6363ZM18.1546 14.3522C19.0973 15.1508 18.9962 16.4896 18.2891 17.2173C18.2888 17.2175 18.2886 17.2177 18.2884 17.218L14.7832 20.8084L11.2753 17.2151C11.2752 17.215 11.2751 17.2149 11.2749 17.2148C10.5677 16.4887 10.4678 15.1495 11.4104 14.3518L11.4108 14.3514C12.0745 13.7892 13.2018 13.82 13.9488 14.5846L14.7822 15.4378L15.6157 14.5846C16.3617 13.8211 17.4896 13.79 18.1545 14.3521" fill="#EB0203"></path>
                    </svg>
                    <svg class="inactive-content" width="100%" height="100%" viewBox="0 0 20 23" fill="none" xmlns="http://www.w3.org/2000/svg">
                    <path fill-rule="evenodd" clip-rule="evenodd" d="M6.18408 5.77914C6.18408 5.46223 6.44363 5.20532 6.7638 5.20532H12.3678C12.6879 5.20532 12.9475 5.46223 12.9475 5.77914C12.9475 6.09606 12.6879 6.35297 12.3678 6.35297H6.7638C6.44363 6.35297 6.18408 6.09606 6.18408 5.77914Z" fill="#EB0203"></path>
                    <path fill-rule="evenodd" clip-rule="evenodd" d="M6.18408 11.9034C6.18408 11.5865 6.44363 11.3296 6.7638 11.3296H12.3678C12.6879 11.3296 12.9475 11.5865 12.9475 11.9034C12.9475 12.2202 12.6879 12.4771 12.3678 12.4771H6.7638C6.44363 12.4771 6.18408 12.2202 6.18408 11.9034Z" fill="#EB0203"></path>
                    <path fill-rule="evenodd" clip-rule="evenodd" d="M6.18408 8.84116C6.18408 8.52424 6.44363 8.26733 6.7638 8.26733H12.3678C12.6879 8.26733 12.9475 8.52424 12.9475 8.84116C12.9475 9.15807 12.6879 9.41498 12.3678 9.41498H6.7638C6.44363 9.41498 6.18408 9.15807 6.18408 8.84116Z" fill="#EB0203"></path>
                    <path fill-rule="evenodd" clip-rule="evenodd" d="M6.18408 14.9655C6.18408 14.6486 6.44363 14.3917 6.7638 14.3917H10.1455C10.4657 14.3917 10.7252 14.6486 10.7252 14.9655C10.7252 15.2825 10.4657 15.5394 10.1455 15.5394H6.7638C6.44363 15.5394 6.18408 15.2825 6.18408 14.9655Z" fill="#EB0203"></path>
                    <path fill-rule="evenodd" clip-rule="evenodd" d="M3.67139 5.77914C3.67139 5.46223 3.93094 5.20532 4.25111 5.20532H4.63759C4.95776 5.20532 5.21731 5.46223 5.21731 5.77914C5.21731 6.09606 4.95776 6.35297 4.63759 6.35297H4.25111C3.93094 6.35297 3.67139 6.09606 3.67139 5.77914Z" fill="#EB0203"></path>
                    <path fill-rule="evenodd" clip-rule="evenodd" d="M3.67139 11.9034C3.67139 11.5865 3.93094 11.3296 4.25111 11.3296H4.63759C4.95776 11.3296 5.21731 11.5865 5.21731 11.9034C5.21731 12.2202 4.95776 12.4771 4.63759 12.4771H4.25111C3.93094 12.4771 3.67139 12.2202 3.67139 11.9034Z" fill="#EB0203"></path>
                    <path fill-rule="evenodd" clip-rule="evenodd" d="M3.67139 8.84116C3.67139 8.52424 3.93094 8.26733 4.25111 8.26733H4.63759C4.95776 8.26733 5.21731 8.52424 5.21731 8.84116C5.21731 9.15807 4.95776 9.41498 4.63759 9.41498H4.25111C3.93094 9.41498 3.67139 9.15807 3.67139 8.84116Z" fill="#EB0203"></path>
                    <path fill-rule="evenodd" clip-rule="evenodd" d="M3.67139 14.9655C3.67139 14.6486 3.93094 14.3917 4.25111 14.3917H4.63759C4.95776 14.3917 5.21731 14.6486 5.21731 14.9655C5.21731 15.2825 4.95776 15.5394 4.63759 15.5394H4.25111C3.93094 15.5394 3.67139 15.2825 3.67139 14.9655Z" fill="#EB0203"></path>
                    <path fill-rule="evenodd" clip-rule="evenodd" d="M0 1.76033C0 0.914738 0.692131 0.229248 1.54592 0.229248H15.0727C15.9265 0.229248 16.6186 0.914738 16.6186 1.76033V11.2818C16.6186 11.5989 16.3591 11.8559 16.0389 11.8559C15.7187 11.8559 15.4592 11.5989 15.4592 11.2818V1.76033C15.4592 1.54893 15.2862 1.37756 15.0727 1.37756H1.54592C1.33247 1.37756 1.15944 1.54893 1.15944 1.76033V18.985C1.15944 19.1964 1.33247 19.3678 1.54592 19.3678H9.27551C9.59568 19.3678 9.85523 19.6249 9.85523 19.942C9.85523 20.2591 9.59568 20.5161 9.27551 20.5161H1.54592C0.692131 20.5161 0 19.8306 0 18.985V1.76033Z" fill="#EB0203"></path>
                    <path fill-rule="evenodd" clip-rule="evenodd" d="M14.6254 13.8718C13.4921 12.8567 11.7821 12.7615 10.6574 13.7147C9.12472 15.0124 9.34891 17.128 10.4413 18.2493L14.0161 21.9126C14.2199 22.1217 14.493 22.2386 14.7824 22.2386C15.0739 22.2386 15.3449 22.1238 15.5487 21.9147L19.1235 18.2514C20.2139 17.13 20.4422 15.0144 18.9075 13.7147C17.7827 12.7634 16.0726 12.8569 14.9392 13.872C14.8856 13.92 14.8333 13.9701 14.7824 14.0222C14.7314 13.97 14.6791 13.9199 14.6254 13.8718ZM18.1546 14.588C19.0972 15.3869 18.9961 16.7262 18.2891 17.4541C18.2888 17.4543 18.2886 17.4546 18.2884 17.4548L14.7834 21.0466L11.2757 17.452C11.2756 17.4519 11.2755 17.4517 11.2753 17.4516C10.5681 16.7252 10.4682 15.3856 11.4108 14.5876L11.4112 14.5872C12.0748 14.0248 13.202 14.0556 13.949 14.8205L14.7824 15.674L15.6158 14.8205C16.3618 14.0567 17.4896 14.0256 18.1545 14.5879" fill="#EB0203"></path>
                    </svg>
                    </button>
                    </div>
                    <div class="col-sm-10 col-12">
                    <div class="ct-tile-quantity d-none" data-pid="4064882">
                    <input type="hidden" class="add-to-cart-url" value="https://www.continente.pt/on/demandware.store/Sites-continente-Site/default/Cart-AddProduct">
                    <div class="d-none tile-delete-confirmation-btn" data-pid="4064882" data-delay-time="3000" data-in-cart-msg="no carrinho" data-one-product-added="Adicionado ao carrinho" data-remove-from-cart-msg="Removido do carrinho" data-stay-open="6000.0" data-confirmation-image="{&quot;url&quot;:&quot;https://www.continente.pt/dw/image/v2/BDVS_PRD/on/demandware.static/-/Sites-col-master-catalog/default/dw0a8a0a60/images/col/406/4064882-frente.jpg?sw=87&amp;sh=80&quot;,&quot;fallbackimage&quot;:{&quot;url&quot;:&quot;https://www.continente.pt/dw/image/v2/BDVS_PRD/on/demandware.static/Sites-continente-Site/-/default/dw7c42b4da/images/noimagelarge_product.png?sw=87&amp;sh=80&quot;,&quot;title&quot;:&quot;Leite UHT Meio Gordo sem Lactose&quot;,&quot;alt&quot;:&quot;Leite UHT Meio Gordo sem Lactose&quot;},&quot;title&quot;:&quot;Leite UHT Meio Gordo sem Lactose&quot;,&quot;alt&quot;:&quot;Leite UHT Meio Gordo sem Lactose&quot;}"></div>
                    <div class="ct-tile-quantity-update quantity-update product-qty-vue" data-remove-action="https://www.continente.pt/on/demandware.store/Sites-continente-Site/default/Cart-RemoveProductLineItem" data-action="https://www.continente.pt/on/demandware.store/Sites-continente-Site/default/Cart-UpdateQuantity" data-dimension-update="https://www.continente.pt/on/demandware.store/Sites-continente-Site/default/Cart-DimensionUpdate" data-pid="4064882" data-uuid="d9c9517286d1b08810e9b014be" data-add-delay="500.0" data-measure-options="{&quot;hasConversionRate&quot;:false,&quot;hasAlternativeSaleUnit&quot;:false,&quot;unitConversionRate&quot;:0,&quot;minOrderQuantity&quot;:6,&quot;stepQuantity&quot;:6,&quot;primaryunit&quot;:&quot;un&quot;,&quot;secondaryunit&quot;:&quot;lt&quot;,&quot;selectedunit&quot;:&quot;primary&quot;,&quot;maxNumberOfUnitsPerSale&quot;:54}" data-price-available="null" :data-has-error="isMaxQtyReached || isMinQtyReached || qtySelectedMoreThanOne">
                    <template v-show="prodUnits">
                    <div class="quantity-input-wrapper has-units">
                    <label class="visually-hidden" :for="'quantity-' + pid + additionalTag">
                    Quantidade no carrinho
                    </label>
                    <input :ref="'quantityInput-' + pid + additionalTag" class="add-to-cart-quantity form-control ct-form-input text-center" inputmode="numeric" :class="{'is-invalid': isInvalid}" :data-pid="pid + additionalTag" :name="'quantity-' + pid + additionalTag" type="text" aria-label="Insira a quantidade" title="" v-model="displayValue" @change="updateQuantity" @focus="updateQtyFormat" @blur="restoreQtyFormat" :disabled="!isPriceAvailable">
                    <span class="quantity-icon quantity-icon--minus">
                    <button class="decrease-quantity-btn" @click="updateQuantity" :disabled="!isPriceAvailable" role="button" aria-label="Reduzir quantidade">
                    <i class="css-math-minus"></i>
                    </button>
                    </span>
                    <span class="quantity-icon quantity-icon--plus">
                    <button class="increase-quantity-btn" @click="updateQuantity" :disabled="isMaxQtyReached || !isPriceAvailable" role="button" aria-label="Aumentar quantidade">
                    <i class="css-math-plus"></i>
                    </button>
                    <span class="quantity-btn-disabled-placeholder"></span>
                    </span>
                    <template v-if="isPDP">
                    <span class="quantity-error ct-span-error text-sm-center product-max-allocation" v-if="isMaxQtyReached">
                    Quantidade máxima atingida
                    </span>
                    <span class="quantity-error ct-span-product text-sm-center product-allocation" v-if="!isMinQtyReached &amp;&amp; !isMaxQtyReached">
                    {{quantitySelected}} no carrinho
                    </span>
                    <span class="quantity-error ct-span-error text-sm-center product-min-allocation" :data-pid="pid" v-if="isMinQtyReached &amp;&amp; !isMaxQtyReached">
                    Quantidade mínima atingida
                    </span>
                    </template>
                    </div>
                    <template v-if="showNotes">
                    <div class="add-note-link-container ">
                    <div class="add-note">
                    <a href="/produto/leite-uht-meio-gordo-sem-lactose-mimosa-4064882.html?showNote=true" class="ct-add-note-redirect-pdp" aria-label="Adicionar comentário">
                    <span class="svg-wrapper svg-icon-notes" style="width:19px; height:20px">
                    <svg class="svg-inline icon-notes" viewBox="0 0 28 30" xmlns="http://www.w3.org/2000/svg" width="100%" height="100%"><path d="M21.738 0C22.985 0 24 1.04 24 2.319V12.47c0 .469-.37.848-.828.848-.457 0-.827-.38-.827-.848V2.32c0-.343-.273-.622-.607-.622H2.262c-.334 0-.607.279-.607.622V27.68c0 .343.273.622.607.622h7.81c.457 0 .827.38.827.849 0 .468-.37.848-.827.848h-7.81C1.015 30 0 28.96 0 27.681V2.32C0 1.04 1.015 0 2.262 0h19.476zm2.844 16.004l.227.007c.823.053 1.589.39 2.176.964.64.627.993 1.46.993 2.349 0 .888-.353 1.722-.993 2.348l-6.83 6.665c-.11.108-.247.186-.397.226l-5.032 1.363c-.078.021-.16.032-.241.032-.242 0-.478-.097-.647-.266-.23-.231-.314-.566-.218-.874l1.49-4.798c.044-.139.122-.266.227-.369l6.844-6.677c.64-.625 1.493-.97 2.401-.97zm-2.886 3.94l-4.922 4.802-.947 3.048 3.22-.872 4.897-4.78-2.248-2.197zm2.887-2.174c-.425 0-.824.162-1.124.455l-.484.472 2.248 2.197.484-.472c.62-.606.62-1.591 0-2.197l-.117-.104c-.283-.227-.636-.35-1.007-.35zm-10.839.022c.498 0 .904.396.904.883 0 .488-.406.884-.904.884H5.946c-.499 0-.904-.396-.904-.884 0-.487.405-.883.904-.883zm5.042-4.876c.498 0 .904.397.904.884s-.406.884-.904.884H5.946c-.499 0-.904-.397-.904-.884s.405-.884.904-.884zm0-4.875c.498 0 .904.396.904.884 0 .487-.406.883-.904.883H5.946c-.499 0-.904-.396-.904-.883 0-.488.405-.884.904-.884z" fill="#EB0203" fill-rule="evenodd"></path></svg>
                    </span>
                    <div class="available-note d-none"></div>
                    </a>
                    </div>
                    </div>
                    </template>
                    <div class="measurement-unit-section" v-if="isPriceAvailable &amp;&amp; prodUnits ? prodUnits.hasAlternativeUnit : false">
                    <div class="ct-form-radio" @click="setDimension">
                    <input type="radio" title="" class="ct-form-check-input product-measurement-unit" :data-type="prodUnits.selectedUnit == prodUnits.secondaryUnit ? 'primary' : ''" :id="prodUnits.secondaryUnit + '-' + pid + '-measurement-unit-ptile' + additionalTag" :name="'measurement-unit-' + pid + '-ptile' + additionalTag" :value="prodUnits.secondaryUnit" v-model="prodUnits.selectedUnit">
                    <label :class="prodUnits.secondaryUnit + '-label ct-form-check-label mb-0'" :for="prodUnits.secondaryUnit + '-' + pid + '-measurement-unit-ptile' + additionalTag">
                    {{prodUnits.secondaryUnit}}
                    </label>
                    <span class="checkmark"></span>
                    </div>
                    <div class="ct-form-radio" @click="setDimension">
                    <input type="radio" title="" class="ct-form-check-input product-measurement-unit" :data-type="prodUnits.selectedUnit == prodUnits.primaryUnit ? 'primary' : ''" :id="prodUnits.primaryUnit + '-' + pid + '-measurement-unit-ptile' + additionalTag" :name="'measurement-unit-' + pid + '-ptile' + additionalTag" :value="prodUnits.primaryUnit" v-model="prodUnits.selectedUnit">
                    <label :class="prodUnits.primaryUnit + '-label ct-form-check-label mb-0'" :for="prodUnits.primaryUnit + '-' + pid + '-measurement-unit-ptile' + additionalTag">
                    {{prodUnits.primaryUnit}}
                    </label>
                    <span class="checkmark"></span>
                    </div>
                    </div>
                    <template v-if="!isPDP &amp;&amp; isPriceAvailable">
                    <span class="quantity-error ct-span-error product-max-allocation" v-if="isMaxQtyReached">
                    Quantidade máxima atingida
                    </span>
                    <span class="quantity-error ct-span-product product-allocation" v-if="!isMinQtyReached &amp;&amp; !isMaxQtyReached">
                    {{quantitySelected}} no carrinho
                    </span>
                    <span class="quantity-error ct-span-error product-min-allocation" :data-pid="pid" v-if="isMinQtyReached &amp;&amp; !isMaxQtyReached">
                    Quantidade mínima atingida
                    </span>
                    </template>
                    </template>
                    </div>
                    <input class="quantity-value-mask d-none" name="quantity" type="number" min="0" value="">
                    </div>
                    <button type="button" class="add-to-cart button js-add-to-cart js-add-to-cart-tile 4064882 button--primary dynamic-layout-btn" data-toggle="modal" data-target="#chooseBonusProductModal" data-pid="4064882" data-quantity-value="null" aria-label="Carrinho">
                    <span class="d-block d-sm-none">
                    <span class="svg-wrapper svg-icon-cart" style="width:20px; height:20px">
                    <svg class="svg-inline icon-cart" xmlns="http://www.w3.org/2000/svg" viewBox="0 0 500 500" width="100%" height="100%"><path fill="#EB0203" fill-rule="evenodd" d="M 485.67317,94.386311 C 476.37798,83.847129 463.09468,78.03348 448.30404,78.03348 H 90.690813 L 87.079511,51.327997 C 83.185582,22.539551 62.962285,0 41.011841,0 H 14.727836 C 6.563151,0 0,6.5286975 0,14.580758 c 0,8.05206 6.5945535,14.580758 14.727836,14.580758 h 26.284005 c 4.710398,0 14.696435,9.855222 16.894619,26.021523 L 100.01739,368.0631 c 1.88416,13.77244 9.01256,26.70549 20.1605,36.37417 8.25889,7.15046 18.02511,11.9071 28.26237,13.89679 -4.17655,7.58572 -6.53175,16.25957 -6.53175,25.493 0,29.53459 24.27424,53.59751 54.13815,53.59751 29.8325,0 54.13814,-24.03184 54.13814,-53.59751 0,-8.79818 -2.19818,-17.09897 -5.9979,-24.43598 h 77.12488 c -3.79973,7.33701 -5.96652,15.6378 -5.96652,24.43598 0,29.53459 24.27424,53.59751 54.13817,53.59751 29.83249,0 54.13814,-24.03184 54.13814,-53.59751 0,-8.79818 -2.1982,-17.09897 -5.9979,-24.43598 h 38.56243 c 8.13328,0 14.72783,-6.5287 14.72783,-14.61183 0,-8.02098 -6.59455,-14.54967 -14.72783,-14.54967 H 159.24277 c -14.38241,0 -28.13677,-11.90711 -30.02092,-26.02153 l -3.07746,-22.88154 h 290.6314 c 14.03698,0 27.94834,-5.28513 39.06488,-14.95381 11.11652,-9.6376 18.27632,-22.57065 20.16048,-36.37417 l 21.10259,-156.78201 c 1.94694,-14.51858 -2.10398,-28.29103 -11.43057,-38.861299 z M 220.76053,443.82706 c 0,13.49265 -11.08513,24.46709 -24.68247,24.46709 -13.62874,0 -24.71387,-10.97444 -24.71387,-24.46709 0,-13.49262 11.08513,-24.43598 24.71387,-24.43598 13.59734,0 24.68247,10.94336 24.68247,24.43598 z m 173.43675,0 c 0,13.49265 -11.08512,24.46709 -24.68245,24.46709 -13.62876,0 -24.71388,-10.97444 -24.71388,-24.46709 0,-13.49262 11.08512,-24.43598 24.71388,-24.43598 13.59733,0 24.68245,10.94336 24.68245,24.43598 z m 73.7648,-314.46558 -21.13397,156.782 c -1.88416,14.11442 -15.63851,26.05261 -30.02091,26.05261 H 122.25046 L 94.616142,107.19499 H 448.33544 c 6.18632,0 11.61896,2.2695 15.23028,6.37326 3.64269,4.13484 5.21283,9.73086 4.39636,15.79323 z"></path></svg>
                    </span>
                    </span>
                    <span class="add-to-cart--text d-none d-sm-block">Carrinho</span>
                    </button>
                    </div>
                    </div>
                    </div>
                    </div>
                    
                    <div class="col-12 d-sm-none">
                    </div>
                    </div>
                    </div>
                    </div>
                    </div>
                    <div class="col-12 col-sm-3 col-lg-2 productTile" data-idx="4">
                    
                    <script type="text/javascript">//<!--
                    /* <![CDATA[ */
                    (function(){
                    try {
                        if(window.CQuotient) {
                        var cq_params = {};
                        
                        cq_params.cookieId = window.CQuotient.getCQCookieId();
                        cq_params.userId = window.CQuotient.getCQUserId();
                        cq_params.emailId = CQuotient.getCQHashedEmail();
                        cq_params.loginId = CQuotient.getCQHashedLogin();
                        cq_params.accumulate = true;
                        cq_params.products = [{
                            id: '4863936',
                            sku: ''
                        }];
                        cq_params.categoryId = 'laticinios';
                        cq_params.refinements = '[{\"name\":\"priceMin\",\"value\":\"0.01\"},{\"name\":\"priceMax\",\"value\":\"null\"},{\"name\":\"curr\",\"value\":\"EUR\"},{\"name\":\"Category\",\"value\":\"laticinios\"}]';
                        cq_params.personalized = 'false';
                        cq_params.sortingRule = 'FOOD-Laticinios';
                        cq_params.imageUUID = '__UNDEFINED__';
                        cq_params.realm = "BDVS";
                        cq_params.siteId = "continente";
                        cq_params.instanceType = "prd";
                        cq_params.queryLocale = "default";
                        cq_params.locale = window.CQuotient.locale;
                        
                        if(window.CQuotient.sendActivity)
                            window.CQuotient.sendActivity(CQuotient.clientId, 'viewCategory', cq_params);
                        else
                            window.CQuotient.activities.push({
                                activityType: 'viewCategory',
                                parameters: cq_params
                            });
                      }
                    } catch(err) {}
                    })();
                    /* ]]> */
                    // -->
                    </script>
                    <script type="text/javascript">//<!--
                    /* <![CDATA[ (viewCategoryProduct-active_data.js) */
                    (function(){
                    try {
                        if (dw.ac) {
                            var search_params = {};
                            search_params.persd = 'false';
                            search_params.refs = '[{\"name\":\"priceMin\",\"value\":\"0.01\"},{\"name\":\"priceMax\",\"value\":\"null\"},{\"name\":\"curr\",\"value\":\"EUR\"},{\"name\":\"Category\",\"value\":\"laticinios\"}]';
                            search_params.sort = 'FOOD-Laticinios';
                            search_params.imageUUID = '';
                            search_params.searchID = 'ff60679a-0a42-4d90-af85-afdcdfaee427';
                            search_params.locale = 'default';
                            search_params.queryLocale = 'default';
                            search_params.showProducts = 'true';
                            dw.ac.applyContext({category: "laticinios", searchData: search_params});
                            if (typeof dw.ac._scheduleDataSubmission === "function") {
                                dw.ac._scheduleDataSubmission();
                            }
                        }
                    } catch(err) {}
                    })();
                    /* ]]> */
                    // -->
                    </script>
                    <script type="text/javascript">//<!--
                    /* <![CDATA[ (viewProduct-active_data.js) */
                    dw.ac._capture({id: "4863936", type: "searchhit"});
                    /* ]]> */
                    // -->
                    </script>
                    <div class="product" data-pid="4863936">
                    <div class="product-tile pid-4863936 ct-product-tile data-layer-pushed" data-delay-time="3000" data-variants-mapping="[]" data-in-cart-msg="no carrinho" data-one-product-added="Adicionado ao carrinho" data-remove-from-cart-msg="Removido do carrinho" data-stay-open="6000.0" data-product-tile-impression="{&quot;name&quot;:&quot;4863936&quot;,&quot;id&quot;:&quot;4863936&quot;,&quot;price&quot;:5.09,&quot;brand&quot;:&quot;Limiano&quot;,&quot;category&quot;:[{&quot;category_level_1&quot;:&quot;Charcutaria e Queijos&quot;},{&quot;category_level_2&quot;:&quot;Queijos&quot;},{&quot;category_level_3&quot;:&quot;Fatiado&quot;}],&quot;variant&quot;:&quot;&quot;}">
                    <div class="ct-inner-tile-wrap row no-gutters justify-content-center align-content-start">
                    
                    <div class="ct-image-container col-4 col-sm" data-confirmation-image="{&quot;url&quot;:&quot;https://www.continente.pt/dw/image/v2/BDVS_PRD/on/demandware.static/-/Sites-col-master-catalog/default/dw53868b13/images/col/486/4863936-hero.jpg?sw=87&amp;sh=80&quot;,&quot;fallbackimage&quot;:{&quot;url&quot;:&quot;https://www.continente.pt/dw/image/v2/BDVS_PRD/on/demandware.static/Sites-continente-Site/-/default/dw7c42b4da/images/noimagelarge_product.png?sw=87&amp;sh=80&quot;,&quot;title&quot;:&quot;Queijo Flamengo Fatiado&quot;,&quot;alt&quot;:&quot;Queijo Flamengo Fatiado&quot;},&quot;title&quot;:&quot;Queijo Flamengo Fatiado&quot;,&quot;alt&quot;:&quot;Queijo Flamengo Fatiado&quot;}">
                    <a href="https://www.continente.pt/produto/queijo-flamengo-fatiado-limiano-4863936.html?cgid=laticinios">
                    <picture class="intrinsic intrinsic--square">
                    <img class="ct-tile-image lazyloaded" loading="lazy" onerror="this.onerror=null;this.src='/on/demandware.static/Sites-continente-Site/-/default/dw7c42b4da/images/noimagelarge_product.png';" data-src="https://www.continente.pt/dw/image/v2/BDVS_PRD/on/demandware.static/-/Sites-col-master-catalog/default/dw53868b13/images/col/486/4863936-hero.jpg?sw=280&amp;sh=280" alt="Queijo Flamengo Fatiado" title="Queijo Flamengo Fatiado" src="https://www.continente.pt/dw/image/v2/BDVS_PRD/on/demandware.static/-/Sites-col-master-catalog/default/dw53868b13/images/col/486/4863936-hero.jpg?sw=280&amp;sh=280">
                    </picture>
                    </a>
                    <div class="color-swatches d-flex" style="margin-left: 5px;">
                    <div class="swatches d-flex">
                    </div>
                    </div>
                    </div>
                    <div class="ct-tile-body col col-sm-auto ">
                    <div class="ct-pdp-details">
                    <div class="ct-pdp-link">
                    <a class="ct-tile--description" href="https://www.continente.pt/produto/queijo-flamengo-fatiado-limiano-4863936.html?cgid=laticinios">Queijo Flamengo Fatiado</a>
                    <div class="ct-tile--favorite-top d-sm-none">
                    <button class="wishlist-toggler guest-mode inactive button button--tertiary" data-pid="4863936" data-add-url="https://www.continente.pt/on/demandware.store/Sites-continente-Site/default/Wishlist-AddProduct?pid=4863936" data-toggle="tooltip" aria-label="Adicionar aos favoritos " data-original-title="Adicionar aos favoritos" data-placement="top">
                    <svg class="active-content" width="100%" height="100%" viewBox="0 0 20 22" fill="none" xmlns="http://www.w3.org/2000/svg">
                    <path fill-rule="evenodd" clip-rule="evenodd" d="M0 1.53052C0 0.685236 0.692171 0 1.54601 0H15.0736C15.9274 0 16.6196 0.685235 16.6196 1.53052V13.4064L15.8127 13.922L14.2658 14.2658L12.7189 13.4064L10.6054 14.3818C10.4994 14.2451 10.3327 14.157 10.1452 14.157H6.76329C6.4431 14.157 6.18354 14.414 6.18354 14.731C6.18354 15.0479 6.4431 15.3049 6.76329 15.3049H10.1452C10.2478 15.3049 10.3441 15.2785 10.4277 15.2322L10.3126 16.8439L13.2345 20.2793H1.54601C0.69217 20.2793 0 19.5941 0 18.7488V1.53052ZM6.18354 5.5483C6.18354 5.23132 6.4431 4.97436 6.76329 4.97436H12.3676C12.6878 4.97436 12.9473 5.23132 12.9473 5.5483C12.9473 5.86528 12.6878 6.12224 12.3676 6.12224H6.76329C6.4431 6.12224 6.18354 5.86528 6.18354 5.5483ZM6.76329 11.0961C6.4431 11.0961 6.18354 11.3531 6.18354 11.6701C6.18354 11.987 6.4431 12.244 6.76329 12.244H12.3676C12.6878 12.244 12.9473 11.987 12.9473 11.6701C12.9473 11.3531 12.6878 11.0961 12.3676 11.0961H6.76329ZM6.18354 8.60985C6.18354 8.29287 6.4431 8.03591 6.76329 8.03591H12.3676C12.6878 8.03591 12.9473 8.29287 12.9473 8.60985C12.9473 8.92684 12.6878 9.1838 12.3676 9.1838H6.76329C6.4431 9.1838 6.18354 8.92684 6.18354 8.60985ZM3.67118 5.5483C3.67118 5.23132 3.93075 4.97436 4.25093 4.97436H4.63743C4.95762 4.97436 5.21719 5.23132 5.21719 5.5483C5.21719 5.86528 4.95762 6.12224 4.63743 6.12224H4.25093C3.93075 6.12224 3.67118 5.86528 3.67118 5.5483ZM4.25093 11.0961C3.93075 11.0961 3.67118 11.3531 3.67118 11.6701C3.67118 11.987 3.93075 12.244 4.25093 12.244H4.63743C4.95762 12.244 5.21719 11.987 5.21719 11.6701C5.21719 11.3531 4.95762 11.0961 4.63743 11.0961H4.25093ZM3.67118 8.60985C3.67118 8.29287 3.93075 8.03591 4.25093 8.03591H4.63743C4.95762 8.03591 5.21719 8.29287 5.21719 8.60985C5.21719 8.92684 4.95762 9.1838 4.63743 9.1838H4.25093C3.93075 9.1838 3.67118 8.92684 3.67118 8.60985ZM4.25093 14.157C3.93075 14.157 3.67118 14.414 3.67118 14.731C3.67118 15.0479 3.93075 15.3049 4.25093 15.3049H4.63743C4.95762 15.3049 5.21719 15.0479 5.21719 14.731C5.21719 14.414 4.95762 14.157 4.63743 14.157H4.25093Z" fill="#EB0203"></path>
                    <path fill-rule="evenodd" clip-rule="evenodd" d="M14.6252 13.6363C13.4918 12.6215 11.7817 12.5264 10.6569 13.4792C9.12421 14.7764 9.34841 16.8912 10.4409 18.0122L14.0159 21.6742C14.2197 21.8832 14.4928 22 14.7822 22C15.0737 22 15.3448 21.8852 15.5486 21.6762L19.1236 18.0142C20.214 16.8933 20.4423 14.7785 18.9075 13.4792C17.7827 12.5283 16.0724 12.6217 14.9391 13.6365C14.8855 13.6845 14.8331 13.7345 14.7822 13.7866C14.7313 13.7345 14.6789 13.6843 14.6252 13.6363ZM18.1546 14.3522C19.0973 15.1508 18.9962 16.4896 18.2891 17.2173C18.2888 17.2175 18.2886 17.2177 18.2884 17.218L14.7832 20.8084L11.2753 17.2151C11.2752 17.215 11.2751 17.2149 11.2749 17.2148C10.5677 16.4887 10.4678 15.1495 11.4104 14.3518L11.4108 14.3514C12.0745 13.7892 13.2018 13.82 13.9488 14.5846L14.7822 15.4378L15.6157 14.5846C16.3617 13.8211 17.4896 13.79 18.1545 14.3521" fill="#EB0203"></path>
                    </svg>
                    <svg class="inactive-content" width="100%" height="100%" viewBox="0 0 20 23" fill="none" xmlns="http://www.w3.org/2000/svg">
                    <path fill-rule="evenodd" clip-rule="evenodd" d="M6.18408 5.77914C6.18408 5.46223 6.44363 5.20532 6.7638 5.20532H12.3678C12.6879 5.20532 12.9475 5.46223 12.9475 5.77914C12.9475 6.09606 12.6879 6.35297 12.3678 6.35297H6.7638C6.44363 6.35297 6.18408 6.09606 6.18408 5.77914Z" fill="#EB0203"></path>
                    <path fill-rule="evenodd" clip-rule="evenodd" d="M6.18408 11.9034C6.18408 11.5865 6.44363 11.3296 6.7638 11.3296H12.3678C12.6879 11.3296 12.9475 11.5865 12.9475 11.9034C12.9475 12.2202 12.6879 12.4771 12.3678 12.4771H6.7638C6.44363 12.4771 6.18408 12.2202 6.18408 11.9034Z" fill="#EB0203"></path>
                    <path fill-rule="evenodd" clip-rule="evenodd" d="M6.18408 8.84116C6.18408 8.52424 6.44363 8.26733 6.7638 8.26733H12.3678C12.6879 8.26733 12.9475 8.52424 12.9475 8.84116C12.9475 9.15807 12.6879 9.41498 12.3678 9.41498H6.7638C6.44363 9.41498 6.18408 9.15807 6.18408 8.84116Z" fill="#EB0203"></path>
                    <path fill-rule="evenodd" clip-rule="evenodd" d="M6.18408 14.9655C6.18408 14.6486 6.44363 14.3917 6.7638 14.3917H10.1455C10.4657 14.3917 10.7252 14.6486 10.7252 14.9655C10.7252 15.2825 10.4657 15.5394 10.1455 15.5394H6.7638C6.44363 15.5394 6.18408 15.2825 6.18408 14.9655Z" fill="#EB0203"></path>
                    <path fill-rule="evenodd" clip-rule="evenodd" d="M3.67139 5.77914C3.67139 5.46223 3.93094 5.20532 4.25111 5.20532H4.63759C4.95776 5.20532 5.21731 5.46223 5.21731 5.77914C5.21731 6.09606 4.95776 6.35297 4.63759 6.35297H4.25111C3.93094 6.35297 3.67139 6.09606 3.67139 5.77914Z" fill="#EB0203"></path>
                    <path fill-rule="evenodd" clip-rule="evenodd" d="M3.67139 11.9034C3.67139 11.5865 3.93094 11.3296 4.25111 11.3296H4.63759C4.95776 11.3296 5.21731 11.5865 5.21731 11.9034C5.21731 12.2202 4.95776 12.4771 4.63759 12.4771H4.25111C3.93094 12.4771 3.67139 12.2202 3.67139 11.9034Z" fill="#EB0203"></path>
                    <path fill-rule="evenodd" clip-rule="evenodd" d="M3.67139 8.84116C3.67139 8.52424 3.93094 8.26733 4.25111 8.26733H4.63759C4.95776 8.26733 5.21731 8.52424 5.21731 8.84116C5.21731 9.15807 4.95776 9.41498 4.63759 9.41498H4.25111C3.93094 9.41498 3.67139 9.15807 3.67139 8.84116Z" fill="#EB0203"></path>
                    <path fill-rule="evenodd" clip-rule="evenodd" d="M3.67139 14.9655C3.67139 14.6486 3.93094 14.3917 4.25111 14.3917H4.63759C4.95776 14.3917 5.21731 14.6486 5.21731 14.9655C5.21731 15.2825 4.95776 15.5394 4.63759 15.5394H4.25111C3.93094 15.5394 3.67139 15.2825 3.67139 14.9655Z" fill="#EB0203"></path>
                    <path fill-rule="evenodd" clip-rule="evenodd" d="M0 1.76033C0 0.914738 0.692131 0.229248 1.54592 0.229248H15.0727C15.9265 0.229248 16.6186 0.914738 16.6186 1.76033V11.2818C16.6186 11.5989 16.3591 11.8559 16.0389 11.8559C15.7187 11.8559 15.4592 11.5989 15.4592 11.2818V1.76033C15.4592 1.54893 15.2862 1.37756 15.0727 1.37756H1.54592C1.33247 1.37756 1.15944 1.54893 1.15944 1.76033V18.985C1.15944 19.1964 1.33247 19.3678 1.54592 19.3678H9.27551C9.59568 19.3678 9.85523 19.6249 9.85523 19.942C9.85523 20.2591 9.59568 20.5161 9.27551 20.5161H1.54592C0.692131 20.5161 0 19.8306 0 18.985V1.76033Z" fill="#EB0203"></path>
                    <path fill-rule="evenodd" clip-rule="evenodd" d="M14.6254 13.8718C13.4921 12.8567 11.7821 12.7615 10.6574 13.7147C9.12472 15.0124 9.34891 17.128 10.4413 18.2493L14.0161 21.9126C14.2199 22.1217 14.493 22.2386 14.7824 22.2386C15.0739 22.2386 15.3449 22.1238 15.5487 21.9147L19.1235 18.2514C20.2139 17.13 20.4422 15.0144 18.9075 13.7147C17.7827 12.7634 16.0726 12.8569 14.9392 13.872C14.8856 13.92 14.8333 13.9701 14.7824 14.0222C14.7314 13.97 14.6791 13.9199 14.6254 13.8718ZM18.1546 14.588C19.0972 15.3869 18.9961 16.7262 18.2891 17.4541C18.2888 17.4543 18.2886 17.4546 18.2884 17.4548L14.7834 21.0466L11.2757 17.452C11.2756 17.4519 11.2755 17.4517 11.2753 17.4516C10.5681 16.7252 10.4682 15.3856 11.4108 14.5876L11.4112 14.5872C12.0748 14.0248 13.202 14.0556 13.949 14.8205L14.7824 15.674L15.6158 14.8205C16.3618 14.0567 17.4896 14.0256 18.1545 14.5879" fill="#EB0203"></path>
                    </svg>
                    </button>
                    </div>
                    </div>
                    <p class="ct-tile--brand">Limiano</p>
                    <p class="ct-tile--quantity">emb. 2 x 200 gr</p>
                    </div>
                    <div class="ct-tile-bottom row no-gutters justify-content-between">
                    <div class="ct-price-wrap col-8 col-sm-12">
                    <div class="price js-product-price">
                    <div class="prices-wrapper">
                    <span class="sales ct-tile--price-primary ">
                    <span class="value" content="5.09">
                    <span class="ct-price-formatted">
                    €5,09
                    </span>
                    <span class="ct-m-unit">
                    /un
                    </span>
                    </span>
                    </span>
                    </div>
                    <div class="ct-tile--price-secondary">
                    <span class="ct-price-value">
                    €12,73
                    </span>
                    <span class="ct-m-unit">
                    /kg
                    </span>
                    </div>
                    </div>
                    </div>
                     <div class="ct-tile-buy-section d-flex justify-content-center no-gutters col-auto col-sm-12">
                    <div class="col-2 d-sm-flex d-none">
                    <button class="wishlist-toggler guest-mode inactive button button--tertiary" data-pid="4863936" data-add-url="https://www.continente.pt/on/demandware.store/Sites-continente-Site/default/Wishlist-AddProduct?pid=4863936" data-toggle="tooltip" aria-label="Adicionar aos favoritos " data-original-title="Adicionar aos favoritos" data-placement="top">
                    <svg class="active-content" width="100%" height="100%" viewBox="0 0 20 22" fill="none" xmlns="http://www.w3.org/2000/svg">
                    <path fill-rule="evenodd" clip-rule="evenodd" d="M0 1.53052C0 0.685236 0.692171 0 1.54601 0H15.0736C15.9274 0 16.6196 0.685235 16.6196 1.53052V13.4064L15.8127 13.922L14.2658 14.2658L12.7189 13.4064L10.6054 14.3818C10.4994 14.2451 10.3327 14.157 10.1452 14.157H6.76329C6.4431 14.157 6.18354 14.414 6.18354 14.731C6.18354 15.0479 6.4431 15.3049 6.76329 15.3049H10.1452C10.2478 15.3049 10.3441 15.2785 10.4277 15.2322L10.3126 16.8439L13.2345 20.2793H1.54601C0.69217 20.2793 0 19.5941 0 18.7488V1.53052ZM6.18354 5.5483C6.18354 5.23132 6.4431 4.97436 6.76329 4.97436H12.3676C12.6878 4.97436 12.9473 5.23132 12.9473 5.5483C12.9473 5.86528 12.6878 6.12224 12.3676 6.12224H6.76329C6.4431 6.12224 6.18354 5.86528 6.18354 5.5483ZM6.76329 11.0961C6.4431 11.0961 6.18354 11.3531 6.18354 11.6701C6.18354 11.987 6.4431 12.244 6.76329 12.244H12.3676C12.6878 12.244 12.9473 11.987 12.9473 11.6701C12.9473 11.3531 12.6878 11.0961 12.3676 11.0961H6.76329ZM6.18354 8.60985C6.18354 8.29287 6.4431 8.03591 6.76329 8.03591H12.3676C12.6878 8.03591 12.9473 8.29287 12.9473 8.60985C12.9473 8.92684 12.6878 9.1838 12.3676 9.1838H6.76329C6.4431 9.1838 6.18354 8.92684 6.18354 8.60985ZM3.67118 5.5483C3.67118 5.23132 3.93075 4.97436 4.25093 4.97436H4.63743C4.95762 4.97436 5.21719 5.23132 5.21719 5.5483C5.21719 5.86528 4.95762 6.12224 4.63743 6.12224H4.25093C3.93075 6.12224 3.67118 5.86528 3.67118 5.5483ZM4.25093 11.0961C3.93075 11.0961 3.67118 11.3531 3.67118 11.6701C3.67118 11.987 3.93075 12.244 4.25093 12.244H4.63743C4.95762 12.244 5.21719 11.987 5.21719 11.6701C5.21719 11.3531 4.95762 11.0961 4.63743 11.0961H4.25093ZM3.67118 8.60985C3.67118 8.29287 3.93075 8.03591 4.25093 8.03591H4.63743C4.95762 8.03591 5.21719 8.29287 5.21719 8.60985C5.21719 8.92684 4.95762 9.1838 4.63743 9.1838H4.25093C3.93075 9.1838 3.67118 8.92684 3.67118 8.60985ZM4.25093 14.157C3.93075 14.157 3.67118 14.414 3.67118 14.731C3.67118 15.0479 3.93075 15.3049 4.25093 15.3049H4.63743C4.95762 15.3049 5.21719 15.0479 5.21719 14.731C5.21719 14.414 4.95762 14.157 4.63743 14.157H4.25093Z" fill="#EB0203"></path>
                    <path fill-rule="evenodd" clip-rule="evenodd" d="M14.6252 13.6363C13.4918 12.6215 11.7817 12.5264 10.6569 13.4792C9.12421 14.7764 9.34841 16.8912 10.4409 18.0122L14.0159 21.6742C14.2197 21.8832 14.4928 22 14.7822 22C15.0737 22 15.3448 21.8852 15.5486 21.6762L19.1236 18.0142C20.214 16.8933 20.4423 14.7785 18.9075 13.4792C17.7827 12.5283 16.0724 12.6217 14.9391 13.6365C14.8855 13.6845 14.8331 13.7345 14.7822 13.7866C14.7313 13.7345 14.6789 13.6843 14.6252 13.6363ZM18.1546 14.3522C19.0973 15.1508 18.9962 16.4896 18.2891 17.2173C18.2888 17.2175 18.2886 17.2177 18.2884 17.218L14.7832 20.8084L11.2753 17.2151C11.2752 17.215 11.2751 17.2149 11.2749 17.2148C10.5677 16.4887 10.4678 15.1495 11.4104 14.3518L11.4108 14.3514C12.0745 13.7892 13.2018 13.82 13.9488 14.5846L14.7822 15.4378L15.6157 14.5846C16.3617 13.8211 17.4896 13.79 18.1545 14.3521" fill="#EB0203"></path>
                    </svg>
                    <svg class="inactive-content" width="100%" height="100%" viewBox="0 0 20 23" fill="none" xmlns="http://www.w3.org/2000/svg">
                    <path fill-rule="evenodd" clip-rule="evenodd" d="M6.18408 5.77914C6.18408 5.46223 6.44363 5.20532 6.7638 5.20532H12.3678C12.6879 5.20532 12.9475 5.46223 12.9475 5.77914C12.9475 6.09606 12.6879 6.35297 12.3678 6.35297H6.7638C6.44363 6.35297 6.18408 6.09606 6.18408 5.77914Z" fill="#EB0203"></path>
                    <path fill-rule="evenodd" clip-rule="evenodd" d="M6.18408 11.9034C6.18408 11.5865 6.44363 11.3296 6.7638 11.3296H12.3678C12.6879 11.3296 12.9475 11.5865 12.9475 11.9034C12.9475 12.2202 12.6879 12.4771 12.3678 12.4771H6.7638C6.44363 12.4771 6.18408 12.2202 6.18408 11.9034Z" fill="#EB0203"></path>
                    <path fill-rule="evenodd" clip-rule="evenodd" d="M6.18408 8.84116C6.18408 8.52424 6.44363 8.26733 6.7638 8.26733H12.3678C12.6879 8.26733 12.9475 8.52424 12.9475 8.84116C12.9475 9.15807 12.6879 9.41498 12.3678 9.41498H6.7638C6.44363 9.41498 6.18408 9.15807 6.18408 8.84116Z" fill="#EB0203"></path>
                    <path fill-rule="evenodd" clip-rule="evenodd" d="M6.18408 14.9655C6.18408 14.6486 6.44363 14.3917 6.7638 14.3917H10.1455C10.4657 14.3917 10.7252 14.6486 10.7252 14.9655C10.7252 15.2825 10.4657 15.5394 10.1455 15.5394H6.7638C6.44363 15.5394 6.18408 15.2825 6.18408 14.9655Z" fill="#EB0203"></path>
                    <path fill-rule="evenodd" clip-rule="evenodd" d="M3.67139 5.77914C3.67139 5.46223 3.93094 5.20532 4.25111 5.20532H4.63759C4.95776 5.20532 5.21731 5.46223 5.21731 5.77914C5.21731 6.09606 4.95776 6.35297 4.63759 6.35297H4.25111C3.93094 6.35297 3.67139 6.09606 3.67139 5.77914Z" fill="#EB0203"></path>
                    <path fill-rule="evenodd" clip-rule="evenodd" d="M3.67139 11.9034C3.67139 11.5865 3.93094 11.3296 4.25111 11.3296H4.63759C4.95776 11.3296 5.21731 11.5865 5.21731 11.9034C5.21731 12.2202 4.95776 12.4771 4.63759 12.4771H4.25111C3.93094 12.4771 3.67139 12.2202 3.67139 11.9034Z" fill="#EB0203"></path>
                    <path fill-rule="evenodd" clip-rule="evenodd" d="M3.67139 8.84116C3.67139 8.52424 3.93094 8.26733 4.25111 8.26733H4.63759C4.95776 8.26733 5.21731 8.52424 5.21731 8.84116C5.21731 9.15807 4.95776 9.41498 4.63759 9.41498H4.25111C3.93094 9.41498 3.67139 9.15807 3.67139 8.84116Z" fill="#EB0203"></path>
                    <path fill-rule="evenodd" clip-rule="evenodd" d="M3.67139 14.9655C3.67139 14.6486 3.93094 14.3917 4.25111 14.3917H4.63759C4.95776 14.3917 5.21731 14.6486 5.21731 14.9655C5.21731 15.2825 4.95776 15.5394 4.63759 15.5394H4.25111C3.93094 15.5394 3.67139 15.2825 3.67139 14.9655Z" fill="#EB0203"></path>
                    <path fill-rule="evenodd" clip-rule="evenodd" d="M0 1.76033C0 0.914738 0.692131 0.229248 1.54592 0.229248H15.0727C15.9265 0.229248 16.6186 0.914738 16.6186 1.76033V11.2818C16.6186 11.5989 16.3591 11.8559 16.0389 11.8559C15.7187 11.8559 15.4592 11.5989 15.4592 11.2818V1.76033C15.4592 1.54893 15.2862 1.37756 15.0727 1.37756H1.54592C1.33247 1.37756 1.15944 1.54893 1.15944 1.76033V18.985C1.15944 19.1964 1.33247 19.3678 1.54592 19.3678H9.27551C9.59568 19.3678 9.85523 19.6249 9.85523 19.942C9.85523 20.2591 9.59568 20.5161 9.27551 20.5161H1.54592C0.692131 20.5161 0 19.8306 0 18.985V1.76033Z" fill="#EB0203"></path>
                    <path fill-rule="evenodd" clip-rule="evenodd" d="M14.6254 13.8718C13.4921 12.8567 11.7821 12.7615 10.6574 13.7147C9.12472 15.0124 9.34891 17.128 10.4413 18.2493L14.0161 21.9126C14.2199 22.1217 14.493 22.2386 14.7824 22.2386C15.0739 22.2386 15.3449 22.1238 15.5487 21.9147L19.1235 18.2514C20.2139 17.13 20.4422 15.0144 18.9075 13.7147C17.7827 12.7634 16.0726 12.8569 14.9392 13.872C14.8856 13.92 14.8333 13.9701 14.7824 14.0222C14.7314 13.97 14.6791 13.9199 14.6254 13.8718ZM18.1546 14.588C19.0972 15.3869 18.9961 16.7262 18.2891 17.4541C18.2888 17.4543 18.2886 17.4546 18.2884 17.4548L14.7834 21.0466L11.2757 17.452C11.2756 17.4519 11.2755 17.4517 11.2753 17.4516C10.5681 16.7252 10.4682 15.3856 11.4108 14.5876L11.4112 14.5872C12.0748 14.0248 13.202 14.0556 13.949 14.8205L14.7824 15.674L15.6158 14.8205C16.3618 14.0567 17.4896 14.0256 18.1545 14.5879" fill="#EB0203"></path>
                    </svg>
                    </button>
                    </div>
                    <div class="col-sm-10 col-12">
                    <div class="ct-tile-quantity d-none" data-pid="4863936">
                    <input type="hidden" class="add-to-cart-url" value="https://www.continente.pt/on/demandware.store/Sites-continente-Site/default/Cart-AddProduct">
                    <div class="d-none tile-delete-confirmation-btn" data-pid="4863936" data-delay-time="3000" data-in-cart-msg="no carrinho" data-one-product-added="Adicionado ao carrinho" data-remove-from-cart-msg="Removido do carrinho" data-stay-open="6000.0" data-confirmation-image="{&quot;url&quot;:&quot;https://www.continente.pt/dw/image/v2/BDVS_PRD/on/demandware.static/-/Sites-col-master-catalog/default/dw53868b13/images/col/486/4863936-hero.jpg?sw=87&amp;sh=80&quot;,&quot;fallbackimage&quot;:{&quot;url&quot;:&quot;https://www.continente.pt/dw/image/v2/BDVS_PRD/on/demandware.static/Sites-continente-Site/-/default/dw7c42b4da/images/noimagelarge_product.png?sw=87&amp;sh=80&quot;,&quot;title&quot;:&quot;Queijo Flamengo Fatiado&quot;,&quot;alt&quot;:&quot;Queijo Flamengo Fatiado&quot;},&quot;title&quot;:&quot;Queijo Flamengo Fatiado&quot;,&quot;alt&quot;:&quot;Queijo Flamengo Fatiado&quot;}"></div>
                    <div class="ct-tile-quantity-update quantity-update product-qty-vue" data-remove-action="https://www.continente.pt/on/demandware.store/Sites-continente-Site/default/Cart-RemoveProductLineItem" data-action="https://www.continente.pt/on/demandware.store/Sites-continente-Site/default/Cart-UpdateQuantity" data-dimension-update="https://www.continente.pt/on/demandware.store/Sites-continente-Site/default/Cart-DimensionUpdate" data-pid="4863936" data-uuid="a1e6a89b4b2e83382a3a4f3cdb" data-add-delay="500.0" data-measure-options="{&quot;hasConversionRate&quot;:false,&quot;hasAlternativeSaleUnit&quot;:false,&quot;unitConversionRate&quot;:0,&quot;minOrderQuantity&quot;:1,&quot;stepQuantity&quot;:1,&quot;primaryunit&quot;:&quot;un&quot;,&quot;secondaryunit&quot;:&quot;kg&quot;,&quot;selectedunit&quot;:&quot;primary&quot;,&quot;maxNumberOfUnitsPerSale&quot;:50}" data-price-available="null" :data-has-error="isMaxQtyReached || isMinQtyReached || qtySelectedMoreThanOne">
                    <template v-show="prodUnits">
                    <div class="quantity-input-wrapper has-units">
                    <label class="visually-hidden" :for="'quantity-' + pid + additionalTag">
                    Quantidade no carrinho
                    </label>
                    <input :ref="'quantityInput-' + pid + additionalTag" class="add-to-cart-quantity form-control ct-form-input text-center" inputmode="numeric" :class="{'is-invalid': isInvalid}" :data-pid="pid + additionalTag" :name="'quantity-' + pid + additionalTag" type="text" aria-label="Insira a quantidade" title="" v-model="displayValue" @change="updateQuantity" @focus="updateQtyFormat" @blur="restoreQtyFormat" :disabled="!isPriceAvailable">
                    <span class="quantity-icon quantity-icon--minus">
                    <button class="decrease-quantity-btn" @click="updateQuantity" :disabled="!isPriceAvailable" role="button" aria-label="Reduzir quantidade">
                    <i class="css-math-minus"></i>
                    </button>
                    </span>
                    <span class="quantity-icon quantity-icon--plus">
                    <button class="increase-quantity-btn" @click="updateQuantity" :disabled="isMaxQtyReached || !isPriceAvailable" role="button" aria-label="Aumentar quantidade">
                    <i class="css-math-plus"></i>
                    </button>
                    <span class="quantity-btn-disabled-placeholder"></span>
                    </span>
                    <template v-if="isPDP">
                    <span class="quantity-error ct-span-error text-sm-center product-max-allocation" v-if="isMaxQtyReached">
                    Quantidade máxima atingida
                    </span>
                    <span class="quantity-error ct-span-product text-sm-center product-allocation" v-if="!isMinQtyReached &amp;&amp; !isMaxQtyReached">
                    {{quantitySelected}} no carrinho
                    </span>
                    <span class="quantity-error ct-span-error text-sm-center product-min-allocation" :data-pid="pid" v-if="isMinQtyReached &amp;&amp; !isMaxQtyReached">
                    Quantidade mínima atingida
                    </span>
                    </template>
                    </div>
                    <template v-if="showNotes">
                    <div class="add-note-link-container ">
                    <div class="add-note">
                    <a href="/produto/queijo-flamengo-fatiado-limiano-4863936.html?showNote=true" class="ct-add-note-redirect-pdp" aria-label="Adicionar comentário">
                    <span class="svg-wrapper svg-icon-notes" style="width:19px; height:20px">
                    <svg class="svg-inline icon-notes" viewBox="0 0 28 30" xmlns="http://www.w3.org/2000/svg" width="100%" height="100%"><path d="M21.738 0C22.985 0 24 1.04 24 2.319V12.47c0 .469-.37.848-.828.848-.457 0-.827-.38-.827-.848V2.32c0-.343-.273-.622-.607-.622H2.262c-.334 0-.607.279-.607.622V27.68c0 .343.273.622.607.622h7.81c.457 0 .827.38.827.849 0 .468-.37.848-.827.848h-7.81C1.015 30 0 28.96 0 27.681V2.32C0 1.04 1.015 0 2.262 0h19.476zm2.844 16.004l.227.007c.823.053 1.589.39 2.176.964.64.627.993 1.46.993 2.349 0 .888-.353 1.722-.993 2.348l-6.83 6.665c-.11.108-.247.186-.397.226l-5.032 1.363c-.078.021-.16.032-.241.032-.242 0-.478-.097-.647-.266-.23-.231-.314-.566-.218-.874l1.49-4.798c.044-.139.122-.266.227-.369l6.844-6.677c.64-.625 1.493-.97 2.401-.97zm-2.886 3.94l-4.922 4.802-.947 3.048 3.22-.872 4.897-4.78-2.248-2.197zm2.887-2.174c-.425 0-.824.162-1.124.455l-.484.472 2.248 2.197.484-.472c.62-.606.62-1.591 0-2.197l-.117-.104c-.283-.227-.636-.35-1.007-.35zm-10.839.022c.498 0 .904.396.904.883 0 .488-.406.884-.904.884H5.946c-.499 0-.904-.396-.904-.884 0-.487.405-.883.904-.883zm5.042-4.876c.498 0 .904.397.904.884s-.406.884-.904.884H5.946c-.499 0-.904-.397-.904-.884s.405-.884.904-.884zm0-4.875c.498 0 .904.396.904.884 0 .487-.406.883-.904.883H5.946c-.499 0-.904-.396-.904-.883 0-.488.405-.884.904-.884z" fill="#EB0203" fill-rule="evenodd"></path></svg>
                    </span>
                    <div class="available-note d-none"></div>
                    </a>
                    </div>
                    </div>
                    </template>
                    <div class="measurement-unit-section" v-if="isPriceAvailable &amp;&amp; prodUnits ? prodUnits.hasAlternativeUnit : false">
                    <div class="ct-form-radio" @click="setDimension">
                    <input type="radio" title="" class="ct-form-check-input product-measurement-unit" :data-type="prodUnits.selectedUnit == prodUnits.secondaryUnit ? 'primary' : ''" :id="prodUnits.secondaryUnit + '-' + pid + '-measurement-unit-ptile' + additionalTag" :name="'measurement-unit-' + pid + '-ptile' + additionalTag" :value="prodUnits.secondaryUnit" v-model="prodUnits.selectedUnit">
                    <label :class="prodUnits.secondaryUnit + '-label ct-form-check-label mb-0'" :for="prodUnits.secondaryUnit + '-' + pid + '-measurement-unit-ptile' + additionalTag">
                    {{prodUnits.secondaryUnit}}
                    </label>
                    <span class="checkmark"></span>
                    </div>
                    <div class="ct-form-radio" @click="setDimension">
                    <input type="radio" title="" class="ct-form-check-input product-measurement-unit" :data-type="prodUnits.selectedUnit == prodUnits.primaryUnit ? 'primary' : ''" :id="prodUnits.primaryUnit + '-' + pid + '-measurement-unit-ptile' + additionalTag" :name="'measurement-unit-' + pid + '-ptile' + additionalTag" :value="prodUnits.primaryUnit" v-model="prodUnits.selectedUnit">
                    <label :class="prodUnits.primaryUnit + '-label ct-form-check-label mb-0'" :for="prodUnits.primaryUnit + '-' + pid + '-measurement-unit-ptile' + additionalTag">
                    {{prodUnits.primaryUnit}}
                    </label>
                    <span class="checkmark"></span>
                    </div>
                    </div>
                    <template v-if="!isPDP &amp;&amp; isPriceAvailable">
                    <span class="quantity-error ct-span-error product-max-allocation" v-if="isMaxQtyReached">
                    Quantidade máxima atingida
                    </span>
                    <span class="quantity-error ct-span-product product-allocation" v-if="!isMinQtyReached &amp;&amp; !isMaxQtyReached">
                    {{quantitySelected}} no carrinho
                    </span>
                    <span class="quantity-error ct-span-error product-min-allocation" :data-pid="pid" v-if="isMinQtyReached &amp;&amp; !isMaxQtyReached">
                    Quantidade mínima atingida
                    </span>
                    </template>
                    </template>
                    </div>
                    <input class="quantity-value-mask d-none" name="quantity" type="number" min="0" value="">
                    </div>
                    <button type="button" class="add-to-cart button js-add-to-cart js-add-to-cart-tile 4863936 button--primary dynamic-layout-btn" data-toggle="modal" data-target="#chooseBonusProductModal" data-pid="4863936" data-quantity-value="null" aria-label="Carrinho">
                    <span class="d-block d-sm-none">
                    <span class="svg-wrapper svg-icon-cart" style="width:20px; height:20px">
                    <svg class="svg-inline icon-cart" xmlns="http://www.w3.org/2000/svg" viewBox="0 0 500 500" width="100%" height="100%"><path fill="#EB0203" fill-rule="evenodd" d="M 485.67317,94.386311 C 476.37798,83.847129 463.09468,78.03348 448.30404,78.03348 H 90.690813 L 87.079511,51.327997 C 83.185582,22.539551 62.962285,0 41.011841,0 H 14.727836 C 6.563151,0 0,6.5286975 0,14.580758 c 0,8.05206 6.5945535,14.580758 14.727836,14.580758 h 26.284005 c 4.710398,0 14.696435,9.855222 16.894619,26.021523 L 100.01739,368.0631 c 1.88416,13.77244 9.01256,26.70549 20.1605,36.37417 8.25889,7.15046 18.02511,11.9071 28.26237,13.89679 -4.17655,7.58572 -6.53175,16.25957 -6.53175,25.493 0,29.53459 24.27424,53.59751 54.13815,53.59751 29.8325,0 54.13814,-24.03184 54.13814,-53.59751 0,-8.79818 -2.19818,-17.09897 -5.9979,-24.43598 h 77.12488 c -3.79973,7.33701 -5.96652,15.6378 -5.96652,24.43598 0,29.53459 24.27424,53.59751 54.13817,53.59751 29.83249,0 54.13814,-24.03184 54.13814,-53.59751 0,-8.79818 -2.1982,-17.09897 -5.9979,-24.43598 h 38.56243 c 8.13328,0 14.72783,-6.5287 14.72783,-14.61183 0,-8.02098 -6.59455,-14.54967 -14.72783,-14.54967 H 159.24277 c -14.38241,0 -28.13677,-11.90711 -30.02092,-26.02153 l -3.07746,-22.88154 h 290.6314 c 14.03698,0 27.94834,-5.28513 39.06488,-14.95381 11.11652,-9.6376 18.27632,-22.57065 20.16048,-36.37417 l 21.10259,-156.78201 c 1.94694,-14.51858 -2.10398,-28.29103 -11.43057,-38.861299 z M 220.76053,443.82706 c 0,13.49265 -11.08513,24.46709 -24.68247,24.46709 -13.62874,0 -24.71387,-10.97444 -24.71387,-24.46709 0,-13.49262 11.08513,-24.43598 24.71387,-24.43598 13.59734,0 24.68247,10.94336 24.68247,24.43598 z m 173.43675,0 c 0,13.49265 -11.08512,24.46709 -24.68245,24.46709 -13.62876,0 -24.71388,-10.97444 -24.71388,-24.46709 0,-13.49262 11.08512,-24.43598 24.71388,-24.43598 13.59733,0 24.68245,10.94336 24.68245,24.43598 z m 73.7648,-314.46558 -21.13397,156.782 c -1.88416,14.11442 -15.63851,26.05261 -30.02091,26.05261 H 122.25046 L 94.616142,107.19499 H 448.33544 c 6.18632,0 11.61896,2.2695 15.23028,6.37326 3.64269,4.13484 5.21283,9.73086 4.39636,15.79323 z"></path></svg>
                    </span>
                    </span>
                    <span class="add-to-cart--text d-none d-sm-block">Carrinho</span>
                    </button>
                    </div>
                    </div>
                    </div>
                    </div>
                    
                    <div class="col-12 d-sm-none">
                    </div>
                    </div>
                    </div>
                    </div>
                    </div>
                    <div class="col-12 col-sm-3 col-lg-2 productTile" data-idx="5">
                    
                    <script type="text/javascript">//<!--
                    /* <![CDATA[ */
                    (function(){
                    try {
                        if(window.CQuotient) {
                        var cq_params = {};
                        
                        cq_params.cookieId = window.CQuotient.getCQCookieId();
                        cq_params.userId = window.CQuotient.getCQUserId();
                        cq_params.emailId = CQuotient.getCQHashedEmail();
                        cq_params.loginId = CQuotient.getCQHashedLogin();
                        cq_params.accumulate = true;
                        cq_params.products = [{
                            id: '7066777',
                            sku: ''
                        }];
                        cq_params.categoryId = 'laticinios';
                        cq_params.refinements = '[{\"name\":\"priceMin\",\"value\":\"0.01\"},{\"name\":\"priceMax\",\"value\":\"null\"},{\"name\":\"curr\",\"value\":\"EUR\"},{\"name\":\"Category\",\"value\":\"laticinios\"}]';
                        cq_params.personalized = 'false';
                        cq_params.sortingRule = 'FOOD-Laticinios';
                        cq_params.imageUUID = '__UNDEFINED__';
                        cq_params.realm = "BDVS";
                        cq_params.siteId = "continente";
                        cq_params.instanceType = "prd";
                        cq_params.queryLocale = "default";
                        cq_params.locale = window.CQuotient.locale;
                        
                        if(window.CQuotient.sendActivity)
                            window.CQuotient.sendActivity(CQuotient.clientId, 'viewCategory', cq_params);
                        else
                            window.CQuotient.activities.push({
                                activityType: 'viewCategory',
                                parameters: cq_params
                            });
                      }
                    } catch(err) {}
                    })();
                    /* ]]> */
                    // -->
                    </script>
                    <script type="text/javascript">//<!--
                    /* <![CDATA[ (viewCategoryProduct-active_data.js) */
                    (function(){
                    try {
                        if (dw.ac) {
                            var search_params = {};
                            search_params.persd = 'false';
                            search_params.refs = '[{\"name\":\"priceMin\",\"value\":\"0.01\"},{\"name\":\"priceMax\",\"value\":\"null\"},{\"name\":\"curr\",\"value\":\"EUR\"},{\"name\":\"Category\",\"value\":\"laticinios\"}]';
                            search_params.sort = 'FOOD-Laticinios';
                            search_params.imageUUID = '';
                            search_params.searchID = 'ff60679a-0a42-4d90-af85-afdcdfaee427';
                            search_params.locale = 'default';
                            search_params.queryLocale = 'default';
                            search_params.showProducts = 'true';
                            dw.ac.applyContext({category: "laticinios", searchData: search_params});
                            if (typeof dw.ac._scheduleDataSubmission === "function") {
                                dw.ac._scheduleDataSubmission();
                            }
                        }
                    } catch(err) {}
                    })();
                    /* ]]> */
                    // -->
                    </script>
                    <script type="text/javascript">//<!--
                    /* <![CDATA[ (viewProduct-active_data.js) */
                    dw.ac._capture({id: "7066777", type: "searchhit"});
                    /* ]]> */
                    // -->
                    </script>
                    <div class="product" data-pid="7066777">
                    <div class="product-tile pid-7066777 ct-product-tile data-layer-pushed" data-delay-time="3000" data-variants-mapping="[]" data-in-cart-msg="no carrinho" data-one-product-added="Adicionado ao carrinho" data-remove-from-cart-msg="Removido do carrinho" data-stay-open="6000.0" data-product-tile-impression="{&quot;name&quot;:&quot;7066777&quot;,&quot;id&quot;:&quot;7066777&quot;,&quot;price&quot;:2.39,&quot;brand&quot;:&quot;Continente&quot;,&quot;category&quot;:[{&quot;category_level_1&quot;:&quot;Laticínios e Ovos&quot;},{&quot;category_level_2&quot;:&quot;Ovos&quot;}],&quot;variant&quot;:&quot;&quot;}">
                    <div class="ct-inner-tile-wrap row no-gutters justify-content-center align-content-start">
                    
                    <div class="ct-image-container col-4 col-sm" data-confirmation-image="{&quot;url&quot;:&quot;https://www.continente.pt/dw/image/v2/BDVS_PRD/on/demandware.static/-/Sites-col-master-catalog/default/dwe70b726b/images/col/706/7066777-frente.jpg?sw=87&amp;sh=80&quot;,&quot;fallbackimage&quot;:{&quot;url&quot;:&quot;https://www.continente.pt/dw/image/v2/BDVS_PRD/on/demandware.static/Sites-continente-Site/-/default/dw7c42b4da/images/noimagelarge_product.png?sw=87&amp;sh=80&quot;,&quot;title&quot;:&quot;Ovos de Solo Classe L&quot;,&quot;alt&quot;:&quot;Ovos de Solo Classe L&quot;},&quot;title&quot;:&quot;Ovos de Solo Classe L&quot;,&quot;alt&quot;:&quot;Ovos de Solo Classe L&quot;}">
                    <a href="https://www.continente.pt/produto/ovos-de-solo-classe-l-continente-7066777.html?cgid=laticinios">
                    <picture class="intrinsic intrinsic--square">
                    <img class="ct-tile-image lazyloaded" loading="lazy" onerror="this.onerror=null;this.src='/on/demandware.static/Sites-continente-Site/-/default/dw7c42b4da/images/noimagelarge_product.png';" data-src="https://www.continente.pt/dw/image/v2/BDVS_PRD/on/demandware.static/-/Sites-col-master-catalog/default/dwe70b726b/images/col/706/7066777-frente.jpg?sw=280&amp;sh=280" alt="Ovos de Solo Classe L" title="Ovos de Solo Classe L" src="https://www.continente.pt/dw/image/v2/BDVS_PRD/on/demandware.static/-/Sites-col-master-catalog/default/dwe70b726b/images/col/706/7066777-frente.jpg?sw=280&amp;sh=280">
                    </picture>
                    </a>
                    <div class=" ct-product-tile-badge ct-product-tile-badge--general">
                    <img class="img-fluid ct-tooltip-trigger lazyloaded" loading="lazy" data-src="https://www.continente.pt/dw/image/v2/BDVS_PRD/on/demandware.static/-/Sites-continente-Library/default/dw62d4c957/images/badges/general/col/madein.png?sw=25&amp;sh=25" alt="Crachá do produto" title="" data-toggle="tooltip" data-placement="right" data-original-title="Produzido em Portugal" src="https://www.continente.pt/dw/image/v2/BDVS_PRD/on/demandware.static/-/Sites-continente-Library/default/dw62d4c957/images/badges/general/col/madein.png?sw=25&amp;sh=25">
                    </div>
                    <div class="color-swatches d-flex" style="margin-left: 5px;">
                    <div class="swatches d-flex">
                    </div>
                    </div>
                    </div>
                    <div class="ct-tile-body col col-sm-auto ">
                    <div class="ct-pdp-details">
                    <div class="ct-pdp-link">
                    <a class="ct-tile--description" href="https://www.continente.pt/produto/ovos-de-solo-classe-l-continente-7066777.html?cgid=laticinios">Ovos de Solo Classe L</a>
                    <div class="ct-tile--favorite-top d-sm-none">
                    <button class="wishlist-toggler guest-mode inactive button button--tertiary" data-pid="7066777" data-add-url="https://www.continente.pt/on/demandware.store/Sites-continente-Site/default/Wishlist-AddProduct?pid=7066777" data-toggle="tooltip" aria-label="Adicionar aos favoritos " data-original-title="Adicionar aos favoritos" data-placement="top">
                    <svg class="active-content" width="100%" height="100%" viewBox="0 0 20 22" fill="none" xmlns="http://www.w3.org/2000/svg">
                    <path fill-rule="evenodd" clip-rule="evenodd" d="M0 1.53052C0 0.685236 0.692171 0 1.54601 0H15.0736C15.9274 0 16.6196 0.685235 16.6196 1.53052V13.4064L15.8127 13.922L14.2658 14.2658L12.7189 13.4064L10.6054 14.3818C10.4994 14.2451 10.3327 14.157 10.1452 14.157H6.76329C6.4431 14.157 6.18354 14.414 6.18354 14.731C6.18354 15.0479 6.4431 15.3049 6.76329 15.3049H10.1452C10.2478 15.3049 10.3441 15.2785 10.4277 15.2322L10.3126 16.8439L13.2345 20.2793H1.54601C0.69217 20.2793 0 19.5941 0 18.7488V1.53052ZM6.18354 5.5483C6.18354 5.23132 6.4431 4.97436 6.76329 4.97436H12.3676C12.6878 4.97436 12.9473 5.23132 12.9473 5.5483C12.9473 5.86528 12.6878 6.12224 12.3676 6.12224H6.76329C6.4431 6.12224 6.18354 5.86528 6.18354 5.5483ZM6.76329 11.0961C6.4431 11.0961 6.18354 11.3531 6.18354 11.6701C6.18354 11.987 6.4431 12.244 6.76329 12.244H12.3676C12.6878 12.244 12.9473 11.987 12.9473 11.6701C12.9473 11.3531 12.6878 11.0961 12.3676 11.0961H6.76329ZM6.18354 8.60985C6.18354 8.29287 6.4431 8.03591 6.76329 8.03591H12.3676C12.6878 8.03591 12.9473 8.29287 12.9473 8.60985C12.9473 8.92684 12.6878 9.1838 12.3676 9.1838H6.76329C6.4431 9.1838 6.18354 8.92684 6.18354 8.60985ZM3.67118 5.5483C3.67118 5.23132 3.93075 4.97436 4.25093 4.97436H4.63743C4.95762 4.97436 5.21719 5.23132 5.21719 5.5483C5.21719 5.86528 4.95762 6.12224 4.63743 6.12224H4.25093C3.93075 6.12224 3.67118 5.86528 3.67118 5.5483ZM4.25093 11.0961C3.93075 11.0961 3.67118 11.3531 3.67118 11.6701C3.67118 11.987 3.93075 12.244 4.25093 12.244H4.63743C4.95762 12.244 5.21719 11.987 5.21719 11.6701C5.21719 11.3531 4.95762 11.0961 4.63743 11.0961H4.25093ZM3.67118 8.60985C3.67118 8.29287 3.93075 8.03591 4.25093 8.03591H4.63743C4.95762 8.03591 5.21719 8.29287 5.21719 8.60985C5.21719 8.92684 4.95762 9.1838 4.63743 9.1838H4.25093C3.93075 9.1838 3.67118 8.92684 3.67118 8.60985ZM4.25093 14.157C3.93075 14.157 3.67118 14.414 3.67118 14.731C3.67118 15.0479 3.93075 15.3049 4.25093 15.3049H4.63743C4.95762 15.3049 5.21719 15.0479 5.21719 14.731C5.21719 14.414 4.95762 14.157 4.63743 14.157H4.25093Z" fill="#EB0203"></path>
                    <path fill-rule="evenodd" clip-rule="evenodd" d="M14.6252 13.6363C13.4918 12.6215 11.7817 12.5264 10.6569 13.4792C9.12421 14.7764 9.34841 16.8912 10.4409 18.0122L14.0159 21.6742C14.2197 21.8832 14.4928 22 14.7822 22C15.0737 22 15.3448 21.8852 15.5486 21.6762L19.1236 18.0142C20.214 16.8933 20.4423 14.7785 18.9075 13.4792C17.7827 12.5283 16.0724 12.6217 14.9391 13.6365C14.8855 13.6845 14.8331 13.7345 14.7822 13.7866C14.7313 13.7345 14.6789 13.6843 14.6252 13.6363ZM18.1546 14.3522C19.0973 15.1508 18.9962 16.4896 18.2891 17.2173C18.2888 17.2175 18.2886 17.2177 18.2884 17.218L14.7832 20.8084L11.2753 17.2151C11.2752 17.215 11.2751 17.2149 11.2749 17.2148C10.5677 16.4887 10.4678 15.1495 11.4104 14.3518L11.4108 14.3514C12.0745 13.7892 13.2018 13.82 13.9488 14.5846L14.7822 15.4378L15.6157 14.5846C16.3617 13.8211 17.4896 13.79 18.1545 14.3521" fill="#EB0203"></path>
                    </svg>
                    <svg class="inactive-content" width="100%" height="100%" viewBox="0 0 20 23" fill="none" xmlns="http://www.w3.org/2000/svg">
                    <path fill-rule="evenodd" clip-rule="evenodd" d="M6.18408 5.77914C6.18408 5.46223 6.44363 5.20532 6.7638 5.20532H12.3678C12.6879 5.20532 12.9475 5.46223 12.9475 5.77914C12.9475 6.09606 12.6879 6.35297 12.3678 6.35297H6.7638C6.44363 6.35297 6.18408 6.09606 6.18408 5.77914Z" fill="#EB0203"></path>
                    <path fill-rule="evenodd" clip-rule="evenodd" d="M6.18408 11.9034C6.18408 11.5865 6.44363 11.3296 6.7638 11.3296H12.3678C12.6879 11.3296 12.9475 11.5865 12.9475 11.9034C12.9475 12.2202 12.6879 12.4771 12.3678 12.4771H6.7638C6.44363 12.4771 6.18408 12.2202 6.18408 11.9034Z" fill="#EB0203"></path>
                    <path fill-rule="evenodd" clip-rule="evenodd" d="M6.18408 8.84116C6.18408 8.52424 6.44363 8.26733 6.7638 8.26733H12.3678C12.6879 8.26733 12.9475 8.52424 12.9475 8.84116C12.9475 9.15807 12.6879 9.41498 12.3678 9.41498H6.7638C6.44363 9.41498 6.18408 9.15807 6.18408 8.84116Z" fill="#EB0203"></path>
                    <path fill-rule="evenodd" clip-rule="evenodd" d="M6.18408 14.9655C6.18408 14.6486 6.44363 14.3917 6.7638 14.3917H10.1455C10.4657 14.3917 10.7252 14.6486 10.7252 14.9655C10.7252 15.2825 10.4657 15.5394 10.1455 15.5394H6.7638C6.44363 15.5394 6.18408 15.2825 6.18408 14.9655Z" fill="#EB0203"></path>
                    <path fill-rule="evenodd" clip-rule="evenodd" d="M3.67139 5.77914C3.67139 5.46223 3.93094 5.20532 4.25111 5.20532H4.63759C4.95776 5.20532 5.21731 5.46223 5.21731 5.77914C5.21731 6.09606 4.95776 6.35297 4.63759 6.35297H4.25111C3.93094 6.35297 3.67139 6.09606 3.67139 5.77914Z" fill="#EB0203"></path>
                    <path fill-rule="evenodd" clip-rule="evenodd" d="M3.67139 11.9034C3.67139 11.5865 3.93094 11.3296 4.25111 11.3296H4.63759C4.95776 11.3296 5.21731 11.5865 5.21731 11.9034C5.21731 12.2202 4.95776 12.4771 4.63759 12.4771H4.25111C3.93094 12.4771 3.67139 12.2202 3.67139 11.9034Z" fill="#EB0203"></path>
                    <path fill-rule="evenodd" clip-rule="evenodd" d="M3.67139 8.84116C3.67139 8.52424 3.93094 8.26733 4.25111 8.26733H4.63759C4.95776 8.26733 5.21731 8.52424 5.21731 8.84116C5.21731 9.15807 4.95776 9.41498 4.63759 9.41498H4.25111C3.93094 9.41498 3.67139 9.15807 3.67139 8.84116Z" fill="#EB0203"></path>
                    <path fill-rule="evenodd" clip-rule="evenodd" d="M3.67139 14.9655C3.67139 14.6486 3.93094 14.3917 4.25111 14.3917H4.63759C4.95776 14.3917 5.21731 14.6486 5.21731 14.9655C5.21731 15.2825 4.95776 15.5394 4.63759 15.5394H4.25111C3.93094 15.5394 3.67139 15.2825 3.67139 14.9655Z" fill="#EB0203"></path>
                    <path fill-rule="evenodd" clip-rule="evenodd" d="M0 1.76033C0 0.914738 0.692131 0.229248 1.54592 0.229248H15.0727C15.9265 0.229248 16.6186 0.914738 16.6186 1.76033V11.2818C16.6186 11.5989 16.3591 11.8559 16.0389 11.8559C15.7187 11.8559 15.4592 11.5989 15.4592 11.2818V1.76033C15.4592 1.54893 15.2862 1.37756 15.0727 1.37756H1.54592C1.33247 1.37756 1.15944 1.54893 1.15944 1.76033V18.985C1.15944 19.1964 1.33247 19.3678 1.54592 19.3678H9.27551C9.59568 19.3678 9.85523 19.6249 9.85523 19.942C9.85523 20.2591 9.59568 20.5161 9.27551 20.5161H1.54592C0.692131 20.5161 0 19.8306 0 18.985V1.76033Z" fill="#EB0203"></path>
                    <path fill-rule="evenodd" clip-rule="evenodd" d="M14.6254 13.8718C13.4921 12.8567 11.7821 12.7615 10.6574 13.7147C9.12472 15.0124 9.34891 17.128 10.4413 18.2493L14.0161 21.9126C14.2199 22.1217 14.493 22.2386 14.7824 22.2386C15.0739 22.2386 15.3449 22.1238 15.5487 21.9147L19.1235 18.2514C20.2139 17.13 20.4422 15.0144 18.9075 13.7147C17.7827 12.7634 16.0726 12.8569 14.9392 13.872C14.8856 13.92 14.8333 13.9701 14.7824 14.0222C14.7314 13.97 14.6791 13.9199 14.6254 13.8718ZM18.1546 14.588C19.0972 15.3869 18.9961 16.7262 18.2891 17.4541C18.2888 17.4543 18.2886 17.4546 18.2884 17.4548L14.7834 21.0466L11.2757 17.452C11.2756 17.4519 11.2755 17.4517 11.2753 17.4516C10.5681 16.7252 10.4682 15.3856 11.4108 14.5876L11.4112 14.5872C12.0748 14.0248 13.202 14.0556 13.949 14.8205L14.7824 15.674L15.6158 14.8205C16.3618 14.0567 17.4896 14.0256 18.1545 14.5879" fill="#EB0203"></path>
                    </svg>
                    </button>
                    </div>
                    </div>
                    <p class="ct-tile--brand">Continente</p>
                    <p class="ct-tile--quantity">emb. 12 un</p>
                    </div>
                    <div class="ct-tile-bottom row no-gutters justify-content-between">
                    <div class="ct-price-wrap col-8 col-sm-12">
                    <div class="price js-product-price">
                    <div class="prices-wrapper">
                    <span class="sales ct-tile--price-primary ">
                    <span class="value" content="2.39">
                    <span class="ct-price-formatted">
                    €2,39
                    </span>
                    <span class="ct-m-unit">
                    /un
                    </span>
                    </span>
                    </span>
                    </div>
                    <div class="ct-tile--price-secondary">
                    <span class="ct-price-value">
                    €2,39
                    </span>
                    <span class="ct-m-unit">
                    /doz
                    </span>
                    </div>
                    </div>
                    </div>
                    <div class="ct-tile-buy-section d-flex justify-content-center no-gutters col-auto col-sm-12">
                    <div class="col-2 d-sm-flex d-none">
                    <button class="wishlist-toggler guest-mode inactive button button--tertiary" data-pid="7066777" data-add-url="https://www.continente.pt/on/demandware.store/Sites-continente-Site/default/Wishlist-AddProduct?pid=7066777" data-toggle="tooltip" aria-label="Adicionar aos favoritos " data-original-title="Adicionar aos favoritos" data-placement="top">
                    <svg class="active-content" width="100%" height="100%" viewBox="0 0 20 22" fill="none" xmlns="http://www.w3.org/2000/svg">
                    <path fill-rule="evenodd" clip-rule="evenodd" d="M0 1.53052C0 0.685236 0.692171 0 1.54601 0H15.0736C15.9274 0 16.6196 0.685235 16.6196 1.53052V13.4064L15.8127 13.922L14.2658 14.2658L12.7189 13.4064L10.6054 14.3818C10.4994 14.2451 10.3327 14.157 10.1452 14.157H6.76329C6.4431 14.157 6.18354 14.414 6.18354 14.731C6.18354 15.0479 6.4431 15.3049 6.76329 15.3049H10.1452C10.2478 15.3049 10.3441 15.2785 10.4277 15.2322L10.3126 16.8439L13.2345 20.2793H1.54601C0.69217 20.2793 0 19.5941 0 18.7488V1.53052ZM6.18354 5.5483C6.18354 5.23132 6.4431 4.97436 6.76329 4.97436H12.3676C12.6878 4.97436 12.9473 5.23132 12.9473 5.5483C12.9473 5.86528 12.6878 6.12224 12.3676 6.12224H6.76329C6.4431 6.12224 6.18354 5.86528 6.18354 5.5483ZM6.76329 11.0961C6.4431 11.0961 6.18354 11.3531 6.18354 11.6701C6.18354 11.987 6.4431 12.244 6.76329 12.244H12.3676C12.6878 12.244 12.9473 11.987 12.9473 11.6701C12.9473 11.3531 12.6878 11.0961 12.3676 11.0961H6.76329ZM6.18354 8.60985C6.18354 8.29287 6.4431 8.03591 6.76329 8.03591H12.3676C12.6878 8.03591 12.9473 8.29287 12.9473 8.60985C12.9473 8.92684 12.6878 9.1838 12.3676 9.1838H6.76329C6.4431 9.1838 6.18354 8.92684 6.18354 8.60985ZM3.67118 5.5483C3.67118 5.23132 3.93075 4.97436 4.25093 4.97436H4.63743C4.95762 4.97436 5.21719 5.23132 5.21719 5.5483C5.21719 5.86528 4.95762 6.12224 4.63743 6.12224H4.25093C3.93075 6.12224 3.67118 5.86528 3.67118 5.5483ZM4.25093 11.0961C3.93075 11.0961 3.67118 11.3531 3.67118 11.6701C3.67118 11.987 3.93075 12.244 4.25093 12.244H4.63743C4.95762 12.244 5.21719 11.987 5.21719 11.6701C5.21719 11.3531 4.95762 11.0961 4.63743 11.0961H4.25093ZM3.67118 8.60985C3.67118 8.29287 3.93075 8.03591 4.25093 8.03591H4.63743C4.95762 8.03591 5.21719 8.29287 5.21719 8.60985C5.21719 8.92684 4.95762 9.1838 4.63743 9.1838H4.25093C3.93075 9.1838 3.67118 8.92684 3.67118 8.60985ZM4.25093 14.157C3.93075 14.157 3.67118 14.414 3.67118 14.731C3.67118 15.0479 3.93075 15.3049 4.25093 15.3049H4.63743C4.95762 15.3049 5.21719 15.0479 5.21719 14.731C5.21719 14.414 4.95762 14.157 4.63743 14.157H4.25093Z" fill="#EB0203"></path>
                    <path fill-rule="evenodd" clip-rule="evenodd" d="M14.6252 13.6363C13.4918 12.6215 11.7817 12.5264 10.6569 13.4792C9.12421 14.7764 9.34841 16.8912 10.4409 18.0122L14.0159 21.6742C14.2197 21.8832 14.4928 22 14.7822 22C15.0737 22 15.3448 21.8852 15.5486 21.6762L19.1236 18.0142C20.214 16.8933 20.4423 14.7785 18.9075 13.4792C17.7827 12.5283 16.0724 12.6217 14.9391 13.6365C14.8855 13.6845 14.8331 13.7345 14.7822 13.7866C14.7313 13.7345 14.6789 13.6843 14.6252 13.6363ZM18.1546 14.3522C19.0973 15.1508 18.9962 16.4896 18.2891 17.2173C18.2888 17.2175 18.2886 17.2177 18.2884 17.218L14.7832 20.8084L11.2753 17.2151C11.2752 17.215 11.2751 17.2149 11.2749 17.2148C10.5677 16.4887 10.4678 15.1495 11.4104 14.3518L11.4108 14.3514C12.0745 13.7892 13.2018 13.82 13.9488 14.5846L14.7822 15.4378L15.6157 14.5846C16.3617 13.8211 17.4896 13.79 18.1545 14.3521" fill="#EB0203"></path>
                    </svg>
                    <svg class="inactive-content" width="100%" height="100%" viewBox="0 0 20 23" fill="none" xmlns="http://www.w3.org/2000/svg">
                    <path fill-rule="evenodd" clip-rule="evenodd" d="M6.18408 5.77914C6.18408 5.46223 6.44363 5.20532 6.7638 5.20532H12.3678C12.6879 5.20532 12.9475 5.46223 12.9475 5.77914C12.9475 6.09606 12.6879 6.35297 12.3678 6.35297H6.7638C6.44363 6.35297 6.18408 6.09606 6.18408 5.77914Z" fill="#EB0203"></path>
                    <path fill-rule="evenodd" clip-rule="evenodd" d="M6.18408 11.9034C6.18408 11.5865 6.44363 11.3296 6.7638 11.3296H12.3678C12.6879 11.3296 12.9475 11.5865 12.9475 11.9034C12.9475 12.2202 12.6879 12.4771 12.3678 12.4771H6.7638C6.44363 12.4771 6.18408 12.2202 6.18408 11.9034Z" fill="#EB0203"></path>
                    <path fill-rule="evenodd" clip-rule="evenodd" d="M6.18408 8.84116C6.18408 8.52424 6.44363 8.26733 6.7638 8.26733H12.3678C12.6879 8.26733 12.9475 8.52424 12.9475 8.84116C12.9475 9.15807 12.6879 9.41498 12.3678 9.41498H6.7638C6.44363 9.41498 6.18408 9.15807 6.18408 8.84116Z" fill="#EB0203"></path>
                    <path fill-rule="evenodd" clip-rule="evenodd" d="M6.18408 14.9655C6.18408 14.6486 6.44363 14.3917 6.7638 14.3917H10.1455C10.4657 14.3917 10.7252 14.6486 10.7252 14.9655C10.7252 15.2825 10.4657 15.5394 10.1455 15.5394H6.7638C6.44363 15.5394 6.18408 15.2825 6.18408 14.9655Z" fill="#EB0203"></path>
                    <path fill-rule="evenodd" clip-rule="evenodd" d="M3.67139 5.77914C3.67139 5.46223 3.93094 5.20532 4.25111 5.20532H4.63759C4.95776 5.20532 5.21731 5.46223 5.21731 5.77914C5.21731 6.09606 4.95776 6.35297 4.63759 6.35297H4.25111C3.93094 6.35297 3.67139 6.09606 3.67139 5.77914Z" fill="#EB0203"></path>
                    <path fill-rule="evenodd" clip-rule="evenodd" d="M3.67139 11.9034C3.67139 11.5865 3.93094 11.3296 4.25111 11.3296H4.63759C4.95776 11.3296 5.21731 11.5865 5.21731 11.9034C5.21731 12.2202 4.95776 12.4771 4.63759 12.4771H4.25111C3.93094 12.4771 3.67139 12.2202 3.67139 11.9034Z" fill="#EB0203"></path>
                    <path fill-rule="evenodd" clip-rule="evenodd" d="M3.67139 8.84116C3.67139 8.52424 3.93094 8.26733 4.25111 8.26733H4.63759C4.95776 8.26733 5.21731 8.52424 5.21731 8.84116C5.21731 9.15807 4.95776 9.41498 4.63759 9.41498H4.25111C3.93094 9.41498 3.67139 9.15807 3.67139 8.84116Z" fill="#EB0203"></path>
                    <path fill-rule="evenodd" clip-rule="evenodd" d="M3.67139 14.9655C3.67139 14.6486 3.93094 14.3917 4.25111 14.3917H4.63759C4.95776 14.3917 5.21731 14.6486 5.21731 14.9655C5.21731 15.2825 4.95776 15.5394 4.63759 15.5394H4.25111C3.93094 15.5394 3.67139 15.2825 3.67139 14.9655Z" fill="#EB0203"></path>
                    <path fill-rule="evenodd" clip-rule="evenodd" d="M0 1.76033C0 0.914738 0.692131 0.229248 1.54592 0.229248H15.0727C15.9265 0.229248 16.6186 0.914738 16.6186 1.76033V11.2818C16.6186 11.5989 16.3591 11.8559 16.0389 11.8559C15.7187 11.8559 15.4592 11.5989 15.4592 11.2818V1.76033C15.4592 1.54893 15.2862 1.37756 15.0727 1.37756H1.54592C1.33247 1.37756 1.15944 1.54893 1.15944 1.76033V18.985C1.15944 19.1964 1.33247 19.3678 1.54592 19.3678H9.27551C9.59568 19.3678 9.85523 19.6249 9.85523 19.942C9.85523 20.2591 9.59568 20.5161 9.27551 20.5161H1.54592C0.692131 20.5161 0 19.8306 0 18.985V1.76033Z" fill="#EB0203"></path>
                    <path fill-rule="evenodd" clip-rule="evenodd" d="M14.6254 13.8718C13.4921 12.8567 11.7821 12.7615 10.6574 13.7147C9.12472 15.0124 9.34891 17.128 10.4413 18.2493L14.0161 21.9126C14.2199 22.1217 14.493 22.2386 14.7824 22.2386C15.0739 22.2386 15.3449 22.1238 15.5487 21.9147L19.1235 18.2514C20.2139 17.13 20.4422 15.0144 18.9075 13.7147C17.7827 12.7634 16.0726 12.8569 14.9392 13.872C14.8856 13.92 14.8333 13.9701 14.7824 14.0222C14.7314 13.97 14.6791 13.9199 14.6254 13.8718ZM18.1546 14.588C19.0972 15.3869 18.9961 16.7262 18.2891 17.4541C18.2888 17.4543 18.2886 17.4546 18.2884 17.4548L14.7834 21.0466L11.2757 17.452C11.2756 17.4519 11.2755 17.4517 11.2753 17.4516C10.5681 16.7252 10.4682 15.3856 11.4108 14.5876L11.4112 14.5872C12.0748 14.0248 13.202 14.0556 13.949 14.8205L14.7824 15.674L15.6158 14.8205C16.3618 14.0567 17.4896 14.0256 18.1545 14.5879" fill="#EB0203"></path>
                    </svg>
                    </button>
                    </div>
                    <div class="col-sm-10 col-12">
                    <div class="ct-tile-quantity d-none" data-pid="7066777">
                    <input type="hidden" class="add-to-cart-url" value="https://www.continente.pt/on/demandware.store/Sites-continente-Site/default/Cart-AddProduct">
                    <div class="d-none tile-delete-confirmation-btn" data-pid="7066777" data-delay-time="3000" data-in-cart-msg="no carrinho" data-one-product-added="Adicionado ao carrinho" data-remove-from-cart-msg="Removido do carrinho" data-stay-open="6000.0" data-confirmation-image="{&quot;url&quot;:&quot;https://www.continente.pt/dw/image/v2/BDVS_PRD/on/demandware.static/-/Sites-col-master-catalog/default/dwe70b726b/images/col/706/7066777-frente.jpg?sw=87&amp;sh=80&quot;,&quot;fallbackimage&quot;:{&quot;url&quot;:&quot;https://www.continente.pt/dw/image/v2/BDVS_PRD/on/demandware.static/Sites-continente-Site/-/default/dw7c42b4da/images/noimagelarge_product.png?sw=87&amp;sh=80&quot;,&quot;title&quot;:&quot;Ovos de Solo Classe L&quot;,&quot;alt&quot;:&quot;Ovos de Solo Classe L&quot;},&quot;title&quot;:&quot;Ovos de Solo Classe L&quot;,&quot;alt&quot;:&quot;Ovos de Solo Classe L&quot;}"></div>
                    <div class="ct-tile-quantity-update quantity-update product-qty-vue" data-remove-action="https://www.continente.pt/on/demandware.store/Sites-continente-Site/default/Cart-RemoveProductLineItem" data-action="https://www.continente.pt/on/demandware.store/Sites-continente-Site/default/Cart-UpdateQuantity" data-dimension-update="https://www.continente.pt/on/demandware.store/Sites-continente-Site/default/Cart-DimensionUpdate" data-pid="7066777" data-uuid="d069a68338530580432e33a65a" data-add-delay="500.0" data-measure-options="{&quot;hasConversionRate&quot;:false,&quot;hasAlternativeSaleUnit&quot;:false,&quot;unitConversionRate&quot;:0,&quot;minOrderQuantity&quot;:1,&quot;stepQuantity&quot;:1,&quot;primaryunit&quot;:&quot;un&quot;,&quot;secondaryunit&quot;:&quot;doz&quot;,&quot;selectedunit&quot;:&quot;primary&quot;,&quot;maxNumberOfUnitsPerSale&quot;:50}" data-price-available="null" :data-has-error="isMaxQtyReached || isMinQtyReached || qtySelectedMoreThanOne">
                    <template v-show="prodUnits">
                    <div class="quantity-input-wrapper has-units">
                    <label class="visually-hidden" :for="'quantity-' + pid + additionalTag">
                    Quantidade no carrinho
                    </label>
                    <input :ref="'quantityInput-' + pid + additionalTag" class="add-to-cart-quantity form-control ct-form-input text-center" inputmode="numeric" :class="{'is-invalid': isInvalid}" :data-pid="pid + additionalTag" :name="'quantity-' + pid + additionalTag" type="text" aria-label="Insira a quantidade" title="" v-model="displayValue" @change="updateQuantity" @focus="updateQtyFormat" @blur="restoreQtyFormat" :disabled="!isPriceAvailable">
                    <span class="quantity-icon quantity-icon--minus">
                    <button class="decrease-quantity-btn" @click="updateQuantity" :disabled="!isPriceAvailable" role="button" aria-label="Reduzir quantidade">
                    <i class="css-math-minus"></i>
                    </button>
                    </span>
                    <span class="quantity-icon quantity-icon--plus">
                    <button class="increase-quantity-btn" @click="updateQuantity" :disabled="isMaxQtyReached || !isPriceAvailable" role="button" aria-label="Aumentar quantidade">
                    <i class="css-math-plus"></i>
                    </button>
                    <span class="quantity-btn-disabled-placeholder"></span>
                    </span>
                    <template v-if="isPDP">
                    <span class="quantity-error ct-span-error text-sm-center product-max-allocation" v-if="isMaxQtyReached">
                    Quantidade máxima atingida
                    </span>
                    <span class="quantity-error ct-span-product text-sm-center product-allocation" v-if="!isMinQtyReached &amp;&amp; !isMaxQtyReached">
                    {{quantitySelected}} no carrinho
                    </span>
                    <span class="quantity-error ct-span-error text-sm-center product-min-allocation" :data-pid="pid" v-if="isMinQtyReached &amp;&amp; !isMaxQtyReached">
                    Quantidade mínima atingida
                    </span>
                    </template>
                    </div>
                    <template v-if="showNotes">
                    <div class="add-note-link-container ">
                    <div class="add-note">
                    <a href="/produto/ovos-de-solo-classe-l-continente-7066777.html?showNote=true" class="ct-add-note-redirect-pdp" aria-label="Adicionar comentário">
                    <span class="svg-wrapper svg-icon-notes" style="width:19px; height:20px">
                    <svg class="svg-inline icon-notes" viewBox="0 0 28 30" xmlns="http://www.w3.org/2000/svg" width="100%" height="100%"><path d="M21.738 0C22.985 0 24 1.04 24 2.319V12.47c0 .469-.37.848-.828.848-.457 0-.827-.38-.827-.848V2.32c0-.343-.273-.622-.607-.622H2.262c-.334 0-.607.279-.607.622V27.68c0 .343.273.622.607.622h7.81c.457 0 .827.38.827.849 0 .468-.37.848-.827.848h-7.81C1.015 30 0 28.96 0 27.681V2.32C0 1.04 1.015 0 2.262 0h19.476zm2.844 16.004l.227.007c.823.053 1.589.39 2.176.964.64.627.993 1.46.993 2.349 0 .888-.353 1.722-.993 2.348l-6.83 6.665c-.11.108-.247.186-.397.226l-5.032 1.363c-.078.021-.16.032-.241.032-.242 0-.478-.097-.647-.266-.23-.231-.314-.566-.218-.874l1.49-4.798c.044-.139.122-.266.227-.369l6.844-6.677c.64-.625 1.493-.97 2.401-.97zm-2.886 3.94l-4.922 4.802-.947 3.048 3.22-.872 4.897-4.78-2.248-2.197zm2.887-2.174c-.425 0-.824.162-1.124.455l-.484.472 2.248 2.197.484-.472c.62-.606.62-1.591 0-2.197l-.117-.104c-.283-.227-.636-.35-1.007-.35zm-10.839.022c.498 0 .904.396.904.883 0 .488-.406.884-.904.884H5.946c-.499 0-.904-.396-.904-.884 0-.487.405-.883.904-.883zm5.042-4.876c.498 0 .904.397.904.884s-.406.884-.904.884H5.946c-.499 0-.904-.397-.904-.884s.405-.884.904-.884zm0-4.875c.498 0 .904.396.904.884 0 .487-.406.883-.904.883H5.946c-.499 0-.904-.396-.904-.883 0-.488.405-.884.904-.884z" fill="#EB0203" fill-rule="evenodd"></path></svg>
                    </span>
                    <div class="available-note d-none"></div>
                    </a>
                    </div>
                    </div>
                    </template>
                    <div class="measurement-unit-section" v-if="isPriceAvailable &amp;&amp; prodUnits ? prodUnits.hasAlternativeUnit : false">
                    <div class="ct-form-radio" @click="setDimension">
                    <input type="radio" title="" class="ct-form-check-input product-measurement-unit" :data-type="prodUnits.selectedUnit == prodUnits.secondaryUnit ? 'primary' : ''" :id="prodUnits.secondaryUnit + '-' + pid + '-measurement-unit-ptile' + additionalTag" :name="'measurement-unit-' + pid + '-ptile' + additionalTag" :value="prodUnits.secondaryUnit" v-model="prodUnits.selectedUnit">
                    <label :class="prodUnits.secondaryUnit + '-label ct-form-check-label mb-0'" :for="prodUnits.secondaryUnit + '-' + pid + '-measurement-unit-ptile' + additionalTag">
                    {{prodUnits.secondaryUnit}}
                    </label>
                    <span class="checkmark"></span>
                    </div>
                    <div class="ct-form-radio" @click="setDimension">
                    <input type="radio" title="" class="ct-form-check-input product-measurement-unit" :data-type="prodUnits.selectedUnit == prodUnits.primaryUnit ? 'primary' : ''" :id="prodUnits.primaryUnit + '-' + pid + '-measurement-unit-ptile' + additionalTag" :name="'measurement-unit-' + pid + '-ptile' + additionalTag" :value="prodUnits.primaryUnit" v-model="prodUnits.selectedUnit">
                    <label :class="prodUnits.primaryUnit + '-label ct-form-check-label mb-0'" :for="prodUnits.primaryUnit + '-' + pid + '-measurement-unit-ptile' + additionalTag">
                    {{prodUnits.primaryUnit}}
                    </label>
                    <span class="checkmark"></span>
                    </div>
                    </div>
                    <template v-if="!isPDP &amp;&amp; isPriceAvailable">
                    <span class="quantity-error ct-span-error product-max-allocation" v-if="isMaxQtyReached">
                    Quantidade máxima atingida
                    </span>
                    <span class="quantity-error ct-span-product product-allocation" v-if="!isMinQtyReached &amp;&amp; !isMaxQtyReached">
                    {{quantitySelected}} no carrinho
                    </span>
                    <span class="quantity-error ct-span-error product-min-allocation" :data-pid="pid" v-if="isMinQtyReached &amp;&amp; !isMaxQtyReached">
                    Quantidade mínima atingida
                    </span>
                    </template>
                    </template>
                    </div>
                    <input class="quantity-value-mask d-none" name="quantity" type="number" min="0" value="">
                    </div>
                    <button type="button" class="add-to-cart button js-add-to-cart js-add-to-cart-tile 7066777 button--primary dynamic-layout-btn" data-toggle="modal" data-target="#chooseBonusProductModal" data-pid="7066777" data-quantity-value="null" aria-label="Carrinho">
                    <span class="d-block d-sm-none">
                    <span class="svg-wrapper svg-icon-cart" style="width:20px; height:20px">
                    <svg class="svg-inline icon-cart" xmlns="http://www.w3.org/2000/svg" viewBox="0 0 500 500" width="100%" height="100%"><path fill="#EB0203" fill-rule="evenodd" d="M 485.67317,94.386311 C 476.37798,83.847129 463.09468,78.03348 448.30404,78.03348 H 90.690813 L 87.079511,51.327997 C 83.185582,22.539551 62.962285,0 41.011841,0 H 14.727836 C 6.563151,0 0,6.5286975 0,14.580758 c 0,8.05206 6.5945535,14.580758 14.727836,14.580758 h 26.284005 c 4.710398,0 14.696435,9.855222 16.894619,26.021523 L 100.01739,368.0631 c 1.88416,13.77244 9.01256,26.70549 20.1605,36.37417 8.25889,7.15046 18.02511,11.9071 28.26237,13.89679 -4.17655,7.58572 -6.53175,16.25957 -6.53175,25.493 0,29.53459 24.27424,53.59751 54.13815,53.59751 29.8325,0 54.13814,-24.03184 54.13814,-53.59751 0,-8.79818 -2.19818,-17.09897 -5.9979,-24.43598 h 77.12488 c -3.79973,7.33701 -5.96652,15.6378 -5.96652,24.43598 0,29.53459 24.27424,53.59751 54.13817,53.59751 29.83249,0 54.13814,-24.03184 54.13814,-53.59751 0,-8.79818 -2.1982,-17.09897 -5.9979,-24.43598 h 38.56243 c 8.13328,0 14.72783,-6.5287 14.72783,-14.61183 0,-8.02098 -6.59455,-14.54967 -14.72783,-14.54967 H 159.24277 c -14.38241,0 -28.13677,-11.90711 -30.02092,-26.02153 l -3.07746,-22.88154 h 290.6314 c 14.03698,0 27.94834,-5.28513 39.06488,-14.95381 11.11652,-9.6376 18.27632,-22.57065 20.16048,-36.37417 l 21.10259,-156.78201 c 1.94694,-14.51858 -2.10398,-28.29103 -11.43057,-38.861299 z M 220.76053,443.82706 c 0,13.49265 -11.08513,24.46709 -24.68247,24.46709 -13.62874,0 -24.71387,-10.97444 -24.71387,-24.46709 0,-13.49262 11.08513,-24.43598 24.71387,-24.43598 13.59734,0 24.68247,10.94336 24.68247,24.43598 z m 173.43675,0 c 0,13.49265 -11.08512,24.46709 -24.68245,24.46709 -13.62876,0 -24.71388,-10.97444 -24.71388,-24.46709 0,-13.49262 11.08512,-24.43598 24.71388,-24.43598 13.59733,0 24.68245,10.94336 24.68245,24.43598 z m 73.7648,-314.46558 -21.13397,156.782 c -1.88416,14.11442 -15.63851,26.05261 -30.02091,26.05261 H 122.25046 L 94.616142,107.19499 H 448.33544 c 6.18632,0 11.61896,2.2695 15.23028,6.37326 3.64269,4.13484 5.21283,9.73086 4.39636,15.79323 z"></path></svg>
                    </span>
                    </span>
                    <span class="add-to-cart--text d-none d-sm-block">Carrinho</span>
                    </button>
                    </div>
                    </div>
                    </div>
                    </div>
                    
                    <div class="col-12 d-sm-none">
                    </div>
                    </div>
                    </div>
                    </div>
                    </div>
                    <div class="col-12 col-sm-3 col-lg-2 productTile" data-idx="6">
                    
                    <script type="text/javascript">//<!--
                    /* <![CDATA[ */
                    (function(){
                    try {
                        if(window.CQuotient) {
                        var cq_params = {};
                        
                        cq_params.cookieId = window.CQuotient.getCQCookieId();
                        cq_params.userId = window.CQuotient.getCQUserId();
                        cq_params.emailId = CQuotient.getCQHashedEmail();
                        cq_params.loginId = CQuotient.getCQHashedLogin();
                        cq_params.accumulate = true;
                        cq_params.products = [{
                            id: '2888438',
                            sku: ''
                        }];
                        cq_params.categoryId = 'laticinios';
                        cq_params.refinements = '[{\"name\":\"priceMin\",\"value\":\"0.01\"},{\"name\":\"priceMax\",\"value\":\"null\"},{\"name\":\"curr\",\"value\":\"EUR\"},{\"name\":\"Category\",\"value\":\"laticinios\"}]';
                        cq_params.personalized = 'false';
                        cq_params.sortingRule = 'FOOD-Laticinios';
                        cq_params.imageUUID = '__UNDEFINED__';
                        cq_params.realm = "BDVS";
                        cq_params.siteId = "continente";
                        cq_params.instanceType = "prd";
                        cq_params.queryLocale = "default";
                        cq_params.locale = window.CQuotient.locale;
                        
                        if(window.CQuotient.sendActivity)
                            window.CQuotient.sendActivity(CQuotient.clientId, 'viewCategory', cq_params);
                        else
                            window.CQuotient.activities.push({
                                activityType: 'viewCategory',
                                parameters: cq_params
                            });
                      }
                    } catch(err) {}
                    })();
                    /* ]]> */
                    // -->
                    </script>
                    <script type="text/javascript">//<!--
                    /* <![CDATA[ (viewCategoryProduct-active_data.js) */
                    (function(){
                    try {
                        if (dw.ac) {
                            var search_params = {};
                            search_params.persd = 'false';
                            search_params.refs = '[{\"name\":\"priceMin\",\"value\":\"0.01\"},{\"name\":\"priceMax\",\"value\":\"null\"},{\"name\":\"curr\",\"value\":\"EUR\"},{\"name\":\"Category\",\"value\":\"laticinios\"}]';
                            search_params.sort = 'FOOD-Laticinios';
                            search_params.imageUUID = '';
                            search_params.searchID = 'ff60679a-0a42-4d90-af85-afdcdfaee427';
                            search_params.locale = 'default';
                            search_params.queryLocale = 'default';
                            search_params.showProducts = 'true';
                            dw.ac.applyContext({category: "laticinios", searchData: search_params});
                            if (typeof dw.ac._scheduleDataSubmission === "function") {
                                dw.ac._scheduleDataSubmission();
                            }
                        }
                    } catch(err) {}
                    })();
                    /* ]]> */
                    // -->
                    </script>
                    <script type="text/javascript">//<!--
                    /* <![CDATA[ (viewProduct-active_data.js) */
                    dw.ac._capture({id: "2888438", type: "searchhit"});
                    /* ]]> */
                    // -->
                    </script>
                    <div class="product" data-pid="2888438">
                    <div class="product-tile pid-2888438 ct-product-tile data-layer-pushed" data-delay-time="3000" data-variants-mapping="[]" data-in-cart-msg="no carrinho" data-one-product-added="Adicionado ao carrinho" data-remove-from-cart-msg="Removido do carrinho" data-stay-open="6000.0" data-product-tile-impression="{&quot;name&quot;:&quot;2888438&quot;,&quot;id&quot;:&quot;2888438&quot;,&quot;price&quot;:4.19,&quot;brand&quot;:&quot;Continente&quot;,&quot;category&quot;:[{&quot;category_level_1&quot;:&quot;Charcutaria e Queijos&quot;},{&quot;category_level_2&quot;:&quot;Queijos&quot;},{&quot;category_level_3&quot;:&quot;Fatiado&quot;}],&quot;variant&quot;:&quot;&quot;}">
                    <div class="ct-inner-tile-wrap row no-gutters justify-content-center align-content-start">
                    
                    <div class="ct-image-container col-4 col-sm" data-confirmation-image="{&quot;url&quot;:&quot;https://www.continente.pt/dw/image/v2/BDVS_PRD/on/demandware.static/-/Sites-col-master-catalog/default/dwe90b1808/images/col/288/2888438-frente.jpg?sw=87&amp;sh=80&quot;,&quot;fallbackimage&quot;:{&quot;url&quot;:&quot;https://www.continente.pt/dw/image/v2/BDVS_PRD/on/demandware.static/Sites-continente-Site/-/default/dw7c42b4da/images/noimagelarge_product.png?sw=87&amp;sh=80&quot;,&quot;title&quot;:&quot;Queijo Flamengo Fatiado&quot;,&quot;alt&quot;:&quot;Queijo Flamengo Fatiado&quot;},&quot;title&quot;:&quot;Queijo Flamengo Fatiado&quot;,&quot;alt&quot;:&quot;Queijo Flamengo Fatiado&quot;}">
                    <a href="https://www.continente.pt/produto/queijo-flamengo-fatiado-continente-2888438.html?cgid=laticinios">
                    <picture class="intrinsic intrinsic--square">
                    <img class="ct-tile-image lazyloaded" loading="lazy" onerror="this.onerror=null;this.src='/on/demandware.static/Sites-continente-Site/-/default/dw7c42b4da/images/noimagelarge_product.png';" data-src="https://www.continente.pt/dw/image/v2/BDVS_PRD/on/demandware.static/-/Sites-col-master-catalog/default/dwe90b1808/images/col/288/2888438-frente.jpg?sw=280&amp;sh=280" alt="Queijo Flamengo Fatiado" title="Queijo Flamengo Fatiado" src="https://www.continente.pt/dw/image/v2/BDVS_PRD/on/demandware.static/-/Sites-col-master-catalog/default/dwe90b1808/images/col/288/2888438-frente.jpg?sw=280&amp;sh=280">
                    </picture>
                    </a>
                    <div class="color-swatches d-flex" style="margin-left: 5px;">
                    <div class="swatches d-flex">
                    </div>
                    </div>
                    </div>
                    <div class="ct-tile-body col col-sm-auto ">
                    <div class="ct-pdp-details">
                    <div class="ct-pdp-link">
                    <a class="ct-tile--description" href="https://www.continente.pt/produto/queijo-flamengo-fatiado-continente-2888438.html?cgid=laticinios">Queijo Flamengo Fatiado</a>
                    <div class="ct-tile--favorite-top d-sm-none">
                    <button class="wishlist-toggler guest-mode inactive button button--tertiary" data-pid="2888438" data-add-url="https://www.continente.pt/on/demandware.store/Sites-continente-Site/default/Wishlist-AddProduct?pid=2888438" data-toggle="tooltip" aria-label="Adicionar aos favoritos " data-original-title="Adicionar aos favoritos" data-placement="top">
                    <svg class="active-content" width="100%" height="100%" viewBox="0 0 20 22" fill="none" xmlns="http://www.w3.org/2000/svg">
                    <path fill-rule="evenodd" clip-rule="evenodd" d="M0 1.53052C0 0.685236 0.692171 0 1.54601 0H15.0736C15.9274 0 16.6196 0.685235 16.6196 1.53052V13.4064L15.8127 13.922L14.2658 14.2658L12.7189 13.4064L10.6054 14.3818C10.4994 14.2451 10.3327 14.157 10.1452 14.157H6.76329C6.4431 14.157 6.18354 14.414 6.18354 14.731C6.18354 15.0479 6.4431 15.3049 6.76329 15.3049H10.1452C10.2478 15.3049 10.3441 15.2785 10.4277 15.2322L10.3126 16.8439L13.2345 20.2793H1.54601C0.69217 20.2793 0 19.5941 0 18.7488V1.53052ZM6.18354 5.5483C6.18354 5.23132 6.4431 4.97436 6.76329 4.97436H12.3676C12.6878 4.97436 12.9473 5.23132 12.9473 5.5483C12.9473 5.86528 12.6878 6.12224 12.3676 6.12224H6.76329C6.4431 6.12224 6.18354 5.86528 6.18354 5.5483ZM6.76329 11.0961C6.4431 11.0961 6.18354 11.3531 6.18354 11.6701C6.18354 11.987 6.4431 12.244 6.76329 12.244H12.3676C12.6878 12.244 12.9473 11.987 12.9473 11.6701C12.9473 11.3531 12.6878 11.0961 12.3676 11.0961H6.76329ZM6.18354 8.60985C6.18354 8.29287 6.4431 8.03591 6.76329 8.03591H12.3676C12.6878 8.03591 12.9473 8.29287 12.9473 8.60985C12.9473 8.92684 12.6878 9.1838 12.3676 9.1838H6.76329C6.4431 9.1838 6.18354 8.92684 6.18354 8.60985ZM3.67118 5.5483C3.67118 5.23132 3.93075 4.97436 4.25093 4.97436H4.63743C4.95762 4.97436 5.21719 5.23132 5.21719 5.5483C5.21719 5.86528 4.95762 6.12224 4.63743 6.12224H4.25093C3.93075 6.12224 3.67118 5.86528 3.67118 5.5483ZM4.25093 11.0961C3.93075 11.0961 3.67118 11.3531 3.67118 11.6701C3.67118 11.987 3.93075 12.244 4.25093 12.244H4.63743C4.95762 12.244 5.21719 11.987 5.21719 11.6701C5.21719 11.3531 4.95762 11.0961 4.63743 11.0961H4.25093ZM3.67118 8.60985C3.67118 8.29287 3.93075 8.03591 4.25093 8.03591H4.63743C4.95762 8.03591 5.21719 8.29287 5.21719 8.60985C5.21719 8.92684 4.95762 9.1838 4.63743 9.1838H4.25093C3.93075 9.1838 3.67118 8.92684 3.67118 8.60985ZM4.25093 14.157C3.93075 14.157 3.67118 14.414 3.67118 14.731C3.67118 15.0479 3.93075 15.3049 4.25093 15.3049H4.63743C4.95762 15.3049 5.21719 15.0479 5.21719 14.731C5.21719 14.414 4.95762 14.157 4.63743 14.157H4.25093Z" fill="#EB0203"></path>
                    <path fill-rule="evenodd" clip-rule="evenodd" d="M14.6252 13.6363C13.4918 12.6215 11.7817 12.5264 10.6569 13.4792C9.12421 14.7764 9.34841 16.8912 10.4409 18.0122L14.0159 21.6742C14.2197 21.8832 14.4928 22 14.7822 22C15.0737 22 15.3448 21.8852 15.5486 21.6762L19.1236 18.0142C20.214 16.8933 20.4423 14.7785 18.9075 13.4792C17.7827 12.5283 16.0724 12.6217 14.9391 13.6365C14.8855 13.6845 14.8331 13.7345 14.7822 13.7866C14.7313 13.7345 14.6789 13.6843 14.6252 13.6363ZM18.1546 14.3522C19.0973 15.1508 18.9962 16.4896 18.2891 17.2173C18.2888 17.2175 18.2886 17.2177 18.2884 17.218L14.7832 20.8084L11.2753 17.2151C11.2752 17.215 11.2751 17.2149 11.2749 17.2148C10.5677 16.4887 10.4678 15.1495 11.4104 14.3518L11.4108 14.3514C12.0745 13.7892 13.2018 13.82 13.9488 14.5846L14.7822 15.4378L15.6157 14.5846C16.3617 13.8211 17.4896 13.79 18.1545 14.3521" fill="#EB0203"></path>
                    </svg>
                    <svg class="inactive-content" width="100%" height="100%" viewBox="0 0 20 23" fill="none" xmlns="http://www.w3.org/2000/svg">
                    <path fill-rule="evenodd" clip-rule="evenodd" d="M6.18408 5.77914C6.18408 5.46223 6.44363 5.20532 6.7638 5.20532H12.3678C12.6879 5.20532 12.9475 5.46223 12.9475 5.77914C12.9475 6.09606 12.6879 6.35297 12.3678 6.35297H6.7638C6.44363 6.35297 6.18408 6.09606 6.18408 5.77914Z" fill="#EB0203"></path>
                    <path fill-rule="evenodd" clip-rule="evenodd" d="M6.18408 11.9034C6.18408 11.5865 6.44363 11.3296 6.7638 11.3296H12.3678C12.6879 11.3296 12.9475 11.5865 12.9475 11.9034C12.9475 12.2202 12.6879 12.4771 12.3678 12.4771H6.7638C6.44363 12.4771 6.18408 12.2202 6.18408 11.9034Z" fill="#EB0203"></path>
                    <path fill-rule="evenodd" clip-rule="evenodd" d="M6.18408 8.84116C6.18408 8.52424 6.44363 8.26733 6.7638 8.26733H12.3678C12.6879 8.26733 12.9475 8.52424 12.9475 8.84116C12.9475 9.15807 12.6879 9.41498 12.3678 9.41498H6.7638C6.44363 9.41498 6.18408 9.15807 6.18408 8.84116Z" fill="#EB0203"></path>
                    <path fill-rule="evenodd" clip-rule="evenodd" d="M6.18408 14.9655C6.18408 14.6486 6.44363 14.3917 6.7638 14.3917H10.1455C10.4657 14.3917 10.7252 14.6486 10.7252 14.9655C10.7252 15.2825 10.4657 15.5394 10.1455 15.5394H6.7638C6.44363 15.5394 6.18408 15.2825 6.18408 14.9655Z" fill="#EB0203"></path>
                    <path fill-rule="evenodd" clip-rule="evenodd" d="M3.67139 5.77914C3.67139 5.46223 3.93094 5.20532 4.25111 5.20532H4.63759C4.95776 5.20532 5.21731 5.46223 5.21731 5.77914C5.21731 6.09606 4.95776 6.35297 4.63759 6.35297H4.25111C3.93094 6.35297 3.67139 6.09606 3.67139 5.77914Z" fill="#EB0203"></path>
                    <path fill-rule="evenodd" clip-rule="evenodd" d="M3.67139 11.9034C3.67139 11.5865 3.93094 11.3296 4.25111 11.3296H4.63759C4.95776 11.3296 5.21731 11.5865 5.21731 11.9034C5.21731 12.2202 4.95776 12.4771 4.63759 12.4771H4.25111C3.93094 12.4771 3.67139 12.2202 3.67139 11.9034Z" fill="#EB0203"></path>
                    <path fill-rule="evenodd" clip-rule="evenodd" d="M3.67139 8.84116C3.67139 8.52424 3.93094 8.26733 4.25111 8.26733H4.63759C4.95776 8.26733 5.21731 8.52424 5.21731 8.84116C5.21731 9.15807 4.95776 9.41498 4.63759 9.41498H4.25111C3.93094 9.41498 3.67139 9.15807 3.67139 8.84116Z" fill="#EB0203"></path>
                    <path fill-rule="evenodd" clip-rule="evenodd" d="M3.67139 14.9655C3.67139 14.6486 3.93094 14.3917 4.25111 14.3917H4.63759C4.95776 14.3917 5.21731 14.6486 5.21731 14.9655C5.21731 15.2825 4.95776 15.5394 4.63759 15.5394H4.25111C3.93094 15.5394 3.67139 15.2825 3.67139 14.9655Z" fill="#EB0203"></path>
                    <path fill-rule="evenodd" clip-rule="evenodd" d="M0 1.76033C0 0.914738 0.692131 0.229248 1.54592 0.229248H15.0727C15.9265 0.229248 16.6186 0.914738 16.6186 1.76033V11.2818C16.6186 11.5989 16.3591 11.8559 16.0389 11.8559C15.7187 11.8559 15.4592 11.5989 15.4592 11.2818V1.76033C15.4592 1.54893 15.2862 1.37756 15.0727 1.37756H1.54592C1.33247 1.37756 1.15944 1.54893 1.15944 1.76033V18.985C1.15944 19.1964 1.33247 19.3678 1.54592 19.3678H9.27551C9.59568 19.3678 9.85523 19.6249 9.85523 19.942C9.85523 20.2591 9.59568 20.5161 9.27551 20.5161H1.54592C0.692131 20.5161 0 19.8306 0 18.985V1.76033Z" fill="#EB0203"></path>
                    <path fill-rule="evenodd" clip-rule="evenodd" d="M14.6254 13.8718C13.4921 12.8567 11.7821 12.7615 10.6574 13.7147C9.12472 15.0124 9.34891 17.128 10.4413 18.2493L14.0161 21.9126C14.2199 22.1217 14.493 22.2386 14.7824 22.2386C15.0739 22.2386 15.3449 22.1238 15.5487 21.9147L19.1235 18.2514C20.2139 17.13 20.4422 15.0144 18.9075 13.7147C17.7827 12.7634 16.0726 12.8569 14.9392 13.872C14.8856 13.92 14.8333 13.9701 14.7824 14.0222C14.7314 13.97 14.6791 13.9199 14.6254 13.8718ZM18.1546 14.588C19.0972 15.3869 18.9961 16.7262 18.2891 17.4541C18.2888 17.4543 18.2886 17.4546 18.2884 17.4548L14.7834 21.0466L11.2757 17.452C11.2756 17.4519 11.2755 17.4517 11.2753 17.4516C10.5681 16.7252 10.4682 15.3856 11.4108 14.5876L11.4112 14.5872C12.0748 14.0248 13.202 14.0556 13.949 14.8205L14.7824 15.674L15.6158 14.8205C16.3618 14.0567 17.4896 14.0256 18.1545 14.5879" fill="#EB0203"></path>
                    </svg>
                    </button>
                    </div>
                    </div>
                    <p class="ct-tile--brand">Continente</p>
                    <p class="ct-tile--quantity">emb. 500 gr</p>
                    </div>
                    <div class="ct-tile-bottom row no-gutters justify-content-between">
                    <div class="ct-price-wrap col-8 col-sm-12">
                    <div class="price js-product-price">
                    <div class="prices-wrapper">
                    <span class="sales ct-tile--price-primary ">
                    <span class="value" content="4.19">
                    <span class="ct-price-formatted">
                    €4,19
                    </span>
                    <span class="ct-m-unit">
                    /un
                    </span>
                    </span>
                    </span>
                    </div>
                    <div class="ct-tile--price-secondary">
                    <span class="ct-price-value">
                    €8,38
                    </span>
                    <span class="ct-m-unit">
                    /kg
                    </span>
                    </div>
                    </div>
                    </div>
                    <div class="ct-tile-buy-section d-flex justify-content-center no-gutters col-auto col-sm-12">
                    <div class="col-2 d-sm-flex d-none">
                    <button class="wishlist-toggler guest-mode inactive button button--tertiary" data-pid="2888438" data-add-url="https://www.continente.pt/on/demandware.store/Sites-continente-Site/default/Wishlist-AddProduct?pid=2888438" data-toggle="tooltip" aria-label="Adicionar aos favoritos " data-original-title="Adicionar aos favoritos" data-placement="top">
                    <svg class="active-content" width="100%" height="100%" viewBox="0 0 20 22" fill="none" xmlns="http://www.w3.org/2000/svg">
                    <path fill-rule="evenodd" clip-rule="evenodd" d="M0 1.53052C0 0.685236 0.692171 0 1.54601 0H15.0736C15.9274 0 16.6196 0.685235 16.6196 1.53052V13.4064L15.8127 13.922L14.2658 14.2658L12.7189 13.4064L10.6054 14.3818C10.4994 14.2451 10.3327 14.157 10.1452 14.157H6.76329C6.4431 14.157 6.18354 14.414 6.18354 14.731C6.18354 15.0479 6.4431 15.3049 6.76329 15.3049H10.1452C10.2478 15.3049 10.3441 15.2785 10.4277 15.2322L10.3126 16.8439L13.2345 20.2793H1.54601C0.69217 20.2793 0 19.5941 0 18.7488V1.53052ZM6.18354 5.5483C6.18354 5.23132 6.4431 4.97436 6.76329 4.97436H12.3676C12.6878 4.97436 12.9473 5.23132 12.9473 5.5483C12.9473 5.86528 12.6878 6.12224 12.3676 6.12224H6.76329C6.4431 6.12224 6.18354 5.86528 6.18354 5.5483ZM6.76329 11.0961C6.4431 11.0961 6.18354 11.3531 6.18354 11.6701C6.18354 11.987 6.4431 12.244 6.76329 12.244H12.3676C12.6878 12.244 12.9473 11.987 12.9473 11.6701C12.9473 11.3531 12.6878 11.0961 12.3676 11.0961H6.76329ZM6.18354 8.60985C6.18354 8.29287 6.4431 8.03591 6.76329 8.03591H12.3676C12.6878 8.03591 12.9473 8.29287 12.9473 8.60985C12.9473 8.92684 12.6878 9.1838 12.3676 9.1838H6.76329C6.4431 9.1838 6.18354 8.92684 6.18354 8.60985ZM3.67118 5.5483C3.67118 5.23132 3.93075 4.97436 4.25093 4.97436H4.63743C4.95762 4.97436 5.21719 5.23132 5.21719 5.5483C5.21719 5.86528 4.95762 6.12224 4.63743 6.12224H4.25093C3.93075 6.12224 3.67118 5.86528 3.67118 5.5483ZM4.25093 11.0961C3.93075 11.0961 3.67118 11.3531 3.67118 11.6701C3.67118 11.987 3.93075 12.244 4.25093 12.244H4.63743C4.95762 12.244 5.21719 11.987 5.21719 11.6701C5.21719 11.3531 4.95762 11.0961 4.63743 11.0961H4.25093ZM3.67118 8.60985C3.67118 8.29287 3.93075 8.03591 4.25093 8.03591H4.63743C4.95762 8.03591 5.21719 8.29287 5.21719 8.60985C5.21719 8.92684 4.95762 9.1838 4.63743 9.1838H4.25093C3.93075 9.1838 3.67118 8.92684 3.67118 8.60985ZM4.25093 14.157C3.93075 14.157 3.67118 14.414 3.67118 14.731C3.67118 15.0479 3.93075 15.3049 4.25093 15.3049H4.63743C4.95762 15.3049 5.21719 15.0479 5.21719 14.731C5.21719 14.414 4.95762 14.157 4.63743 14.157H4.25093Z" fill="#EB0203"></path>
                    <path fill-rule="evenodd" clip-rule="evenodd" d="M14.6252 13.6363C13.4918 12.6215 11.7817 12.5264 10.6569 13.4792C9.12421 14.7764 9.34841 16.8912 10.4409 18.0122L14.0159 21.6742C14.2197 21.8832 14.4928 22 14.7822 22C15.0737 22 15.3448 21.8852 15.5486 21.6762L19.1236 18.0142C20.214 16.8933 20.4423 14.7785 18.9075 13.4792C17.7827 12.5283 16.0724 12.6217 14.9391 13.6365C14.8855 13.6845 14.8331 13.7345 14.7822 13.7866C14.7313 13.7345 14.6789 13.6843 14.6252 13.6363ZM18.1546 14.3522C19.0973 15.1508 18.9962 16.4896 18.2891 17.2173C18.2888 17.2175 18.2886 17.2177 18.2884 17.218L14.7832 20.8084L11.2753 17.2151C11.2752 17.215 11.2751 17.2149 11.2749 17.2148C10.5677 16.4887 10.4678 15.1495 11.4104 14.3518L11.4108 14.3514C12.0745 13.7892 13.2018 13.82 13.9488 14.5846L14.7822 15.4378L15.6157 14.5846C16.3617 13.8211 17.4896 13.79 18.1545 14.3521" fill="#EB0203"></path>
                    </svg>
                    <svg class="inactive-content" width="100%" height="100%" viewBox="0 0 20 23" fill="none" xmlns="http://www.w3.org/2000/svg">
                    <path fill-rule="evenodd" clip-rule="evenodd" d="M6.18408 5.77914C6.18408 5.46223 6.44363 5.20532 6.7638 5.20532H12.3678C12.6879 5.20532 12.9475 5.46223 12.9475 5.77914C12.9475 6.09606 12.6879 6.35297 12.3678 6.35297H6.7638C6.44363 6.35297 6.18408 6.09606 6.18408 5.77914Z" fill="#EB0203"></path>
                    <path fill-rule="evenodd" clip-rule="evenodd" d="M6.18408 11.9034C6.18408 11.5865 6.44363 11.3296 6.7638 11.3296H12.3678C12.6879 11.3296 12.9475 11.5865 12.9475 11.9034C12.9475 12.2202 12.6879 12.4771 12.3678 12.4771H6.7638C6.44363 12.4771 6.18408 12.2202 6.18408 11.9034Z" fill="#EB0203"></path>
                    <path fill-rule="evenodd" clip-rule="evenodd" d="M6.18408 8.84116C6.18408 8.52424 6.44363 8.26733 6.7638 8.26733H12.3678C12.6879 8.26733 12.9475 8.52424 12.9475 8.84116C12.9475 9.15807 12.6879 9.41498 12.3678 9.41498H6.7638C6.44363 9.41498 6.18408 9.15807 6.18408 8.84116Z" fill="#EB0203"></path>
                    <path fill-rule="evenodd" clip-rule="evenodd" d="M6.18408 14.9655C6.18408 14.6486 6.44363 14.3917 6.7638 14.3917H10.1455C10.4657 14.3917 10.7252 14.6486 10.7252 14.9655C10.7252 15.2825 10.4657 15.5394 10.1455 15.5394H6.7638C6.44363 15.5394 6.18408 15.2825 6.18408 14.9655Z" fill="#EB0203"></path>
                    <path fill-rule="evenodd" clip-rule="evenodd" d="M3.67139 5.77914C3.67139 5.46223 3.93094 5.20532 4.25111 5.20532H4.63759C4.95776 5.20532 5.21731 5.46223 5.21731 5.77914C5.21731 6.09606 4.95776 6.35297 4.63759 6.35297H4.25111C3.93094 6.35297 3.67139 6.09606 3.67139 5.77914Z" fill="#EB0203"></path>
                    <path fill-rule="evenodd" clip-rule="evenodd" d="M3.67139 11.9034C3.67139 11.5865 3.93094 11.3296 4.25111 11.3296H4.63759C4.95776 11.3296 5.21731 11.5865 5.21731 11.9034C5.21731 12.2202 4.95776 12.4771 4.63759 12.4771H4.25111C3.93094 12.4771 3.67139 12.2202 3.67139 11.9034Z" fill="#EB0203"></path>
                    <path fill-rule="evenodd" clip-rule="evenodd" d="M3.67139 8.84116C3.67139 8.52424 3.93094 8.26733 4.25111 8.26733H4.63759C4.95776 8.26733 5.21731 8.52424 5.21731 8.84116C5.21731 9.15807 4.95776 9.41498 4.63759 9.41498H4.25111C3.93094 9.41498 3.67139 9.15807 3.67139 8.84116Z" fill="#EB0203"></path>
                    <path fill-rule="evenodd" clip-rule="evenodd" d="M3.67139 14.9655C3.67139 14.6486 3.93094 14.3917 4.25111 14.3917H4.63759C4.95776 14.3917 5.21731 14.6486 5.21731 14.9655C5.21731 15.2825 4.95776 15.5394 4.63759 15.5394H4.25111C3.93094 15.5394 3.67139 15.2825 3.67139 14.9655Z" fill="#EB0203"></path>
                    <path fill-rule="evenodd" clip-rule="evenodd" d="M0 1.76033C0 0.914738 0.692131 0.229248 1.54592 0.229248H15.0727C15.9265 0.229248 16.6186 0.914738 16.6186 1.76033V11.2818C16.6186 11.5989 16.3591 11.8559 16.0389 11.8559C15.7187 11.8559 15.4592 11.5989 15.4592 11.2818V1.76033C15.4592 1.54893 15.2862 1.37756 15.0727 1.37756H1.54592C1.33247 1.37756 1.15944 1.54893 1.15944 1.76033V18.985C1.15944 19.1964 1.33247 19.3678 1.54592 19.3678H9.27551C9.59568 19.3678 9.85523 19.6249 9.85523 19.942C9.85523 20.2591 9.59568 20.5161 9.27551 20.5161H1.54592C0.692131 20.5161 0 19.8306 0 18.985V1.76033Z" fill="#EB0203"></path>
                    <path fill-rule="evenodd" clip-rule="evenodd" d="M14.6254 13.8718C13.4921 12.8567 11.7821 12.7615 10.6574 13.7147C9.12472 15.0124 9.34891 17.128 10.4413 18.2493L14.0161 21.9126C14.2199 22.1217 14.493 22.2386 14.7824 22.2386C15.0739 22.2386 15.3449 22.1238 15.5487 21.9147L19.1235 18.2514C20.2139 17.13 20.4422 15.0144 18.9075 13.7147C17.7827 12.7634 16.0726 12.8569 14.9392 13.872C14.8856 13.92 14.8333 13.9701 14.7824 14.0222C14.7314 13.97 14.6791 13.9199 14.6254 13.8718ZM18.1546 14.588C19.0972 15.3869 18.9961 16.7262 18.2891 17.4541C18.2888 17.4543 18.2886 17.4546 18.2884 17.4548L14.7834 21.0466L11.2757 17.452C11.2756 17.4519 11.2755 17.4517 11.2753 17.4516C10.5681 16.7252 10.4682 15.3856 11.4108 14.5876L11.4112 14.5872C12.0748 14.0248 13.202 14.0556 13.949 14.8205L14.7824 15.674L15.6158 14.8205C16.3618 14.0567 17.4896 14.0256 18.1545 14.5879" fill="#EB0203"></path>
                    </svg>
                    </button>
                    </div>
                    <div class="col-sm-10 col-12">
                    <div class="ct-tile-quantity d-none" data-pid="2888438">
                    <input type="hidden" class="add-to-cart-url" value="https://www.continente.pt/on/demandware.store/Sites-continente-Site/default/Cart-AddProduct">
                    <div class="d-none tile-delete-confirmation-btn" data-pid="2888438" data-delay-time="3000" data-in-cart-msg="no carrinho" data-one-product-added="Adicionado ao carrinho" data-remove-from-cart-msg="Removido do carrinho" data-stay-open="6000.0" data-confirmation-image="{&quot;url&quot;:&quot;https://www.continente.pt/dw/image/v2/BDVS_PRD/on/demandware.static/-/Sites-col-master-catalog/default/dwe90b1808/images/col/288/2888438-frente.jpg?sw=87&amp;sh=80&quot;,&quot;fallbackimage&quot;:{&quot;url&quot;:&quot;https://www.continente.pt/dw/image/v2/BDVS_PRD/on/demandware.static/Sites-continente-Site/-/default/dw7c42b4da/images/noimagelarge_product.png?sw=87&amp;sh=80&quot;,&quot;title&quot;:&quot;Queijo Flamengo Fatiado&quot;,&quot;alt&quot;:&quot;Queijo Flamengo Fatiado&quot;},&quot;title&quot;:&quot;Queijo Flamengo Fatiado&quot;,&quot;alt&quot;:&quot;Queijo Flamengo Fatiado&quot;}"></div>
                    <div class="ct-tile-quantity-update quantity-update product-qty-vue" data-remove-action="https://www.continente.pt/on/demandware.store/Sites-continente-Site/default/Cart-RemoveProductLineItem" data-action="https://www.continente.pt/on/demandware.store/Sites-continente-Site/default/Cart-UpdateQuantity" data-dimension-update="https://www.continente.pt/on/demandware.store/Sites-continente-Site/default/Cart-DimensionUpdate" data-pid="2888438" data-uuid="2dfc6f4f863a3d8ce110d0091a" data-add-delay="500.0" data-measure-options="{&quot;hasConversionRate&quot;:false,&quot;hasAlternativeSaleUnit&quot;:false,&quot;unitConversionRate&quot;:0,&quot;minOrderQuantity&quot;:1,&quot;stepQuantity&quot;:1,&quot;primaryunit&quot;:&quot;un&quot;,&quot;secondaryunit&quot;:&quot;kg&quot;,&quot;selectedunit&quot;:&quot;primary&quot;,&quot;maxNumberOfUnitsPerSale&quot;:50}" data-price-available="null" :data-has-error="isMaxQtyReached || isMinQtyReached || qtySelectedMoreThanOne">
                    <template v-show="prodUnits">
                    <div class="quantity-input-wrapper has-units">
                    <label class="visually-hidden" :for="'quantity-' + pid + additionalTag">
                    Quantidade no carrinho
                    </label>
                    <input :ref="'quantityInput-' + pid + additionalTag" class="add-to-cart-quantity form-control ct-form-input text-center" inputmode="numeric" :class="{'is-invalid': isInvalid}" :data-pid="pid + additionalTag" :name="'quantity-' + pid + additionalTag" type="text" aria-label="Insira a quantidade" title="" v-model="displayValue" @change="updateQuantity" @focus="updateQtyFormat" @blur="restoreQtyFormat" :disabled="!isPriceAvailable">
                    <span class="quantity-icon quantity-icon--minus">
                    <button class="decrease-quantity-btn" @click="updateQuantity" :disabled="!isPriceAvailable" role="button" aria-label="Reduzir quantidade">
                    <i class="css-math-minus"></i>
                    </button>
                    </span>
                    <span class="quantity-icon quantity-icon--plus">
                    <button class="increase-quantity-btn" @click="updateQuantity" :disabled="isMaxQtyReached || !isPriceAvailable" role="button" aria-label="Aumentar quantidade">
                    <i class="css-math-plus"></i>
                    </button>
                    <span class="quantity-btn-disabled-placeholder"></span>
                    </span>
                    <template v-if="isPDP">
                    <span class="quantity-error ct-span-error text-sm-center product-max-allocation" v-if="isMaxQtyReached">
                    Quantidade máxima atingida
                    </span>
                    <span class="quantity-error ct-span-product text-sm-center product-allocation" v-if="!isMinQtyReached &amp;&amp; !isMaxQtyReached">
                    {{quantitySelected}} no carrinho
                    </span>
                    <span class="quantity-error ct-span-error text-sm-center product-min-allocation" :data-pid="pid" v-if="isMinQtyReached &amp;&amp; !isMaxQtyReached">
                    Quantidade mínima atingida
                    </span>
                    </template>
                    </div>
                    <template v-if="showNotes">
                    <div class="add-note-link-container ">
                    <div class="add-note">
                    <a href="/produto/queijo-flamengo-fatiado-continente-2888438.html?showNote=true" class="ct-add-note-redirect-pdp" aria-label="Adicionar comentário">
                    <span class="svg-wrapper svg-icon-notes" style="width:19px; height:20px">
                    <svg class="svg-inline icon-notes" viewBox="0 0 28 30" xmlns="http://www.w3.org/2000/svg" width="100%" height="100%"><path d="M21.738 0C22.985 0 24 1.04 24 2.319V12.47c0 .469-.37.848-.828.848-.457 0-.827-.38-.827-.848V2.32c0-.343-.273-.622-.607-.622H2.262c-.334 0-.607.279-.607.622V27.68c0 .343.273.622.607.622h7.81c.457 0 .827.38.827.849 0 .468-.37.848-.827.848h-7.81C1.015 30 0 28.96 0 27.681V2.32C0 1.04 1.015 0 2.262 0h19.476zm2.844 16.004l.227.007c.823.053 1.589.39 2.176.964.64.627.993 1.46.993 2.349 0 .888-.353 1.722-.993 2.348l-6.83 6.665c-.11.108-.247.186-.397.226l-5.032 1.363c-.078.021-.16.032-.241.032-.242 0-.478-.097-.647-.266-.23-.231-.314-.566-.218-.874l1.49-4.798c.044-.139.122-.266.227-.369l6.844-6.677c.64-.625 1.493-.97 2.401-.97zm-2.886 3.94l-4.922 4.802-.947 3.048 3.22-.872 4.897-4.78-2.248-2.197zm2.887-2.174c-.425 0-.824.162-1.124.455l-.484.472 2.248 2.197.484-.472c.62-.606.62-1.591 0-2.197l-.117-.104c-.283-.227-.636-.35-1.007-.35zm-10.839.022c.498 0 .904.396.904.883 0 .488-.406.884-.904.884H5.946c-.499 0-.904-.396-.904-.884 0-.487.405-.883.904-.883zm5.042-4.876c.498 0 .904.397.904.884s-.406.884-.904.884H5.946c-.499 0-.904-.397-.904-.884s.405-.884.904-.884zm0-4.875c.498 0 .904.396.904.884 0 .487-.406.883-.904.883H5.946c-.499 0-.904-.396-.904-.883 0-.488.405-.884.904-.884z" fill="#EB0203" fill-rule="evenodd"></path></svg>
                    </span>
                    <div class="available-note d-none"></div>
                    </a>
                    </div>
                    </div>
                    </template>
                    <div class="measurement-unit-section" v-if="isPriceAvailable &amp;&amp; prodUnits ? prodUnits.hasAlternativeUnit : false">
                    <div class="ct-form-radio" @click="setDimension">
                    <input type="radio" title="" class="ct-form-check-input product-measurement-unit" :data-type="prodUnits.selectedUnit == prodUnits.secondaryUnit ? 'primary' : ''" :id="prodUnits.secondaryUnit + '-' + pid + '-measurement-unit-ptile' + additionalTag" :name="'measurement-unit-' + pid + '-ptile' + additionalTag" :value="prodUnits.secondaryUnit" v-model="prodUnits.selectedUnit">
                    <label :class="prodUnits.secondaryUnit + '-label ct-form-check-label mb-0'" :for="prodUnits.secondaryUnit + '-' + pid + '-measurement-unit-ptile' + additionalTag">
                    {{prodUnits.secondaryUnit}}
                    </label>
                    <span class="checkmark"></span>
                    </div>
                    <div class="ct-form-radio" @click="setDimension">
                    <input type="radio" title="" class="ct-form-check-input product-measurement-unit" :data-type="prodUnits.selectedUnit == prodUnits.primaryUnit ? 'primary' : ''" :id="prodUnits.primaryUnit + '-' + pid + '-measurement-unit-ptile' + additionalTag" :name="'measurement-unit-' + pid + '-ptile' + additionalTag" :value="prodUnits.primaryUnit" v-model="prodUnits.selectedUnit">
                    <label :class="prodUnits.primaryUnit + '-label ct-form-check-label mb-0'" :for="prodUnits.primaryUnit + '-' + pid + '-measurement-unit-ptile' + additionalTag">
                    {{prodUnits.primaryUnit}}
                    </label>
                    <span class="checkmark"></span>
                    </div>
                    </div>
                    <template v-if="!isPDP &amp;&amp; isPriceAvailable">
                    <span class="quantity-error ct-span-error product-max-allocation" v-if="isMaxQtyReached">
                    Quantidade máxima atingida
                    </span>
                    <span class="quantity-error ct-span-product product-allocation" v-if="!isMinQtyReached &amp;&amp; !isMaxQtyReached">
                    {{quantitySelected}} no carrinho
                    </span>
                    <span class="quantity-error ct-span-error product-min-allocation" :data-pid="pid" v-if="isMinQtyReached &amp;&amp; !isMaxQtyReached">
                    Quantidade mínima atingida
                    </span>
                    </template>
                    </template>
                    </div>
                    <input class="quantity-value-mask d-none" name="quantity" type="number" min="0" value="">
                    </div>
                    <button type="button" class="add-to-cart button js-add-to-cart js-add-to-cart-tile 2888438 button--primary dynamic-layout-btn" data-toggle="modal" data-target="#chooseBonusProductModal" data-pid="2888438" data-quantity-value="null" aria-label="Carrinho">
                    <span class="d-block d-sm-none">
                    <span class="svg-wrapper svg-icon-cart" style="width:20px; height:20px">
                    <svg class="svg-inline icon-cart" xmlns="http://www.w3.org/2000/svg" viewBox="0 0 500 500" width="100%" height="100%"><path fill="#EB0203" fill-rule="evenodd" d="M 485.67317,94.386311 C 476.37798,83.847129 463.09468,78.03348 448.30404,78.03348 H 90.690813 L 87.079511,51.327997 C 83.185582,22.539551 62.962285,0 41.011841,0 H 14.727836 C 6.563151,0 0,6.5286975 0,14.580758 c 0,8.05206 6.5945535,14.580758 14.727836,14.580758 h 26.284005 c 4.710398,0 14.696435,9.855222 16.894619,26.021523 L 100.01739,368.0631 c 1.88416,13.77244 9.01256,26.70549 20.1605,36.37417 8.25889,7.15046 18.02511,11.9071 28.26237,13.89679 -4.17655,7.58572 -6.53175,16.25957 -6.53175,25.493 0,29.53459 24.27424,53.59751 54.13815,53.59751 29.8325,0 54.13814,-24.03184 54.13814,-53.59751 0,-8.79818 -2.19818,-17.09897 -5.9979,-24.43598 h 77.12488 c -3.79973,7.33701 -5.96652,15.6378 -5.96652,24.43598 0,29.53459 24.27424,53.59751 54.13817,53.59751 29.83249,0 54.13814,-24.03184 54.13814,-53.59751 0,-8.79818 -2.1982,-17.09897 -5.9979,-24.43598 h 38.56243 c 8.13328,0 14.72783,-6.5287 14.72783,-14.61183 0,-8.02098 -6.59455,-14.54967 -14.72783,-14.54967 H 159.24277 c -14.38241,0 -28.13677,-11.90711 -30.02092,-26.02153 l -3.07746,-22.88154 h 290.6314 c 14.03698,0 27.94834,-5.28513 39.06488,-14.95381 11.11652,-9.6376 18.27632,-22.57065 20.16048,-36.37417 l 21.10259,-156.78201 c 1.94694,-14.51858 -2.10398,-28.29103 -11.43057,-38.861299 z M 220.76053,443.82706 c 0,13.49265 -11.08513,24.46709 -24.68247,24.46709 -13.62874,0 -24.71387,-10.97444 -24.71387,-24.46709 0,-13.49262 11.08513,-24.43598 24.71387,-24.43598 13.59734,0 24.68247,10.94336 24.68247,24.43598 z m 173.43675,0 c 0,13.49265 -11.08512,24.46709 -24.68245,24.46709 -13.62876,0 -24.71388,-10.97444 -24.71388,-24.46709 0,-13.49262 11.08512,-24.43598 24.71388,-24.43598 13.59733,0 24.68245,10.94336 24.68245,24.43598 z m 73.7648,-314.46558 -21.13397,156.782 c -1.88416,14.11442 -15.63851,26.05261 -30.02091,26.05261 H 122.25046 L 94.616142,107.19499 H 448.33544 c 6.18632,0 11.61896,2.2695 15.23028,6.37326 3.64269,4.13484 5.21283,9.73086 4.39636,15.79323 z"></path></svg>
                    </span>
                    </span>
                    <span class="add-to-cart--text d-none d-sm-block">Carrinho</span>
                    </button>
                    </div>
                    </div>
                    </div>
                    </div>
                    
                    <div class="col-12 d-sm-none">
                    </div>
                    </div>
                    </div>
                    </div>
                    </div>
                    <div class="col-12 col-sm-3 col-lg-2 productTile" data-idx="7">
                    
                    <script type="text/javascript">//<!--
                    /* <![CDATA[ */
                    (function(){
                    try {
                        if(window.CQuotient) {
                        var cq_params = {};
                        
                        cq_params.cookieId = window.CQuotient.getCQCookieId();
                        cq_params.userId = window.CQuotient.getCQUserId();
                        cq_params.emailId = CQuotient.getCQHashedEmail();
                        cq_params.loginId = CQuotient.getCQHashedLogin();
                        cq_params.accumulate = true;
                        cq_params.products = [{
                            id: '5125010',
                            sku: ''
                        }];
                        cq_params.categoryId = 'laticinios';
                        cq_params.refinements = '[{\"name\":\"priceMin\",\"value\":\"0.01\"},{\"name\":\"priceMax\",\"value\":\"null\"},{\"name\":\"curr\",\"value\":\"EUR\"},{\"name\":\"Category\",\"value\":\"laticinios\"}]';
                        cq_params.personalized = 'false';
                        cq_params.sortingRule = 'FOOD-Laticinios';
                        cq_params.imageUUID = '__UNDEFINED__';
                        cq_params.realm = "BDVS";
                        cq_params.siteId = "continente";
                        cq_params.instanceType = "prd";
                        cq_params.queryLocale = "default";
                        cq_params.locale = window.CQuotient.locale;
                        
                        if(window.CQuotient.sendActivity)
                            window.CQuotient.sendActivity(CQuotient.clientId, 'viewCategory', cq_params);
                        else
                            window.CQuotient.activities.push({
                                activityType: 'viewCategory',
                                parameters: cq_params
                            });
                      }
                    } catch(err) {}
                    })();
                    /* ]]> */
                    // -->
                    </script>
                    <script type="text/javascript">//<!--
                    /* <![CDATA[ (viewCategoryProduct-active_data.js) */
                    (function(){
                    try {
                        if (dw.ac) {
                            var search_params = {};
                            search_params.persd = 'false';
                            search_params.refs = '[{\"name\":\"priceMin\",\"value\":\"0.01\"},{\"name\":\"priceMax\",\"value\":\"null\"},{\"name\":\"curr\",\"value\":\"EUR\"},{\"name\":\"Category\",\"value\":\"laticinios\"}]';
                            search_params.sort = 'FOOD-Laticinios';
                            search_params.imageUUID = '';
                            search_params.searchID = 'ff60679a-0a42-4d90-af85-afdcdfaee427';
                            search_params.locale = 'default';
                            search_params.queryLocale = 'default';
                            search_params.showProducts = 'true';
                            dw.ac.applyContext({category: "laticinios", searchData: search_params});
                            if (typeof dw.ac._scheduleDataSubmission === "function") {
                                dw.ac._scheduleDataSubmission();
                            }
                        }
                    } catch(err) {}
                    })();
                    /* ]]> */
                    // -->
                    </script>
                    <script type="text/javascript">//<!--
                    /* <![CDATA[ (viewProduct-active_data.js) */
                    dw.ac._capture({id: "5125010", type: "searchhit"});
                    /* ]]> */
                    // -->
                    </script>
                    <div class="product" data-pid="5125010">
                    <div class="product-tile pid-5125010 ct-product-tile data-layer-pushed" data-delay-time="3000" data-variants-mapping="[]" data-in-cart-msg="no carrinho" data-one-product-added="Adicionado ao carrinho" data-remove-from-cart-msg="Removido do carrinho" data-stay-open="6000.0" data-product-tile-impression="{&quot;name&quot;:&quot;5125010&quot;,&quot;id&quot;:&quot;5125010&quot;,&quot;price&quot;:4.29,&quot;brand&quot;:&quot;Terra Nostra&quot;,&quot;category&quot;:[{&quot;category_level_1&quot;:&quot;Charcutaria e Queijos&quot;},{&quot;category_level_2&quot;:&quot;Queijos&quot;},{&quot;category_level_3&quot;:&quot;Fatiado&quot;}],&quot;variant&quot;:&quot;&quot;}">
                    <div class="ct-inner-tile-wrap row no-gutters justify-content-center align-content-start">
                    <div class="ct-product-tile-badge ct-product-tile-badge--promotional">
                    <img class="img-fluid lazyloaded" loading="lazy" data-src="https://www.continente.pt/dw/image/v2/BDVS_PRD/on/demandware.static/-/Sites-continente-Library/default/dwf5980f2e/images/badges/pvpr/col/pvpr.png?sw=60&amp;sh=42" alt="PVP Recomendado: €5,09/un" title="PVP Recomendado: €5,09/un" src="https://www.continente.pt/dw/image/v2/BDVS_PRD/on/demandware.static/-/Sites-continente-Library/default/dwf5980f2e/images/badges/pvpr/col/pvpr.png?sw=60&amp;sh=42">
                    <div class="ct-product-tile-badge-value-wrapper ct-product-tile-badge-value-wrapper--pvpr  ">
                    <span class="ct-product-tile-badge-value--pvpr">
                    15
                    </span>
                    <span class="ct-product-tile-badge-value--pvpr-quantifier ">
                    %
                    </span>
                    </div>
                    </div>
                    
                    <div class="ct-image-container col-4 col-sm" data-confirmation-image="{&quot;url&quot;:&quot;https://www.continente.pt/dw/image/v2/BDVS_PRD/on/demandware.static/-/Sites-col-master-catalog/default/dw540417ba/images/col/512/5125010-frente.jpg?sw=87&amp;sh=80&quot;,&quot;fallbackimage&quot;:{&quot;url&quot;:&quot;https://www.continente.pt/dw/image/v2/BDVS_PRD/on/demandware.static/Sites-continente-Site/-/default/dw7c42b4da/images/noimagelarge_product.png?sw=87&amp;sh=80&quot;,&quot;title&quot;:&quot;Queijo Flamengo Fatiado&quot;,&quot;alt&quot;:&quot;Queijo Flamengo Fatiado&quot;},&quot;title&quot;:&quot;Queijo Flamengo Fatiado&quot;,&quot;alt&quot;:&quot;Queijo Flamengo Fatiado&quot;}">
                    <a href="https://www.continente.pt/produto/queijo-flamengo-fatiado-terra-nostra-5125010.html?cgid=laticinios">
                    <picture class="intrinsic intrinsic--square">
                    <img class="ct-tile-image lazyloaded" loading="lazy" onerror="this.onerror=null;this.src='/on/demandware.static/Sites-continente-Site/-/default/dw7c42b4da/images/noimagelarge_product.png';" data-src="https://www.continente.pt/dw/image/v2/BDVS_PRD/on/demandware.static/-/Sites-col-master-catalog/default/dw540417ba/images/col/512/5125010-frente.jpg?sw=280&amp;sh=280" alt="Queijo Flamengo Fatiado" title="Queijo Flamengo Fatiado" src="https://www.continente.pt/dw/image/v2/BDVS_PRD/on/demandware.static/-/Sites-col-master-catalog/default/dw540417ba/images/col/512/5125010-frente.jpg?sw=280&amp;sh=280">
                    </picture>
                    </a>
                    <div class="color-swatches d-flex" style="margin-left: 5px;">
                    <div class="swatches d-flex">
                    </div>
                    </div>
                    </div>
                    <div class="ct-tile-body col col-sm-auto ">
                    <div class="ct-pdp-details">
                    <div class="ct-pdp-link">
                    <a class="ct-tile--description" href="https://www.continente.pt/produto/queijo-flamengo-fatiado-terra-nostra-5125010.html?cgid=laticinios">Queijo Flamengo Fatiado</a>
                    <div class="ct-tile--favorite-top d-sm-none">
                    <button class="wishlist-toggler guest-mode inactive button button--tertiary" data-pid="5125010" data-add-url="https://www.continente.pt/on/demandware.store/Sites-continente-Site/default/Wishlist-AddProduct?pid=5125010" data-toggle="tooltip" aria-label="Adicionar aos favoritos " data-original-title="Adicionar aos favoritos" data-placement="top">
                    <svg class="active-content" width="100%" height="100%" viewBox="0 0 20 22" fill="none" xmlns="http://www.w3.org/2000/svg">
                    <path fill-rule="evenodd" clip-rule="evenodd" d="M0 1.53052C0 0.685236 0.692171 0 1.54601 0H15.0736C15.9274 0 16.6196 0.685235 16.6196 1.53052V13.4064L15.8127 13.922L14.2658 14.2658L12.7189 13.4064L10.6054 14.3818C10.4994 14.2451 10.3327 14.157 10.1452 14.157H6.76329C6.4431 14.157 6.18354 14.414 6.18354 14.731C6.18354 15.0479 6.4431 15.3049 6.76329 15.3049H10.1452C10.2478 15.3049 10.3441 15.2785 10.4277 15.2322L10.3126 16.8439L13.2345 20.2793H1.54601C0.69217 20.2793 0 19.5941 0 18.7488V1.53052ZM6.18354 5.5483C6.18354 5.23132 6.4431 4.97436 6.76329 4.97436H12.3676C12.6878 4.97436 12.9473 5.23132 12.9473 5.5483C12.9473 5.86528 12.6878 6.12224 12.3676 6.12224H6.76329C6.4431 6.12224 6.18354 5.86528 6.18354 5.5483ZM6.76329 11.0961C6.4431 11.0961 6.18354 11.3531 6.18354 11.6701C6.18354 11.987 6.4431 12.244 6.76329 12.244H12.3676C12.6878 12.244 12.9473 11.987 12.9473 11.6701C12.9473 11.3531 12.6878 11.0961 12.3676 11.0961H6.76329ZM6.18354 8.60985C6.18354 8.29287 6.4431 8.03591 6.76329 8.03591H12.3676C12.6878 8.03591 12.9473 8.29287 12.9473 8.60985C12.9473 8.92684 12.6878 9.1838 12.3676 9.1838H6.76329C6.4431 9.1838 6.18354 8.92684 6.18354 8.60985ZM3.67118 5.5483C3.67118 5.23132 3.93075 4.97436 4.25093 4.97436H4.63743C4.95762 4.97436 5.21719 5.23132 5.21719 5.5483C5.21719 5.86528 4.95762 6.12224 4.63743 6.12224H4.25093C3.93075 6.12224 3.67118 5.86528 3.67118 5.5483ZM4.25093 11.0961C3.93075 11.0961 3.67118 11.3531 3.67118 11.6701C3.67118 11.987 3.93075 12.244 4.25093 12.244H4.63743C4.95762 12.244 5.21719 11.987 5.21719 11.6701C5.21719 11.3531 4.95762 11.0961 4.63743 11.0961H4.25093ZM3.67118 8.60985C3.67118 8.29287 3.93075 8.03591 4.25093 8.03591H4.63743C4.95762 8.03591 5.21719 8.29287 5.21719 8.60985C5.21719 8.92684 4.95762 9.1838 4.63743 9.1838H4.25093C3.93075 9.1838 3.67118 8.92684 3.67118 8.60985ZM4.25093 14.157C3.93075 14.157 3.67118 14.414 3.67118 14.731C3.67118 15.0479 3.93075 15.3049 4.25093 15.3049H4.63743C4.95762 15.3049 5.21719 15.0479 5.21719 14.731C5.21719 14.414 4.95762 14.157 4.63743 14.157H4.25093Z" fill="#EB0203"></path>
                    <path fill-rule="evenodd" clip-rule="evenodd" d="M14.6252 13.6363C13.4918 12.6215 11.7817 12.5264 10.6569 13.4792C9.12421 14.7764 9.34841 16.8912 10.4409 18.0122L14.0159 21.6742C14.2197 21.8832 14.4928 22 14.7822 22C15.0737 22 15.3448 21.8852 15.5486 21.6762L19.1236 18.0142C20.214 16.8933 20.4423 14.7785 18.9075 13.4792C17.7827 12.5283 16.0724 12.6217 14.9391 13.6365C14.8855 13.6845 14.8331 13.7345 14.7822 13.7866C14.7313 13.7345 14.6789 13.6843 14.6252 13.6363ZM18.1546 14.3522C19.0973 15.1508 18.9962 16.4896 18.2891 17.2173C18.2888 17.2175 18.2886 17.2177 18.2884 17.218L14.7832 20.8084L11.2753 17.2151C11.2752 17.215 11.2751 17.2149 11.2749 17.2148C10.5677 16.4887 10.4678 15.1495 11.4104 14.3518L11.4108 14.3514C12.0745 13.7892 13.2018 13.82 13.9488 14.5846L14.7822 15.4378L15.6157 14.5846C16.3617 13.8211 17.4896 13.79 18.1545 14.3521" fill="#EB0203"></path>
                    </svg>
                    <svg class="inactive-content" width="100%" height="100%" viewBox="0 0 20 23" fill="none" xmlns="http://www.w3.org/2000/svg">
                    <path fill-rule="evenodd" clip-rule="evenodd" d="M6.18408 5.77914C6.18408 5.46223 6.44363 5.20532 6.7638 5.20532H12.3678C12.6879 5.20532 12.9475 5.46223 12.9475 5.77914C12.9475 6.09606 12.6879 6.35297 12.3678 6.35297H6.7638C6.44363 6.35297 6.18408 6.09606 6.18408 5.77914Z" fill="#EB0203"></path>
                    <path fill-rule="evenodd" clip-rule="evenodd" d="M6.18408 11.9034C6.18408 11.5865 6.44363 11.3296 6.7638 11.3296H12.3678C12.6879 11.3296 12.9475 11.5865 12.9475 11.9034C12.9475 12.2202 12.6879 12.4771 12.3678 12.4771H6.7638C6.44363 12.4771 6.18408 12.2202 6.18408 11.9034Z" fill="#EB0203"></path>
                    <path fill-rule="evenodd" clip-rule="evenodd" d="M6.18408 8.84116C6.18408 8.52424 6.44363 8.26733 6.7638 8.26733H12.3678C12.6879 8.26733 12.9475 8.52424 12.9475 8.84116C12.9475 9.15807 12.6879 9.41498 12.3678 9.41498H6.7638C6.44363 9.41498 6.18408 9.15807 6.18408 8.84116Z" fill="#EB0203"></path>
                    <path fill-rule="evenodd" clip-rule="evenodd" d="M6.18408 14.9655C6.18408 14.6486 6.44363 14.3917 6.7638 14.3917H10.1455C10.4657 14.3917 10.7252 14.6486 10.7252 14.9655C10.7252 15.2825 10.4657 15.5394 10.1455 15.5394H6.7638C6.44363 15.5394 6.18408 15.2825 6.18408 14.9655Z" fill="#EB0203"></path>
                    <path fill-rule="evenodd" clip-rule="evenodd" d="M3.67139 5.77914C3.67139 5.46223 3.93094 5.20532 4.25111 5.20532H4.63759C4.95776 5.20532 5.21731 5.46223 5.21731 5.77914C5.21731 6.09606 4.95776 6.35297 4.63759 6.35297H4.25111C3.93094 6.35297 3.67139 6.09606 3.67139 5.77914Z" fill="#EB0203"></path>
                    <path fill-rule="evenodd" clip-rule="evenodd" d="M3.67139 11.9034C3.67139 11.5865 3.93094 11.3296 4.25111 11.3296H4.63759C4.95776 11.3296 5.21731 11.5865 5.21731 11.9034C5.21731 12.2202 4.95776 12.4771 4.63759 12.4771H4.25111C3.93094 12.4771 3.67139 12.2202 3.67139 11.9034Z" fill="#EB0203"></path>
                    <path fill-rule="evenodd" clip-rule="evenodd" d="M3.67139 8.84116C3.67139 8.52424 3.93094 8.26733 4.25111 8.26733H4.63759C4.95776 8.26733 5.21731 8.52424 5.21731 8.84116C5.21731 9.15807 4.95776 9.41498 4.63759 9.41498H4.25111C3.93094 9.41498 3.67139 9.15807 3.67139 8.84116Z" fill="#EB0203"></path>
                    <path fill-rule="evenodd" clip-rule="evenodd" d="M3.67139 14.9655C3.67139 14.6486 3.93094 14.3917 4.25111 14.3917H4.63759C4.95776 14.3917 5.21731 14.6486 5.21731 14.9655C5.21731 15.2825 4.95776 15.5394 4.63759 15.5394H4.25111C3.93094 15.5394 3.67139 15.2825 3.67139 14.9655Z" fill="#EB0203"></path>
                    <path fill-rule="evenodd" clip-rule="evenodd" d="M0 1.76033C0 0.914738 0.692131 0.229248 1.54592 0.229248H15.0727C15.9265 0.229248 16.6186 0.914738 16.6186 1.76033V11.2818C16.6186 11.5989 16.3591 11.8559 16.0389 11.8559C15.7187 11.8559 15.4592 11.5989 15.4592 11.2818V1.76033C15.4592 1.54893 15.2862 1.37756 15.0727 1.37756H1.54592C1.33247 1.37756 1.15944 1.54893 1.15944 1.76033V18.985C1.15944 19.1964 1.33247 19.3678 1.54592 19.3678H9.27551C9.59568 19.3678 9.85523 19.6249 9.85523 19.942C9.85523 20.2591 9.59568 20.5161 9.27551 20.5161H1.54592C0.692131 20.5161 0 19.8306 0 18.985V1.76033Z" fill="#EB0203"></path>
                    <path fill-rule="evenodd" clip-rule="evenodd" d="M14.6254 13.8718C13.4921 12.8567 11.7821 12.7615 10.6574 13.7147C9.12472 15.0124 9.34891 17.128 10.4413 18.2493L14.0161 21.9126C14.2199 22.1217 14.493 22.2386 14.7824 22.2386C15.0739 22.2386 15.3449 22.1238 15.5487 21.9147L19.1235 18.2514C20.2139 17.13 20.4422 15.0144 18.9075 13.7147C17.7827 12.7634 16.0726 12.8569 14.9392 13.872C14.8856 13.92 14.8333 13.9701 14.7824 14.0222C14.7314 13.97 14.6791 13.9199 14.6254 13.8718ZM18.1546 14.588C19.0972 15.3869 18.9961 16.7262 18.2891 17.4541C18.2888 17.4543 18.2886 17.4546 18.2884 17.4548L14.7834 21.0466L11.2757 17.452C11.2756 17.4519 11.2755 17.4517 11.2753 17.4516C10.5681 16.7252 10.4682 15.3856 11.4108 14.5876L11.4112 14.5872C12.0748 14.0248 13.202 14.0556 13.949 14.8205L14.7824 15.674L15.6158 14.8205C16.3618 14.0567 17.4896 14.0256 18.1545 14.5879" fill="#EB0203"></path>
                    </svg>
                    </button>
                    </div>
                    </div>
                    <p class="ct-tile--brand">Terra Nostra</p>
                    <p class="ct-tile--quantity">emb. 2 x 200 gr</p>
                    </div>
                    <div class="ct-tile-bottom row no-gutters justify-content-between">
                    <div class="ct-price-wrap col-8 col-sm-12">
                    <div class="price js-product-price">
                    <div class="prices-wrapper">
                    <span class="sales ct-tile--price-primary ">
                    <span class="value" content="4.29">
                    <span class="ct-price-formatted">
                    €4,29
                    </span>
                    <span class="ct-m-unit">
                    /un
                    </span>
                    </span>
                    </span>
                    </div>
                    <div class="ct-tile--price-secondary">
                    <span class="ct-price-value">
                    €10,73
                    </span>
                    <span class="ct-m-unit">
                    /kg
                    </span>
                    </div>
                    <p class="ct-discount-amount ct-discount-amount-pvpr">PVP Recomendado: €5,09/un</p>
                    </div>
                    </div>
                    <div class="ct-tile-buy-section d-flex justify-content-center no-gutters col-auto col-sm-12">
                    <div class="col-2 d-sm-flex d-none">
                    <button class="wishlist-toggler guest-mode inactive button button--tertiary" data-pid="5125010" data-add-url="https://www.continente.pt/on/demandware.store/Sites-continente-Site/default/Wishlist-AddProduct?pid=5125010" data-toggle="tooltip" aria-label="Adicionar aos favoritos " data-original-title="Adicionar aos favoritos" data-placement="top">
                    <svg class="active-content" width="100%" height="100%" viewBox="0 0 20 22" fill="none" xmlns="http://www.w3.org/2000/svg">
                    <path fill-rule="evenodd" clip-rule="evenodd" d="M0 1.53052C0 0.685236 0.692171 0 1.54601 0H15.0736C15.9274 0 16.6196 0.685235 16.6196 1.53052V13.4064L15.8127 13.922L14.2658 14.2658L12.7189 13.4064L10.6054 14.3818C10.4994 14.2451 10.3327 14.157 10.1452 14.157H6.76329C6.4431 14.157 6.18354 14.414 6.18354 14.731C6.18354 15.0479 6.4431 15.3049 6.76329 15.3049H10.1452C10.2478 15.3049 10.3441 15.2785 10.4277 15.2322L10.3126 16.8439L13.2345 20.2793H1.54601C0.69217 20.2793 0 19.5941 0 18.7488V1.53052ZM6.18354 5.5483C6.18354 5.23132 6.4431 4.97436 6.76329 4.97436H12.3676C12.6878 4.97436 12.9473 5.23132 12.9473 5.5483C12.9473 5.86528 12.6878 6.12224 12.3676 6.12224H6.76329C6.4431 6.12224 6.18354 5.86528 6.18354 5.5483ZM6.76329 11.0961C6.4431 11.0961 6.18354 11.3531 6.18354 11.6701C6.18354 11.987 6.4431 12.244 6.76329 12.244H12.3676C12.6878 12.244 12.9473 11.987 12.9473 11.6701C12.9473 11.3531 12.6878 11.0961 12.3676 11.0961H6.76329ZM6.18354 8.60985C6.18354 8.29287 6.4431 8.03591 6.76329 8.03591H12.3676C12.6878 8.03591 12.9473 8.29287 12.9473 8.60985C12.9473 8.92684 12.6878 9.1838 12.3676 9.1838H6.76329C6.4431 9.1838 6.18354 8.92684 6.18354 8.60985ZM3.67118 5.5483C3.67118 5.23132 3.93075 4.97436 4.25093 4.97436H4.63743C4.95762 4.97436 5.21719 5.23132 5.21719 5.5483C5.21719 5.86528 4.95762 6.12224 4.63743 6.12224H4.25093C3.93075 6.12224 3.67118 5.86528 3.67118 5.5483ZM4.25093 11.0961C3.93075 11.0961 3.67118 11.3531 3.67118 11.6701C3.67118 11.987 3.93075 12.244 4.25093 12.244H4.63743C4.95762 12.244 5.21719 11.987 5.21719 11.6701C5.21719 11.3531 4.95762 11.0961 4.63743 11.0961H4.25093ZM3.67118 8.60985C3.67118 8.29287 3.93075 8.03591 4.25093 8.03591H4.63743C4.95762 8.03591 5.21719 8.29287 5.21719 8.60985C5.21719 8.92684 4.95762 9.1838 4.63743 9.1838H4.25093C3.93075 9.1838 3.67118 8.92684 3.67118 8.60985ZM4.25093 14.157C3.93075 14.157 3.67118 14.414 3.67118 14.731C3.67118 15.0479 3.93075 15.3049 4.25093 15.3049H4.63743C4.95762 15.3049 5.21719 15.0479 5.21719 14.731C5.21719 14.414 4.95762 14.157 4.63743 14.157H4.25093Z" fill="#EB0203"></path>
                    <path fill-rule="evenodd" clip-rule="evenodd" d="M14.6252 13.6363C13.4918 12.6215 11.7817 12.5264 10.6569 13.4792C9.12421 14.7764 9.34841 16.8912 10.4409 18.0122L14.0159 21.6742C14.2197 21.8832 14.4928 22 14.7822 22C15.0737 22 15.3448 21.8852 15.5486 21.6762L19.1236 18.0142C20.214 16.8933 20.4423 14.7785 18.9075 13.4792C17.7827 12.5283 16.0724 12.6217 14.9391 13.6365C14.8855 13.6845 14.8331 13.7345 14.7822 13.7866C14.7313 13.7345 14.6789 13.6843 14.6252 13.6363ZM18.1546 14.3522C19.0973 15.1508 18.9962 16.4896 18.2891 17.2173C18.2888 17.2175 18.2886 17.2177 18.2884 17.218L14.7832 20.8084L11.2753 17.2151C11.2752 17.215 11.2751 17.2149 11.2749 17.2148C10.5677 16.4887 10.4678 15.1495 11.4104 14.3518L11.4108 14.3514C12.0745 13.7892 13.2018 13.82 13.9488 14.5846L14.7822 15.4378L15.6157 14.5846C16.3617 13.8211 17.4896 13.79 18.1545 14.3521" fill="#EB0203"></path>
                    </svg>
                    <svg class="inactive-content" width="100%" height="100%" viewBox="0 0 20 23" fill="none" xmlns="http://www.w3.org/2000/svg">
                    <path fill-rule="evenodd" clip-rule="evenodd" d="M6.18408 5.77914C6.18408 5.46223 6.44363 5.20532 6.7638 5.20532H12.3678C12.6879 5.20532 12.9475 5.46223 12.9475 5.77914C12.9475 6.09606 12.6879 6.35297 12.3678 6.35297H6.7638C6.44363 6.35297 6.18408 6.09606 6.18408 5.77914Z" fill="#EB0203"></path>
                    <path fill-rule="evenodd" clip-rule="evenodd" d="M6.18408 11.9034C6.18408 11.5865 6.44363 11.3296 6.7638 11.3296H12.3678C12.6879 11.3296 12.9475 11.5865 12.9475 11.9034C12.9475 12.2202 12.6879 12.4771 12.3678 12.4771H6.7638C6.44363 12.4771 6.18408 12.2202 6.18408 11.9034Z" fill="#EB0203"></path>
                    <path fill-rule="evenodd" clip-rule="evenodd" d="M6.18408 8.84116C6.18408 8.52424 6.44363 8.26733 6.7638 8.26733H12.3678C12.6879 8.26733 12.9475 8.52424 12.9475 8.84116C12.9475 9.15807 12.6879 9.41498 12.3678 9.41498H6.7638C6.44363 9.41498 6.18408 9.15807 6.18408 8.84116Z" fill="#EB0203"></path>
                    <path fill-rule="evenodd" clip-rule="evenodd" d="M6.18408 14.9655C6.18408 14.6486 6.44363 14.3917 6.7638 14.3917H10.1455C10.4657 14.3917 10.7252 14.6486 10.7252 14.9655C10.7252 15.2825 10.4657 15.5394 10.1455 15.5394H6.7638C6.44363 15.5394 6.18408 15.2825 6.18408 14.9655Z" fill="#EB0203"></path>
                    <path fill-rule="evenodd" clip-rule="evenodd" d="M3.67139 5.77914C3.67139 5.46223 3.93094 5.20532 4.25111 5.20532H4.63759C4.95776 5.20532 5.21731 5.46223 5.21731 5.77914C5.21731 6.09606 4.95776 6.35297 4.63759 6.35297H4.25111C3.93094 6.35297 3.67139 6.09606 3.67139 5.77914Z" fill="#EB0203"></path>
                    <path fill-rule="evenodd" clip-rule="evenodd" d="M3.67139 11.9034C3.67139 11.5865 3.93094 11.3296 4.25111 11.3296H4.63759C4.95776 11.3296 5.21731 11.5865 5.21731 11.9034C5.21731 12.2202 4.95776 12.4771 4.63759 12.4771H4.25111C3.93094 12.4771 3.67139 12.2202 3.67139 11.9034Z" fill="#EB0203"></path>
                    <path fill-rule="evenodd" clip-rule="evenodd" d="M3.67139 8.84116C3.67139 8.52424 3.93094 8.26733 4.25111 8.26733H4.63759C4.95776 8.26733 5.21731 8.52424 5.21731 8.84116C5.21731 9.15807 4.95776 9.41498 4.63759 9.41498H4.25111C3.93094 9.41498 3.67139 9.15807 3.67139 8.84116Z" fill="#EB0203"></path>
                    <path fill-rule="evenodd" clip-rule="evenodd" d="M3.67139 14.9655C3.67139 14.6486 3.93094 14.3917 4.25111 14.3917H4.63759C4.95776 14.3917 5.21731 14.6486 5.21731 14.9655C5.21731 15.2825 4.95776 15.5394 4.63759 15.5394H4.25111C3.93094 15.5394 3.67139 15.2825 3.67139 14.9655Z" fill="#EB0203"></path>
                    <path fill-rule="evenodd" clip-rule="evenodd" d="M0 1.76033C0 0.914738 0.692131 0.229248 1.54592 0.229248H15.0727C15.9265 0.229248 16.6186 0.914738 16.6186 1.76033V11.2818C16.6186 11.5989 16.3591 11.8559 16.0389 11.8559C15.7187 11.8559 15.4592 11.5989 15.4592 11.2818V1.76033C15.4592 1.54893 15.2862 1.37756 15.0727 1.37756H1.54592C1.33247 1.37756 1.15944 1.54893 1.15944 1.76033V18.985C1.15944 19.1964 1.33247 19.3678 1.54592 19.3678H9.27551C9.59568 19.3678 9.85523 19.6249 9.85523 19.942C9.85523 20.2591 9.59568 20.5161 9.27551 20.5161H1.54592C0.692131 20.5161 0 19.8306 0 18.985V1.76033Z" fill="#EB0203"></path>
                    <path fill-rule="evenodd" clip-rule="evenodd" d="M14.6254 13.8718C13.4921 12.8567 11.7821 12.7615 10.6574 13.7147C9.12472 15.0124 9.34891 17.128 10.4413 18.2493L14.0161 21.9126C14.2199 22.1217 14.493 22.2386 14.7824 22.2386C15.0739 22.2386 15.3449 22.1238 15.5487 21.9147L19.1235 18.2514C20.2139 17.13 20.4422 15.0144 18.9075 13.7147C17.7827 12.7634 16.0726 12.8569 14.9392 13.872C14.8856 13.92 14.8333 13.9701 14.7824 14.0222C14.7314 13.97 14.6791 13.9199 14.6254 13.8718ZM18.1546 14.588C19.0972 15.3869 18.9961 16.7262 18.2891 17.4541C18.2888 17.4543 18.2886 17.4546 18.2884 17.4548L14.7834 21.0466L11.2757 17.452C11.2756 17.4519 11.2755 17.4517 11.2753 17.4516C10.5681 16.7252 10.4682 15.3856 11.4108 14.5876L11.4112 14.5872C12.0748 14.0248 13.202 14.0556 13.949 14.8205L14.7824 15.674L15.6158 14.8205C16.3618 14.0567 17.4896 14.0256 18.1545 14.5879" fill="#EB0203"></path>
                    </svg>
                    </button>
                    </div>
                    <div class="col-sm-10 col-12">
                    <div class="ct-tile-quantity d-none" data-pid="5125010">
                    <input type="hidden" class="add-to-cart-url" value="https://www.continente.pt/on/demandware.store/Sites-continente-Site/default/Cart-AddProduct">
                    <div class="d-none tile-delete-confirmation-btn" data-pid="5125010" data-delay-time="3000" data-in-cart-msg="no carrinho" data-one-product-added="Adicionado ao carrinho" data-remove-from-cart-msg="Removido do carrinho" data-stay-open="6000.0" data-confirmation-image="{&quot;url&quot;:&quot;https://www.continente.pt/dw/image/v2/BDVS_PRD/on/demandware.static/-/Sites-col-master-catalog/default/dw540417ba/images/col/512/5125010-frente.jpg?sw=87&amp;sh=80&quot;,&quot;fallbackimage&quot;:{&quot;url&quot;:&quot;https://www.continente.pt/dw/image/v2/BDVS_PRD/on/demandware.static/Sites-continente-Site/-/default/dw7c42b4da/images/noimagelarge_product.png?sw=87&amp;sh=80&quot;,&quot;title&quot;:&quot;Queijo Flamengo Fatiado&quot;,&quot;alt&quot;:&quot;Queijo Flamengo Fatiado&quot;},&quot;title&quot;:&quot;Queijo Flamengo Fatiado&quot;,&quot;alt&quot;:&quot;Queijo Flamengo Fatiado&quot;}"></div>
                    <div class="ct-tile-quantity-update quantity-update product-qty-vue" data-remove-action="https://www.continente.pt/on/demandware.store/Sites-continente-Site/default/Cart-RemoveProductLineItem" data-action="https://www.continente.pt/on/demandware.store/Sites-continente-Site/default/Cart-UpdateQuantity" data-dimension-update="https://www.continente.pt/on/demandware.store/Sites-continente-Site/default/Cart-DimensionUpdate" data-pid="5125010" data-uuid="00bbc07e9823b47beea1ed50b2" data-add-delay="500.0" data-measure-options="{&quot;hasConversionRate&quot;:false,&quot;hasAlternativeSaleUnit&quot;:false,&quot;unitConversionRate&quot;:0,&quot;minOrderQuantity&quot;:1,&quot;stepQuantity&quot;:1,&quot;primaryunit&quot;:&quot;un&quot;,&quot;secondaryunit&quot;:&quot;kg&quot;,&quot;selectedunit&quot;:&quot;primary&quot;,&quot;maxNumberOfUnitsPerSale&quot;:50}" data-price-available="null" :data-has-error="isMaxQtyReached || isMinQtyReached || qtySelectedMoreThanOne">
                    <template v-show="prodUnits">
                    <div class="quantity-input-wrapper has-units">
                    <label class="visually-hidden" :for="'quantity-' + pid + additionalTag">
                    Quantidade no carrinho
                    </label>
                    <input :ref="'quantityInput-' + pid + additionalTag" class="add-to-cart-quantity form-control ct-form-input text-center" inputmode="numeric" :class="{'is-invalid': isInvalid}" :data-pid="pid + additionalTag" :name="'quantity-' + pid + additionalTag" type="text" aria-label="Insira a quantidade" title="" v-model="displayValue" @change="updateQuantity" @focus="updateQtyFormat" @blur="restoreQtyFormat" :disabled="!isPriceAvailable">
                    <span class="quantity-icon quantity-icon--minus">
                    <button class="decrease-quantity-btn" @click="updateQuantity" :disabled="!isPriceAvailable" role="button" aria-label="Reduzir quantidade">
                    <i class="css-math-minus"></i>
                    </button>
                    </span>
                    <span class="quantity-icon quantity-icon--plus">
                    <button class="increase-quantity-btn" @click="updateQuantity" :disabled="isMaxQtyReached || !isPriceAvailable" role="button" aria-label="Aumentar quantidade">
                    <i class="css-math-plus"></i>
                    </button>
                    <span class="quantity-btn-disabled-placeholder"></span>
                    </span>
                    <template v-if="isPDP">
                    <span class="quantity-error ct-span-error text-sm-center product-max-allocation" v-if="isMaxQtyReached">
                    Quantidade máxima atingida
                    </span>
                    <span class="quantity-error ct-span-product text-sm-center product-allocation" v-if="!isMinQtyReached &amp;&amp; !isMaxQtyReached">
                    {{quantitySelected}} no carrinho
                    </span>
                    <span class="quantity-error ct-span-error text-sm-center product-min-allocation" :data-pid="pid" v-if="isMinQtyReached &amp;&amp; !isMaxQtyReached">
                    Quantidade mínima atingida
                    </span>
                    </template>
                    </div>
                    <template v-if="showNotes">
                    <div class="add-note-link-container ">
                    <div class="add-note">
                    <a href="/produto/queijo-flamengo-fatiado-terra-nostra-5125010.html?showNote=true" class="ct-add-note-redirect-pdp" aria-label="Adicionar comentário">
                    <span class="svg-wrapper svg-icon-notes" style="width:19px; height:20px">
                    <svg class="svg-inline icon-notes" viewBox="0 0 28 30" xmlns="http://www.w3.org/2000/svg" width="100%" height="100%"><path d="M21.738 0C22.985 0 24 1.04 24 2.319V12.47c0 .469-.37.848-.828.848-.457 0-.827-.38-.827-.848V2.32c0-.343-.273-.622-.607-.622H2.262c-.334 0-.607.279-.607.622V27.68c0 .343.273.622.607.622h7.81c.457 0 .827.38.827.849 0 .468-.37.848-.827.848h-7.81C1.015 30 0 28.96 0 27.681V2.32C0 1.04 1.015 0 2.262 0h19.476zm2.844 16.004l.227.007c.823.053 1.589.39 2.176.964.64.627.993 1.46.993 2.349 0 .888-.353 1.722-.993 2.348l-6.83 6.665c-.11.108-.247.186-.397.226l-5.032 1.363c-.078.021-.16.032-.241.032-.242 0-.478-.097-.647-.266-.23-.231-.314-.566-.218-.874l1.49-4.798c.044-.139.122-.266.227-.369l6.844-6.677c.64-.625 1.493-.97 2.401-.97zm-2.886 3.94l-4.922 4.802-.947 3.048 3.22-.872 4.897-4.78-2.248-2.197zm2.887-2.174c-.425 0-.824.162-1.124.455l-.484.472 2.248 2.197.484-.472c.62-.606.62-1.591 0-2.197l-.117-.104c-.283-.227-.636-.35-1.007-.35zm-10.839.022c.498 0 .904.396.904.883 0 .488-.406.884-.904.884H5.946c-.499 0-.904-.396-.904-.884 0-.487.405-.883.904-.883zm5.042-4.876c.498 0 .904.397.904.884s-.406.884-.904.884H5.946c-.499 0-.904-.397-.904-.884s.405-.884.904-.884zm0-4.875c.498 0 .904.396.904.884 0 .487-.406.883-.904.883H5.946c-.499 0-.904-.396-.904-.883 0-.488.405-.884.904-.884z" fill="#EB0203" fill-rule="evenodd"></path></svg>
                    </span>
                    <div class="available-note d-none"></div>
                    </a>
                    </div>
                    </div>
                    </template>
                    <div class="measurement-unit-section" v-if="isPriceAvailable &amp;&amp; prodUnits ? prodUnits.hasAlternativeUnit : false">
                    <div class="ct-form-radio" @click="setDimension">
                    <input type="radio" title="" class="ct-form-check-input product-measurement-unit" :data-type="prodUnits.selectedUnit == prodUnits.secondaryUnit ? 'primary' : ''" :id="prodUnits.secondaryUnit + '-' + pid + '-measurement-unit-ptile' + additionalTag" :name="'measurement-unit-' + pid + '-ptile' + additionalTag" :value="prodUnits.secondaryUnit" v-model="prodUnits.selectedUnit">
                    <label :class="prodUnits.secondaryUnit + '-label ct-form-check-label mb-0'" :for="prodUnits.secondaryUnit + '-' + pid + '-measurement-unit-ptile' + additionalTag">
                    {{prodUnits.secondaryUnit}}
                    </label>
                    <span class="checkmark"></span>
                    </div>
                    <div class="ct-form-radio" @click="setDimension">
                    <input type="radio" title="" class="ct-form-check-input product-measurement-unit" :data-type="prodUnits.selectedUnit == prodUnits.primaryUnit ? 'primary' : ''" :id="prodUnits.primaryUnit + '-' + pid + '-measurement-unit-ptile' + additionalTag" :name="'measurement-unit-' + pid + '-ptile' + additionalTag" :value="prodUnits.primaryUnit" v-model="prodUnits.selectedUnit">
                    <label :class="prodUnits.primaryUnit + '-label ct-form-check-label mb-0'" :for="prodUnits.primaryUnit + '-' + pid + '-measurement-unit-ptile' + additionalTag">
                    {{prodUnits.primaryUnit}}
                    </label>
                    <span class="checkmark"></span>
                    </div>
                    </div>
                    <template v-if="!isPDP &amp;&amp; isPriceAvailable">
                    <span class="quantity-error ct-span-error product-max-allocation" v-if="isMaxQtyReached">
                    Quantidade máxima atingida
                    </span>
                    <span class="quantity-error ct-span-product product-allocation" v-if="!isMinQtyReached &amp;&amp; !isMaxQtyReached">
                    {{quantitySelected}} no carrinho
                    </span>
                    <span class="quantity-error ct-span-error product-min-allocation" :data-pid="pid" v-if="isMinQtyReached &amp;&amp; !isMaxQtyReached">
                    Quantidade mínima atingida
                    </span>
                    </template>
                    </template>
                    </div>
                    <input class="quantity-value-mask d-none" name="quantity" type="number" min="0" value="">
                    </div>
                    <button type="button" class="add-to-cart button js-add-to-cart js-add-to-cart-tile 5125010 button--primary dynamic-layout-btn" data-toggle="modal" data-target="#chooseBonusProductModal" data-pid="5125010" data-quantity-value="null" aria-label="Carrinho">
                    <span class="d-block d-sm-none">
                    <span class="svg-wrapper svg-icon-cart" style="width:20px; height:20px">
                    <svg class="svg-inline icon-cart" xmlns="http://www.w3.org/2000/svg" viewBox="0 0 500 500" width="100%" height="100%"><path fill="#EB0203" fill-rule="evenodd" d="M 485.67317,94.386311 C 476.37798,83.847129 463.09468,78.03348 448.30404,78.03348 H 90.690813 L 87.079511,51.327997 C 83.185582,22.539551 62.962285,0 41.011841,0 H 14.727836 C 6.563151,0 0,6.5286975 0,14.580758 c 0,8.05206 6.5945535,14.580758 14.727836,14.580758 h 26.284005 c 4.710398,0 14.696435,9.855222 16.894619,26.021523 L 100.01739,368.0631 c 1.88416,13.77244 9.01256,26.70549 20.1605,36.37417 8.25889,7.15046 18.02511,11.9071 28.26237,13.89679 -4.17655,7.58572 -6.53175,16.25957 -6.53175,25.493 0,29.53459 24.27424,53.59751 54.13815,53.59751 29.8325,0 54.13814,-24.03184 54.13814,-53.59751 0,-8.79818 -2.19818,-17.09897 -5.9979,-24.43598 h 77.12488 c -3.79973,7.33701 -5.96652,15.6378 -5.96652,24.43598 0,29.53459 24.27424,53.59751 54.13817,53.59751 29.83249,0 54.13814,-24.03184 54.13814,-53.59751 0,-8.79818 -2.1982,-17.09897 -5.9979,-24.43598 h 38.56243 c 8.13328,0 14.72783,-6.5287 14.72783,-14.61183 0,-8.02098 -6.59455,-14.54967 -14.72783,-14.54967 H 159.24277 c -14.38241,0 -28.13677,-11.90711 -30.02092,-26.02153 l -3.07746,-22.88154 h 290.6314 c 14.03698,0 27.94834,-5.28513 39.06488,-14.95381 11.11652,-9.6376 18.27632,-22.57065 20.16048,-36.37417 l 21.10259,-156.78201 c 1.94694,-14.51858 -2.10398,-28.29103 -11.43057,-38.861299 z M 220.76053,443.82706 c 0,13.49265 -11.08513,24.46709 -24.68247,24.46709 -13.62874,0 -24.71387,-10.97444 -24.71387,-24.46709 0,-13.49262 11.08513,-24.43598 24.71387,-24.43598 13.59734,0 24.68247,10.94336 24.68247,24.43598 z m 173.43675,0 c 0,13.49265 -11.08512,24.46709 -24.68245,24.46709 -13.62876,0 -24.71388,-10.97444 -24.71388,-24.46709 0,-13.49262 11.08512,-24.43598 24.71388,-24.43598 13.59733,0 24.68245,10.94336 24.68245,24.43598 z m 73.7648,-314.46558 -21.13397,156.782 c -1.88416,14.11442 -15.63851,26.05261 -30.02091,26.05261 H 122.25046 L 94.616142,107.19499 H 448.33544 c 6.18632,0 11.61896,2.2695 15.23028,6.37326 3.64269,4.13484 5.21283,9.73086 4.39636,15.79323 z"></path></svg>
                    </span>
                    </span>
                    <span class="add-to-cart--text d-none d-sm-block">Carrinho</span>
                    </button>
                    </div>
                    </div>
                    </div>
                    </div>
                    
                    <div class="col-12 d-sm-none">
                    </div>
                    </div>
                    </div>
                    </div>
                    </div>
                    <div class="col-12 col-sm-3 col-lg-2 productTile" data-idx="8">
                    
                    <script type="text/javascript">//<!--
                    /* <![CDATA[ */
                    (function(){
                    try {
                        if(window.CQuotient) {
                        var cq_params = {};
                        
                        cq_params.cookieId = window.CQuotient.getCQCookieId();
                        cq_params.userId = window.CQuotient.getCQUserId();
                        cq_params.emailId = CQuotient.getCQHashedEmail();
                        cq_params.loginId = CQuotient.getCQHashedLogin();
                        cq_params.accumulate = true;
                        cq_params.products = [{
                            id: '2211084',
                            sku: ''
                        }];
                        cq_params.categoryId = 'laticinios';
                        cq_params.refinements = '[{\"name\":\"priceMin\",\"value\":\"0.01\"},{\"name\":\"priceMax\",\"value\":\"null\"},{\"name\":\"curr\",\"value\":\"EUR\"},{\"name\":\"Category\",\"value\":\"laticinios\"}]';
                        cq_params.personalized = 'false';
                        cq_params.sortingRule = 'FOOD-Laticinios';
                        cq_params.imageUUID = '__UNDEFINED__';
                        cq_params.realm = "BDVS";
                        cq_params.siteId = "continente";
                        cq_params.instanceType = "prd";
                        cq_params.queryLocale = "default";
                        cq_params.locale = window.CQuotient.locale;
                        
                        if(window.CQuotient.sendActivity)
                            window.CQuotient.sendActivity(CQuotient.clientId, 'viewCategory', cq_params);
                        else
                            window.CQuotient.activities.push({
                                activityType: 'viewCategory',
                                parameters: cq_params
                            });
                      }
                    } catch(err) {}
                    })();
                    /* ]]> */
                    // -->
                    </script>
                    <script type="text/javascript">//<!--
                    /* <![CDATA[ (viewCategoryProduct-active_data.js) */
                    (function(){
                    try {
                        if (dw.ac) {
                            var search_params = {};
                            search_params.persd = 'false';
                            search_params.refs = '[{\"name\":\"priceMin\",\"value\":\"0.01\"},{\"name\":\"priceMax\",\"value\":\"null\"},{\"name\":\"curr\",\"value\":\"EUR\"},{\"name\":\"Category\",\"value\":\"laticinios\"}]';
                            search_params.sort = 'FOOD-Laticinios';
                            search_params.imageUUID = '';
                            search_params.searchID = 'ff60679a-0a42-4d90-af85-afdcdfaee427';
                            search_params.locale = 'default';
                            search_params.queryLocale = 'default';
                            search_params.showProducts = 'true';
                            dw.ac.applyContext({category: "laticinios", searchData: search_params});
                            if (typeof dw.ac._scheduleDataSubmission === "function") {
                                dw.ac._scheduleDataSubmission();
                            }
                        }
                    } catch(err) {}
                    })();
                    /* ]]> */
                    // -->
                    </script>
                    <script type="text/javascript">//<!--
                    /* <![CDATA[ (viewProduct-active_data.js) */
                    dw.ac._capture({id: "2211084", type: "searchhit"});
                    /* ]]> */
                    // -->
                    </script>
                    <div class="product" data-pid="2211084">
                    <div class="product-tile pid-2211084 ct-product-tile data-layer-pushed" data-delay-time="3000" data-variants-mapping="[]" data-in-cart-msg="no carrinho" data-one-product-added="Adicionado ao carrinho" data-remove-from-cart-msg="Removido do carrinho" data-stay-open="6000.0" data-product-tile-impression="{&quot;name&quot;:&quot;2211084&quot;,&quot;id&quot;:&quot;2211084&quot;,&quot;price&quot;:2.29,&quot;brand&quot;:&quot;Mimosa&quot;,&quot;category&quot;:[{&quot;category_level_1&quot;:&quot;Laticínios e Ovos&quot;},{&quot;category_level_2&quot;:&quot;Manteigas e Cremes para Barrar&quot;},{&quot;category_level_3&quot;:&quot;Manteigas&quot;}],&quot;variant&quot;:&quot;&quot;}">
                    <div class="ct-inner-tile-wrap row no-gutters justify-content-center align-content-start">
                    
                    <div class="ct-image-container col-4 col-sm" data-confirmation-image="{&quot;url&quot;:&quot;https://www.continente.pt/dw/image/v2/BDVS_PRD/on/demandware.static/-/Sites-col-master-catalog/default/dwa00f63d0/images/col/221/2211084-esquerdo.jpg?sw=87&amp;sh=80&quot;,&quot;fallbackimage&quot;:{&quot;url&quot;:&quot;https://www.continente.pt/dw/image/v2/BDVS_PRD/on/demandware.static/Sites-continente-Site/-/default/dw7c42b4da/images/noimagelarge_product.png?sw=87&amp;sh=80&quot;,&quot;title&quot;:&quot;Manteiga com Sal&quot;,&quot;alt&quot;:&quot;Manteiga com Sal&quot;},&quot;title&quot;:&quot;Manteiga com Sal&quot;,&quot;alt&quot;:&quot;Manteiga com Sal&quot;}">
                    <a href="https://www.continente.pt/produto/manteiga-com-sal-mimosa-2211084.html?cgid=laticinios">
                    <picture class="intrinsic intrinsic--square">
                    <img class="ct-tile-image lazyloaded" loading="lazy" onerror="this.onerror=null;this.src='/on/demandware.static/Sites-continente-Site/-/default/dw7c42b4da/images/noimagelarge_product.png';" data-src="https://www.continente.pt/dw/image/v2/BDVS_PRD/on/demandware.static/-/Sites-col-master-catalog/default/dwa00f63d0/images/col/221/2211084-esquerdo.jpg?sw=280&amp;sh=280" alt="Manteiga com Sal" title="Manteiga com Sal" src="https://www.continente.pt/dw/image/v2/BDVS_PRD/on/demandware.static/-/Sites-col-master-catalog/default/dwa00f63d0/images/col/221/2211084-esquerdo.jpg?sw=280&amp;sh=280">
                    </picture>
                    </a>
                    <div class="color-swatches d-flex" style="margin-left: 5px;">
                    <div class="swatches d-flex">
                    </div>
                    </div>
                    </div>
                    <div class="ct-tile-body col col-sm-auto ">
                    <div class="ct-pdp-details">
                    <div class="ct-pdp-link">
                    <a class="ct-tile--description" href="https://www.continente.pt/produto/manteiga-com-sal-mimosa-2211084.html?cgid=laticinios">Manteiga com Sal</a>
                    <div class="ct-tile--favorite-top d-sm-none">
                    <button class="wishlist-toggler guest-mode inactive button button--tertiary" data-pid="2211084" data-add-url="https://www.continente.pt/on/demandware.store/Sites-continente-Site/default/Wishlist-AddProduct?pid=2211084" data-toggle="tooltip" aria-label="Adicionar aos favoritos " data-original-title="Adicionar aos favoritos" data-placement="top">
                    <svg class="active-content" width="100%" height="100%" viewBox="0 0 20 22" fill="none" xmlns="http://www.w3.org/2000/svg">
                    <path fill-rule="evenodd" clip-rule="evenodd" d="M0 1.53052C0 0.685236 0.692171 0 1.54601 0H15.0736C15.9274 0 16.6196 0.685235 16.6196 1.53052V13.4064L15.8127 13.922L14.2658 14.2658L12.7189 13.4064L10.6054 14.3818C10.4994 14.2451 10.3327 14.157 10.1452 14.157H6.76329C6.4431 14.157 6.18354 14.414 6.18354 14.731C6.18354 15.0479 6.4431 15.3049 6.76329 15.3049H10.1452C10.2478 15.3049 10.3441 15.2785 10.4277 15.2322L10.3126 16.8439L13.2345 20.2793H1.54601C0.69217 20.2793 0 19.5941 0 18.7488V1.53052ZM6.18354 5.5483C6.18354 5.23132 6.4431 4.97436 6.76329 4.97436H12.3676C12.6878 4.97436 12.9473 5.23132 12.9473 5.5483C12.9473 5.86528 12.6878 6.12224 12.3676 6.12224H6.76329C6.4431 6.12224 6.18354 5.86528 6.18354 5.5483ZM6.76329 11.0961C6.4431 11.0961 6.18354 11.3531 6.18354 11.6701C6.18354 11.987 6.4431 12.244 6.76329 12.244H12.3676C12.6878 12.244 12.9473 11.987 12.9473 11.6701C12.9473 11.3531 12.6878 11.0961 12.3676 11.0961H6.76329ZM6.18354 8.60985C6.18354 8.29287 6.4431 8.03591 6.76329 8.03591H12.3676C12.6878 8.03591 12.9473 8.29287 12.9473 8.60985C12.9473 8.92684 12.6878 9.1838 12.3676 9.1838H6.76329C6.4431 9.1838 6.18354 8.92684 6.18354 8.60985ZM3.67118 5.5483C3.67118 5.23132 3.93075 4.97436 4.25093 4.97436H4.63743C4.95762 4.97436 5.21719 5.23132 5.21719 5.5483C5.21719 5.86528 4.95762 6.12224 4.63743 6.12224H4.25093C3.93075 6.12224 3.67118 5.86528 3.67118 5.5483ZM4.25093 11.0961C3.93075 11.0961 3.67118 11.3531 3.67118 11.6701C3.67118 11.987 3.93075 12.244 4.25093 12.244H4.63743C4.95762 12.244 5.21719 11.987 5.21719 11.6701C5.21719 11.3531 4.95762 11.0961 4.63743 11.0961H4.25093ZM3.67118 8.60985C3.67118 8.29287 3.93075 8.03591 4.25093 8.03591H4.63743C4.95762 8.03591 5.21719 8.29287 5.21719 8.60985C5.21719 8.92684 4.95762 9.1838 4.63743 9.1838H4.25093C3.93075 9.1838 3.67118 8.92684 3.67118 8.60985ZM4.25093 14.157C3.93075 14.157 3.67118 14.414 3.67118 14.731C3.67118 15.0479 3.93075 15.3049 4.25093 15.3049H4.63743C4.95762 15.3049 5.21719 15.0479 5.21719 14.731C5.21719 14.414 4.95762 14.157 4.63743 14.157H4.25093Z" fill="#EB0203"></path>
                    <path fill-rule="evenodd" clip-rule="evenodd" d="M14.6252 13.6363C13.4918 12.6215 11.7817 12.5264 10.6569 13.4792C9.12421 14.7764 9.34841 16.8912 10.4409 18.0122L14.0159 21.6742C14.2197 21.8832 14.4928 22 14.7822 22C15.0737 22 15.3448 21.8852 15.5486 21.6762L19.1236 18.0142C20.214 16.8933 20.4423 14.7785 18.9075 13.4792C17.7827 12.5283 16.0724 12.6217 14.9391 13.6365C14.8855 13.6845 14.8331 13.7345 14.7822 13.7866C14.7313 13.7345 14.6789 13.6843 14.6252 13.6363ZM18.1546 14.3522C19.0973 15.1508 18.9962 16.4896 18.2891 17.2173C18.2888 17.2175 18.2886 17.2177 18.2884 17.218L14.7832 20.8084L11.2753 17.2151C11.2752 17.215 11.2751 17.2149 11.2749 17.2148C10.5677 16.4887 10.4678 15.1495 11.4104 14.3518L11.4108 14.3514C12.0745 13.7892 13.2018 13.82 13.9488 14.5846L14.7822 15.4378L15.6157 14.5846C16.3617 13.8211 17.4896 13.79 18.1545 14.3521" fill="#EB0203"></path>
                    </svg>
                    <svg class="inactive-content" width="100%" height="100%" viewBox="0 0 20 23" fill="none" xmlns="http://www.w3.org/2000/svg">
                    <path fill-rule="evenodd" clip-rule="evenodd" d="M6.18408 5.77914C6.18408 5.46223 6.44363 5.20532 6.7638 5.20532H12.3678C12.6879 5.20532 12.9475 5.46223 12.9475 5.77914C12.9475 6.09606 12.6879 6.35297 12.3678 6.35297H6.7638C6.44363 6.35297 6.18408 6.09606 6.18408 5.77914Z" fill="#EB0203"></path>
                    <path fill-rule="evenodd" clip-rule="evenodd" d="M6.18408 11.9034C6.18408 11.5865 6.44363 11.3296 6.7638 11.3296H12.3678C12.6879 11.3296 12.9475 11.5865 12.9475 11.9034C12.9475 12.2202 12.6879 12.4771 12.3678 12.4771H6.7638C6.44363 12.4771 6.18408 12.2202 6.18408 11.9034Z" fill="#EB0203"></path>
                    <path fill-rule="evenodd" clip-rule="evenodd" d="M6.18408 8.84116C6.18408 8.52424 6.44363 8.26733 6.7638 8.26733H12.3678C12.6879 8.26733 12.9475 8.52424 12.9475 8.84116C12.9475 9.15807 12.6879 9.41498 12.3678 9.41498H6.7638C6.44363 9.41498 6.18408 9.15807 6.18408 8.84116Z" fill="#EB0203"></path>
                    <path fill-rule="evenodd" clip-rule="evenodd" d="M6.18408 14.9655C6.18408 14.6486 6.44363 14.3917 6.7638 14.3917H10.1455C10.4657 14.3917 10.7252 14.6486 10.7252 14.9655C10.7252 15.2825 10.4657 15.5394 10.1455 15.5394H6.7638C6.44363 15.5394 6.18408 15.2825 6.18408 14.9655Z" fill="#EB0203"></path>
                    <path fill-rule="evenodd" clip-rule="evenodd" d="M3.67139 5.77914C3.67139 5.46223 3.93094 5.20532 4.25111 5.20532H4.63759C4.95776 5.20532 5.21731 5.46223 5.21731 5.77914C5.21731 6.09606 4.95776 6.35297 4.63759 6.35297H4.25111C3.93094 6.35297 3.67139 6.09606 3.67139 5.77914Z" fill="#EB0203"></path>
                    <path fill-rule="evenodd" clip-rule="evenodd" d="M3.67139 11.9034C3.67139 11.5865 3.93094 11.3296 4.25111 11.3296H4.63759C4.95776 11.3296 5.21731 11.5865 5.21731 11.9034C5.21731 12.2202 4.95776 12.4771 4.63759 12.4771H4.25111C3.93094 12.4771 3.67139 12.2202 3.67139 11.9034Z" fill="#EB0203"></path>
                    <path fill-rule="evenodd" clip-rule="evenodd" d="M3.67139 8.84116C3.67139 8.52424 3.93094 8.26733 4.25111 8.26733H4.63759C4.95776 8.26733 5.21731 8.52424 5.21731 8.84116C5.21731 9.15807 4.95776 9.41498 4.63759 9.41498H4.25111C3.93094 9.41498 3.67139 9.15807 3.67139 8.84116Z" fill="#EB0203"></path>
                    <path fill-rule="evenodd" clip-rule="evenodd" d="M3.67139 14.9655C3.67139 14.6486 3.93094 14.3917 4.25111 14.3917H4.63759C4.95776 14.3917 5.21731 14.6486 5.21731 14.9655C5.21731 15.2825 4.95776 15.5394 4.63759 15.5394H4.25111C3.93094 15.5394 3.67139 15.2825 3.67139 14.9655Z" fill="#EB0203"></path>
                    <path fill-rule="evenodd" clip-rule="evenodd" d="M0 1.76033C0 0.914738 0.692131 0.229248 1.54592 0.229248H15.0727C15.9265 0.229248 16.6186 0.914738 16.6186 1.76033V11.2818C16.6186 11.5989 16.3591 11.8559 16.0389 11.8559C15.7187 11.8559 15.4592 11.5989 15.4592 11.2818V1.76033C15.4592 1.54893 15.2862 1.37756 15.0727 1.37756H1.54592C1.33247 1.37756 1.15944 1.54893 1.15944 1.76033V18.985C1.15944 19.1964 1.33247 19.3678 1.54592 19.3678H9.27551C9.59568 19.3678 9.85523 19.6249 9.85523 19.942C9.85523 20.2591 9.59568 20.5161 9.27551 20.5161H1.54592C0.692131 20.5161 0 19.8306 0 18.985V1.76033Z" fill="#EB0203"></path>
                    <path fill-rule="evenodd" clip-rule="evenodd" d="M14.6254 13.8718C13.4921 12.8567 11.7821 12.7615 10.6574 13.7147C9.12472 15.0124 9.34891 17.128 10.4413 18.2493L14.0161 21.9126C14.2199 22.1217 14.493 22.2386 14.7824 22.2386C15.0739 22.2386 15.3449 22.1238 15.5487 21.9147L19.1235 18.2514C20.2139 17.13 20.4422 15.0144 18.9075 13.7147C17.7827 12.7634 16.0726 12.8569 14.9392 13.872C14.8856 13.92 14.8333 13.9701 14.7824 14.0222C14.7314 13.97 14.6791 13.9199 14.6254 13.8718ZM18.1546 14.588C19.0972 15.3869 18.9961 16.7262 18.2891 17.4541C18.2888 17.4543 18.2886 17.4546 18.2884 17.4548L14.7834 21.0466L11.2757 17.452C11.2756 17.4519 11.2755 17.4517 11.2753 17.4516C10.5681 16.7252 10.4682 15.3856 11.4108 14.5876L11.4112 14.5872C12.0748 14.0248 13.202 14.0556 13.949 14.8205L14.7824 15.674L15.6158 14.8205C16.3618 14.0567 17.4896 14.0256 18.1545 14.5879" fill="#EB0203"></path>
                    </svg>
                    </button>
                    </div>
                    </div>
                    <p class="ct-tile--brand">Mimosa</p>
                    <p class="ct-tile--quantity">emb. 250 gr</p>
                    </div>
                    <div class="ct-tile-bottom row no-gutters justify-content-between">
                    <div class="ct-price-wrap col-8 col-sm-12">
                    <div class="price js-product-price">
                    <div class="prices-wrapper">
                    <span class="sales ct-tile--price-primary ">
                    <span class="value" content="2.29">
                    <span class="ct-price-formatted">
                    €2,29
                    </span>
                    <span class="ct-m-unit">
                    /un
                    </span>
                    </span>
                    </span>
                    </div>
                    <div class="ct-tile--price-secondary">
                    <span class="ct-price-value">
                    €9,16
                    </span>
                     <span class="ct-m-unit">
                    /kg
                    </span>
                    </div>
                    </div>
                    </div>
                    <div class="ct-tile-buy-section d-flex justify-content-center no-gutters col-auto col-sm-12">
                    <div class="col-2 d-sm-flex d-none">
                    <button class="wishlist-toggler guest-mode inactive button button--tertiary" data-pid="2211084" data-add-url="https://www.continente.pt/on/demandware.store/Sites-continente-Site/default/Wishlist-AddProduct?pid=2211084" data-toggle="tooltip" aria-label="Adicionar aos favoritos " data-original-title="Adicionar aos favoritos" data-placement="top">
                    <svg class="active-content" width="100%" height="100%" viewBox="0 0 20 22" fill="none" xmlns="http://www.w3.org/2000/svg">
                    <path fill-rule="evenodd" clip-rule="evenodd" d="M0 1.53052C0 0.685236 0.692171 0 1.54601 0H15.0736C15.9274 0 16.6196 0.685235 16.6196 1.53052V13.4064L15.8127 13.922L14.2658 14.2658L12.7189 13.4064L10.6054 14.3818C10.4994 14.2451 10.3327 14.157 10.1452 14.157H6.76329C6.4431 14.157 6.18354 14.414 6.18354 14.731C6.18354 15.0479 6.4431 15.3049 6.76329 15.3049H10.1452C10.2478 15.3049 10.3441 15.2785 10.4277 15.2322L10.3126 16.8439L13.2345 20.2793H1.54601C0.69217 20.2793 0 19.5941 0 18.7488V1.53052ZM6.18354 5.5483C6.18354 5.23132 6.4431 4.97436 6.76329 4.97436H12.3676C12.6878 4.97436 12.9473 5.23132 12.9473 5.5483C12.9473 5.86528 12.6878 6.12224 12.3676 6.12224H6.76329C6.4431 6.12224 6.18354 5.86528 6.18354 5.5483ZM6.76329 11.0961C6.4431 11.0961 6.18354 11.3531 6.18354 11.6701C6.18354 11.987 6.4431 12.244 6.76329 12.244H12.3676C12.6878 12.244 12.9473 11.987 12.9473 11.6701C12.9473 11.3531 12.6878 11.0961 12.3676 11.0961H6.76329ZM6.18354 8.60985C6.18354 8.29287 6.4431 8.03591 6.76329 8.03591H12.3676C12.6878 8.03591 12.9473 8.29287 12.9473 8.60985C12.9473 8.92684 12.6878 9.1838 12.3676 9.1838H6.76329C6.4431 9.1838 6.18354 8.92684 6.18354 8.60985ZM3.67118 5.5483C3.67118 5.23132 3.93075 4.97436 4.25093 4.97436H4.63743C4.95762 4.97436 5.21719 5.23132 5.21719 5.5483C5.21719 5.86528 4.95762 6.12224 4.63743 6.12224H4.25093C3.93075 6.12224 3.67118 5.86528 3.67118 5.5483ZM4.25093 11.0961C3.93075 11.0961 3.67118 11.3531 3.67118 11.6701C3.67118 11.987 3.93075 12.244 4.25093 12.244H4.63743C4.95762 12.244 5.21719 11.987 5.21719 11.6701C5.21719 11.3531 4.95762 11.0961 4.63743 11.0961H4.25093ZM3.67118 8.60985C3.67118 8.29287 3.93075 8.03591 4.25093 8.03591H4.63743C4.95762 8.03591 5.21719 8.29287 5.21719 8.60985C5.21719 8.92684 4.95762 9.1838 4.63743 9.1838H4.25093C3.93075 9.1838 3.67118 8.92684 3.67118 8.60985ZM4.25093 14.157C3.93075 14.157 3.67118 14.414 3.67118 14.731C3.67118 15.0479 3.93075 15.3049 4.25093 15.3049H4.63743C4.95762 15.3049 5.21719 15.0479 5.21719 14.731C5.21719 14.414 4.95762 14.157 4.63743 14.157H4.25093Z" fill="#EB0203"></path>
                    <path fill-rule="evenodd" clip-rule="evenodd" d="M14.6252 13.6363C13.4918 12.6215 11.7817 12.5264 10.6569 13.4792C9.12421 14.7764 9.34841 16.8912 10.4409 18.0122L14.0159 21.6742C14.2197 21.8832 14.4928 22 14.7822 22C15.0737 22 15.3448 21.8852 15.5486 21.6762L19.1236 18.0142C20.214 16.8933 20.4423 14.7785 18.9075 13.4792C17.7827 12.5283 16.0724 12.6217 14.9391 13.6365C14.8855 13.6845 14.8331 13.7345 14.7822 13.7866C14.7313 13.7345 14.6789 13.6843 14.6252 13.6363ZM18.1546 14.3522C19.0973 15.1508 18.9962 16.4896 18.2891 17.2173C18.2888 17.2175 18.2886 17.2177 18.2884 17.218L14.7832 20.8084L11.2753 17.2151C11.2752 17.215 11.2751 17.2149 11.2749 17.2148C10.5677 16.4887 10.4678 15.1495 11.4104 14.3518L11.4108 14.3514C12.0745 13.7892 13.2018 13.82 13.9488 14.5846L14.7822 15.4378L15.6157 14.5846C16.3617 13.8211 17.4896 13.79 18.1545 14.3521" fill="#EB0203"></path>
                    </svg>
                    <svg class="inactive-content" width="100%" height="100%" viewBox="0 0 20 23" fill="none" xmlns="http://www.w3.org/2000/svg">
                    <path fill-rule="evenodd" clip-rule="evenodd" d="M6.18408 5.77914C6.18408 5.46223 6.44363 5.20532 6.7638 5.20532H12.3678C12.6879 5.20532 12.9475 5.46223 12.9475 5.77914C12.9475 6.09606 12.6879 6.35297 12.3678 6.35297H6.7638C6.44363 6.35297 6.18408 6.09606 6.18408 5.77914Z" fill="#EB0203"></path>
                    <path fill-rule="evenodd" clip-rule="evenodd" d="M6.18408 11.9034C6.18408 11.5865 6.44363 11.3296 6.7638 11.3296H12.3678C12.6879 11.3296 12.9475 11.5865 12.9475 11.9034C12.9475 12.2202 12.6879 12.4771 12.3678 12.4771H6.7638C6.44363 12.4771 6.18408 12.2202 6.18408 11.9034Z" fill="#EB0203"></path>
                    <path fill-rule="evenodd" clip-rule="evenodd" d="M6.18408 8.84116C6.18408 8.52424 6.44363 8.26733 6.7638 8.26733H12.3678C12.6879 8.26733 12.9475 8.52424 12.9475 8.84116C12.9475 9.15807 12.6879 9.41498 12.3678 9.41498H6.7638C6.44363 9.41498 6.18408 9.15807 6.18408 8.84116Z" fill="#EB0203"></path>
                    <path fill-rule="evenodd" clip-rule="evenodd" d="M6.18408 14.9655C6.18408 14.6486 6.44363 14.3917 6.7638 14.3917H10.1455C10.4657 14.3917 10.7252 14.6486 10.7252 14.9655C10.7252 15.2825 10.4657 15.5394 10.1455 15.5394H6.7638C6.44363 15.5394 6.18408 15.2825 6.18408 14.9655Z" fill="#EB0203"></path>
                    <path fill-rule="evenodd" clip-rule="evenodd" d="M3.67139 5.77914C3.67139 5.46223 3.93094 5.20532 4.25111 5.20532H4.63759C4.95776 5.20532 5.21731 5.46223 5.21731 5.77914C5.21731 6.09606 4.95776 6.35297 4.63759 6.35297H4.25111C3.93094 6.35297 3.67139 6.09606 3.67139 5.77914Z" fill="#EB0203"></path>
                    <path fill-rule="evenodd" clip-rule="evenodd" d="M3.67139 11.9034C3.67139 11.5865 3.93094 11.3296 4.25111 11.3296H4.63759C4.95776 11.3296 5.21731 11.5865 5.21731 11.9034C5.21731 12.2202 4.95776 12.4771 4.63759 12.4771H4.25111C3.93094 12.4771 3.67139 12.2202 3.67139 11.9034Z" fill="#EB0203"></path>
                    <path fill-rule="evenodd" clip-rule="evenodd" d="M3.67139 8.84116C3.67139 8.52424 3.93094 8.26733 4.25111 8.26733H4.63759C4.95776 8.26733 5.21731 8.52424 5.21731 8.84116C5.21731 9.15807 4.95776 9.41498 4.63759 9.41498H4.25111C3.93094 9.41498 3.67139 9.15807 3.67139 8.84116Z" fill="#EB0203"></path>
                    <path fill-rule="evenodd" clip-rule="evenodd" d="M3.67139 14.9655C3.67139 14.6486 3.93094 14.3917 4.25111 14.3917H4.63759C4.95776 14.3917 5.21731 14.6486 5.21731 14.9655C5.21731 15.2825 4.95776 15.5394 4.63759 15.5394H4.25111C3.93094 15.5394 3.67139 15.2825 3.67139 14.9655Z" fill="#EB0203"></path>
                    <path fill-rule="evenodd" clip-rule="evenodd" d="M0 1.76033C0 0.914738 0.692131 0.229248 1.54592 0.229248H15.0727C15.9265 0.229248 16.6186 0.914738 16.6186 1.76033V11.2818C16.6186 11.5989 16.3591 11.8559 16.0389 11.8559C15.7187 11.8559 15.4592 11.5989 15.4592 11.2818V1.76033C15.4592 1.54893 15.2862 1.37756 15.0727 1.37756H1.54592C1.33247 1.37756 1.15944 1.54893 1.15944 1.76033V18.985C1.15944 19.1964 1.33247 19.3678 1.54592 19.3678H9.27551C9.59568 19.3678 9.85523 19.6249 9.85523 19.942C9.85523 20.2591 9.59568 20.5161 9.27551 20.5161H1.54592C0.692131 20.5161 0 19.8306 0 18.985V1.76033Z" fill="#EB0203"></path>
                    <path fill-rule="evenodd" clip-rule="evenodd" d="M14.6254 13.8718C13.4921 12.8567 11.7821 12.7615 10.6574 13.7147C9.12472 15.0124 9.34891 17.128 10.4413 18.2493L14.0161 21.9126C14.2199 22.1217 14.493 22.2386 14.7824 22.2386C15.0739 22.2386 15.3449 22.1238 15.5487 21.9147L19.1235 18.2514C20.2139 17.13 20.4422 15.0144 18.9075 13.7147C17.7827 12.7634 16.0726 12.8569 14.9392 13.872C14.8856 13.92 14.8333 13.9701 14.7824 14.0222C14.7314 13.97 14.6791 13.9199 14.6254 13.8718ZM18.1546 14.588C19.0972 15.3869 18.9961 16.7262 18.2891 17.4541C18.2888 17.4543 18.2886 17.4546 18.2884 17.4548L14.7834 21.0466L11.2757 17.452C11.2756 17.4519 11.2755 17.4517 11.2753 17.4516C10.5681 16.7252 10.4682 15.3856 11.4108 14.5876L11.4112 14.5872C12.0748 14.0248 13.202 14.0556 13.949 14.8205L14.7824 15.674L15.6158 14.8205C16.3618 14.0567 17.4896 14.0256 18.1545 14.5879" fill="#EB0203"></path>
                    </svg>
                    </button>
                    </div>
                    <div class="col-sm-10 col-12">
                    <div class="ct-tile-quantity d-none" data-pid="2211084">
                    <input type="hidden" class="add-to-cart-url" value="https://www.continente.pt/on/demandware.store/Sites-continente-Site/default/Cart-AddProduct">
                    <div class="d-none tile-delete-confirmation-btn" data-pid="2211084" data-delay-time="3000" data-in-cart-msg="no carrinho" data-one-product-added="Adicionado ao carrinho" data-remove-from-cart-msg="Removido do carrinho" data-stay-open="6000.0" data-confirmation-image="{&quot;url&quot;:&quot;https://www.continente.pt/dw/image/v2/BDVS_PRD/on/demandware.static/-/Sites-col-master-catalog/default/dwa00f63d0/images/col/221/2211084-esquerdo.jpg?sw=87&amp;sh=80&quot;,&quot;fallbackimage&quot;:{&quot;url&quot;:&quot;https://www.continente.pt/dw/image/v2/BDVS_PRD/on/demandware.static/Sites-continente-Site/-/default/dw7c42b4da/images/noimagelarge_product.png?sw=87&amp;sh=80&quot;,&quot;title&quot;:&quot;Manteiga com Sal&quot;,&quot;alt&quot;:&quot;Manteiga com Sal&quot;},&quot;title&quot;:&quot;Manteiga com Sal&quot;,&quot;alt&quot;:&quot;Manteiga com Sal&quot;}"></div>
                    <div class="ct-tile-quantity-update quantity-update product-qty-vue" data-remove-action="https://www.continente.pt/on/demandware.store/Sites-continente-Site/default/Cart-RemoveProductLineItem" data-action="https://www.continente.pt/on/demandware.store/Sites-continente-Site/default/Cart-UpdateQuantity" data-dimension-update="https://www.continente.pt/on/demandware.store/Sites-continente-Site/default/Cart-DimensionUpdate" data-pid="2211084" data-uuid="fedc4c8acfab892a3660618895" data-add-delay="500.0" data-measure-options="{&quot;hasConversionRate&quot;:false,&quot;hasAlternativeSaleUnit&quot;:false,&quot;unitConversionRate&quot;:0,&quot;minOrderQuantity&quot;:1,&quot;stepQuantity&quot;:1,&quot;primaryunit&quot;:&quot;un&quot;,&quot;secondaryunit&quot;:&quot;kg&quot;,&quot;selectedunit&quot;:&quot;primary&quot;,&quot;maxNumberOfUnitsPerSale&quot;:50}" data-price-available="null" :data-has-error="isMaxQtyReached || isMinQtyReached || qtySelectedMoreThanOne">
                    <template v-show="prodUnits">
                    <div class="quantity-input-wrapper has-units">
                    <label class="visually-hidden" :for="'quantity-' + pid + additionalTag">
                    Quantidade no carrinho
                    </label>
                    <input :ref="'quantityInput-' + pid + additionalTag" class="add-to-cart-quantity form-control ct-form-input text-center" inputmode="numeric" :class="{'is-invalid': isInvalid}" :data-pid="pid + additionalTag" :name="'quantity-' + pid + additionalTag" type="text" aria-label="Insira a quantidade" title="" v-model="displayValue" @change="updateQuantity" @focus="updateQtyFormat" @blur="restoreQtyFormat" :disabled="!isPriceAvailable">
                    <span class="quantity-icon quantity-icon--minus">
                    <button class="decrease-quantity-btn" @click="updateQuantity" :disabled="!isPriceAvailable" role="button" aria-label="Reduzir quantidade">
                    <i class="css-math-minus"></i>
                    </button>
                    </span>
                    <span class="quantity-icon quantity-icon--plus">
                    <button class="increase-quantity-btn" @click="updateQuantity" :disabled="isMaxQtyReached || !isPriceAvailable" role="button" aria-label="Aumentar quantidade">
                    <i class="css-math-plus"></i>
                    </button>
                    <span class="quantity-btn-disabled-placeholder"></span>
                    </span>
                    <template v-if="isPDP">
                    <span class="quantity-error ct-span-error text-sm-center product-max-allocation" v-if="isMaxQtyReached">
                    Quantidade máxima atingida
                    </span>
                    <span class="quantity-error ct-span-product text-sm-center product-allocation" v-if="!isMinQtyReached &amp;&amp; !isMaxQtyReached">
                    {{quantitySelected}} no carrinho
                    </span>
                    <span class="quantity-error ct-span-error text-sm-center product-min-allocation" :data-pid="pid" v-if="isMinQtyReached &amp;&amp; !isMaxQtyReached">
                    Quantidade mínima atingida
                    </span>
                    </template>
                    </div>
                    <template v-if="showNotes">
                    <div class="add-note-link-container ">
                    <div class="add-note">
                    <a href="/produto/manteiga-com-sal-mimosa-2211084.html?showNote=true" class="ct-add-note-redirect-pdp" aria-label="Adicionar comentário">
                    <span class="svg-wrapper svg-icon-notes" style="width:19px; height:20px">
                    <svg class="svg-inline icon-notes" viewBox="0 0 28 30" xmlns="http://www.w3.org/2000/svg" width="100%" height="100%"><path d="M21.738 0C22.985 0 24 1.04 24 2.319V12.47c0 .469-.37.848-.828.848-.457 0-.827-.38-.827-.848V2.32c0-.343-.273-.622-.607-.622H2.262c-.334 0-.607.279-.607.622V27.68c0 .343.273.622.607.622h7.81c.457 0 .827.38.827.849 0 .468-.37.848-.827.848h-7.81C1.015 30 0 28.96 0 27.681V2.32C0 1.04 1.015 0 2.262 0h19.476zm2.844 16.004l.227.007c.823.053 1.589.39 2.176.964.64.627.993 1.46.993 2.349 0 .888-.353 1.722-.993 2.348l-6.83 6.665c-.11.108-.247.186-.397.226l-5.032 1.363c-.078.021-.16.032-.241.032-.242 0-.478-.097-.647-.266-.23-.231-.314-.566-.218-.874l1.49-4.798c.044-.139.122-.266.227-.369l6.844-6.677c.64-.625 1.493-.97 2.401-.97zm-2.886 3.94l-4.922 4.802-.947 3.048 3.22-.872 4.897-4.78-2.248-2.197zm2.887-2.174c-.425 0-.824.162-1.124.455l-.484.472 2.248 2.197.484-.472c.62-.606.62-1.591 0-2.197l-.117-.104c-.283-.227-.636-.35-1.007-.35zm-10.839.022c.498 0 .904.396.904.883 0 .488-.406.884-.904.884H5.946c-.499 0-.904-.396-.904-.884 0-.487.405-.883.904-.883zm5.042-4.876c.498 0 .904.397.904.884s-.406.884-.904.884H5.946c-.499 0-.904-.397-.904-.884s.405-.884.904-.884zm0-4.875c.498 0 .904.396.904.884 0 .487-.406.883-.904.883H5.946c-.499 0-.904-.396-.904-.883 0-.488.405-.884.904-.884z" fill="#EB0203" fill-rule="evenodd"></path></svg>
                    </span>
                    <div class="available-note d-none"></div>
                    </a>
                    </div>
                    </div>
                    </template>
                    <div class="measurement-unit-section" v-if="isPriceAvailable &amp;&amp; prodUnits ? prodUnits.hasAlternativeUnit : false">
                    <div class="ct-form-radio" @click="setDimension">
                    <input type="radio" title="" class="ct-form-check-input product-measurement-unit" :data-type="prodUnits.selectedUnit == prodUnits.secondaryUnit ? 'primary' : ''" :id="prodUnits.secondaryUnit + '-' + pid + '-measurement-unit-ptile' + additionalTag" :name="'measurement-unit-' + pid + '-ptile' + additionalTag" :value="prodUnits.secondaryUnit" v-model="prodUnits.selectedUnit">
                    <label :class="prodUnits.secondaryUnit + '-label ct-form-check-label mb-0'" :for="prodUnits.secondaryUnit + '-' + pid + '-measurement-unit-ptile' + additionalTag">
                    {{prodUnits.secondaryUnit}}
                    </label>
                    <span class="checkmark"></span>
                    </div>
                    <div class="ct-form-radio" @click="setDimension">
                    <input type="radio" title="" class="ct-form-check-input product-measurement-unit" :data-type="prodUnits.selectedUnit == prodUnits.primaryUnit ? 'primary' : ''" :id="prodUnits.primaryUnit + '-' + pid + '-measurement-unit-ptile' + additionalTag" :name="'measurement-unit-' + pid + '-ptile' + additionalTag" :value="prodUnits.primaryUnit" v-model="prodUnits.selectedUnit">
                    <label :class="prodUnits.primaryUnit + '-label ct-form-check-label mb-0'" :for="prodUnits.primaryUnit + '-' + pid + '-measurement-unit-ptile' + additionalTag">
                    {{prodUnits.primaryUnit}}
                    </label>
                    <span class="checkmark"></span>
                    </div>
                    </div>
                    <template v-if="!isPDP &amp;&amp; isPriceAvailable">
                    <span class="quantity-error ct-span-error product-max-allocation" v-if="isMaxQtyReached">
                    Quantidade máxima atingida
                    </span>
                    <span class="quantity-error ct-span-product product-allocation" v-if="!isMinQtyReached &amp;&amp; !isMaxQtyReached">
                    {{quantitySelected}} no carrinho
                    </span>
                    <span class="quantity-error ct-span-error product-min-allocation" :data-pid="pid" v-if="isMinQtyReached &amp;&amp; !isMaxQtyReached">
                    Quantidade mínima atingida
                    </span>
                    </template>
                    </template>
                    </div>
                    <input class="quantity-value-mask d-none" name="quantity" type="number" min="0" value="">
                    </div>
                    <button type="button" class="add-to-cart button js-add-to-cart js-add-to-cart-tile 2211084 button--primary dynamic-layout-btn" data-toggle="modal" data-target="#chooseBonusProductModal" data-pid="2211084" data-quantity-value="null" aria-label="Carrinho">
                    <span class="d-block d-sm-none">
                    <span class="svg-wrapper svg-icon-cart" style="width:20px; height:20px">
                    <svg class="svg-inline icon-cart" xmlns="http://www.w3.org/2000/svg" viewBox="0 0 500 500" width="100%" height="100%"><path fill="#EB0203" fill-rule="evenodd" d="M 485.67317,94.386311 C 476.37798,83.847129 463.09468,78.03348 448.30404,78.03348 H 90.690813 L 87.079511,51.327997 C 83.185582,22.539551 62.962285,0 41.011841,0 H 14.727836 C 6.563151,0 0,6.5286975 0,14.580758 c 0,8.05206 6.5945535,14.580758 14.727836,14.580758 h 26.284005 c 4.710398,0 14.696435,9.855222 16.894619,26.021523 L 100.01739,368.0631 c 1.88416,13.77244 9.01256,26.70549 20.1605,36.37417 8.25889,7.15046 18.02511,11.9071 28.26237,13.89679 -4.17655,7.58572 -6.53175,16.25957 -6.53175,25.493 0,29.53459 24.27424,53.59751 54.13815,53.59751 29.8325,0 54.13814,-24.03184 54.13814,-53.59751 0,-8.79818 -2.19818,-17.09897 -5.9979,-24.43598 h 77.12488 c -3.79973,7.33701 -5.96652,15.6378 -5.96652,24.43598 0,29.53459 24.27424,53.59751 54.13817,53.59751 29.83249,0 54.13814,-24.03184 54.13814,-53.59751 0,-8.79818 -2.1982,-17.09897 -5.9979,-24.43598 h 38.56243 c 8.13328,0 14.72783,-6.5287 14.72783,-14.61183 0,-8.02098 -6.59455,-14.54967 -14.72783,-14.54967 H 159.24277 c -14.38241,0 -28.13677,-11.90711 -30.02092,-26.02153 l -3.07746,-22.88154 h 290.6314 c 14.03698,0 27.94834,-5.28513 39.06488,-14.95381 11.11652,-9.6376 18.27632,-22.57065 20.16048,-36.37417 l 21.10259,-156.78201 c 1.94694,-14.51858 -2.10398,-28.29103 -11.43057,-38.861299 z M 220.76053,443.82706 c 0,13.49265 -11.08513,24.46709 -24.68247,24.46709 -13.62874,0 -24.71387,-10.97444 -24.71387,-24.46709 0,-13.49262 11.08513,-24.43598 24.71387,-24.43598 13.59734,0 24.68247,10.94336 24.68247,24.43598 z m 173.43675,0 c 0,13.49265 -11.08512,24.46709 -24.68245,24.46709 -13.62876,0 -24.71388,-10.97444 -24.71388,-24.46709 0,-13.49262 11.08512,-24.43598 24.71388,-24.43598 13.59733,0 24.68245,10.94336 24.68245,24.43598 z m 73.7648,-314.46558 -21.13397,156.782 c -1.88416,14.11442 -15.63851,26.05261 -30.02091,26.05261 H 122.25046 L 94.616142,107.19499 H 448.33544 c 6.18632,0 11.61896,2.2695 15.23028,6.37326 3.64269,4.13484 5.21283,9.73086 4.39636,15.79323 z"></path></svg>
                    </span>
                    </span>
                    <span class="add-to-cart--text d-none d-sm-block">Carrinho</span>
                    </button>
                    </div>
                    </div>
                    </div>
                    </div>
                    
                    <div class="col-12 d-sm-none">
                    </div>
                    </div>
                    </div>
                    </div>
                    </div>
                    <div class="col-12 col-sm-3 col-lg-2 productTile" data-idx="9">
                    
                    <script type="text/javascript">//<!--
                    /* <![CDATA[ */
                    (function(){
                    try {
                        if(window.CQuotient) {
                        var cq_params = {};
                        
                        cq_params.cookieId = window.CQuotient.getCQCookieId();
                        cq_params.userId = window.CQuotient.getCQUserId();
                        cq_params.emailId = CQuotient.getCQHashedEmail();
                        cq_params.loginId = CQuotient.getCQHashedLogin();
                        cq_params.accumulate = true;
                        cq_params.products = [{
                            id: '4679597',
                            sku: ''
                        }];
                        cq_params.categoryId = 'laticinios';
                        cq_params.refinements = '[{\"name\":\"priceMin\",\"value\":\"0.01\"},{\"name\":\"priceMax\",\"value\":\"null\"},{\"name\":\"curr\",\"value\":\"EUR\"},{\"name\":\"Category\",\"value\":\"laticinios\"}]';
                        cq_params.personalized = 'false';
                        cq_params.sortingRule = 'FOOD-Laticinios';
                        cq_params.imageUUID = '__UNDEFINED__';
                        cq_params.realm = "BDVS";
                        cq_params.siteId = "continente";
                        cq_params.instanceType = "prd";
                        cq_params.queryLocale = "default";
                        cq_params.locale = window.CQuotient.locale;
                        
                        if(window.CQuotient.sendActivity)
                            window.CQuotient.sendActivity(CQuotient.clientId, 'viewCategory', cq_params);
                        else
                            window.CQuotient.activities.push({
                                activityType: 'viewCategory',
                                parameters: cq_params
                            });
                      }
                    } catch(err) {}
                    })();
                    /* ]]> */
                    // -->
                    </script>
                    <script type="text/javascript">//<!--
                    /* <![CDATA[ (viewCategoryProduct-active_data.js) */
                    (function(){
                    try {
                        if (dw.ac) {
                            var search_params = {};
                            search_params.persd = 'false';
                            search_params.refs = '[{\"name\":\"priceMin\",\"value\":\"0.01\"},{\"name\":\"priceMax\",\"value\":\"null\"},{\"name\":\"curr\",\"value\":\"EUR\"},{\"name\":\"Category\",\"value\":\"laticinios\"}]';
                            search_params.sort = 'FOOD-Laticinios';
                            search_params.imageUUID = '';
                            search_params.searchID = 'ff60679a-0a42-4d90-af85-afdcdfaee427';
                            search_params.locale = 'default';
                            search_params.queryLocale = 'default';
                            search_params.showProducts = 'true';
                            dw.ac.applyContext({category: "laticinios", searchData: search_params});
                            if (typeof dw.ac._scheduleDataSubmission === "function") {
                                dw.ac._scheduleDataSubmission();
                            }
                        }
                    } catch(err) {}
                    })();
                    /* ]]> */
                    // -->
                    </script>
                    <script type="text/javascript">//<!--
                    /* <![CDATA[ (viewProduct-active_data.js) */
                    dw.ac._capture({id: "4679597", type: "searchhit"});
                    /* ]]> */
                    // -->
                    </script>
                    <div class="product" data-pid="4679597">
                    <div class="product-tile pid-4679597 ct-product-tile data-layer-pushed" data-delay-time="3000" data-variants-mapping="[]" data-in-cart-msg="no carrinho" data-one-product-added="Adicionado ao carrinho" data-remove-from-cart-msg="Removido do carrinho" data-stay-open="6000.0" data-product-tile-impression="{&quot;name&quot;:&quot;4679597&quot;,&quot;id&quot;:&quot;4679597&quot;,&quot;price&quot;:1.29,&quot;brand&quot;:&quot;Mimosa&quot;,&quot;category&quot;:[{&quot;category_level_1&quot;:&quot;Laticínios e Ovos&quot;},{&quot;category_level_2&quot;:&quot;Leite&quot;},{&quot;category_level_3&quot;:&quot;Leite sem Lactose&quot;}],&quot;variant&quot;:&quot;&quot;}">
                    <div class="ct-inner-tile-wrap row no-gutters justify-content-center align-content-start">
                    
                    <div class="ct-image-container col-4 col-sm" data-confirmation-image="{&quot;url&quot;:&quot;https://www.continente.pt/dw/image/v2/BDVS_PRD/on/demandware.static/-/Sites-col-master-catalog/default/dw39a795e9/images/col/467/4679597-frente.jpg?sw=87&amp;sh=80&quot;,&quot;fallbackimage&quot;:{&quot;url&quot;:&quot;https://www.continente.pt/dw/image/v2/BDVS_PRD/on/demandware.static/Sites-continente-Site/-/default/dw7c42b4da/images/noimagelarge_product.png?sw=87&amp;sh=80&quot;,&quot;title&quot;:&quot;Leite UHT Magro sem Lactose&quot;,&quot;alt&quot;:&quot;Leite UHT Magro sem Lactose&quot;},&quot;title&quot;:&quot;Leite UHT Magro sem Lactose&quot;,&quot;alt&quot;:&quot;Leite UHT Magro sem Lactose&quot;}">
                    <a href="https://www.continente.pt/produto/leite-uht-magro-sem-lactose-mimosa-4679597.html?cgid=laticinios">
                    <picture class="intrinsic intrinsic--square">
                    <img class="ct-tile-image lazyloaded" loading="lazy" onerror="this.onerror=null;this.src='/on/demandware.static/Sites-continente-Site/-/default/dw7c42b4da/images/noimagelarge_product.png';" data-src="https://www.continente.pt/dw/image/v2/BDVS_PRD/on/demandware.static/-/Sites-col-master-catalog/default/dw39a795e9/images/col/467/4679597-frente.jpg?sw=280&amp;sh=280" alt="Leite UHT Magro sem Lactose" title="Leite UHT Magro sem Lactose" src="https://www.continente.pt/dw/image/v2/BDVS_PRD/on/demandware.static/-/Sites-col-master-catalog/default/dw39a795e9/images/col/467/4679597-frente.jpg?sw=280&amp;sh=280">
                    </picture>
                    </a>
                    <div class="color-swatches d-flex" style="margin-left: 5px;">
                    <div class="swatches d-flex">
                    </div>
                    </div>
                    </div>
                    <div class="ct-tile-body col col-sm-auto ">
                    <div class="ct-pdp-details">
                    <div class="ct-pdp-link">
                    <a class="ct-tile--description" href="https://www.continente.pt/produto/leite-uht-magro-sem-lactose-mimosa-4679597.html?cgid=laticinios">Leite UHT Magro sem Lactose</a>
                    <div class="ct-tile--favorite-top d-sm-none">
                    <button class="wishlist-toggler guest-mode inactive button button--tertiary" data-pid="4679597" data-add-url="https://www.continente.pt/on/demandware.store/Sites-continente-Site/default/Wishlist-AddProduct?pid=4679597" data-toggle="tooltip" aria-label="Adicionar aos favoritos " data-original-title="Adicionar aos favoritos" data-placement="top">
                    <svg class="active-content" width="100%" height="100%" viewBox="0 0 20 22" fill="none" xmlns="http://www.w3.org/2000/svg">
                    <path fill-rule="evenodd" clip-rule="evenodd" d="M0 1.53052C0 0.685236 0.692171 0 1.54601 0H15.0736C15.9274 0 16.6196 0.685235 16.6196 1.53052V13.4064L15.8127 13.922L14.2658 14.2658L12.7189 13.4064L10.6054 14.3818C10.4994 14.2451 10.3327 14.157 10.1452 14.157H6.76329C6.4431 14.157 6.18354 14.414 6.18354 14.731C6.18354 15.0479 6.4431 15.3049 6.76329 15.3049H10.1452C10.2478 15.3049 10.3441 15.2785 10.4277 15.2322L10.3126 16.8439L13.2345 20.2793H1.54601C0.69217 20.2793 0 19.5941 0 18.7488V1.53052ZM6.18354 5.5483C6.18354 5.23132 6.4431 4.97436 6.76329 4.97436H12.3676C12.6878 4.97436 12.9473 5.23132 12.9473 5.5483C12.9473 5.86528 12.6878 6.12224 12.3676 6.12224H6.76329C6.4431 6.12224 6.18354 5.86528 6.18354 5.5483ZM6.76329 11.0961C6.4431 11.0961 6.18354 11.3531 6.18354 11.6701C6.18354 11.987 6.4431 12.244 6.76329 12.244H12.3676C12.6878 12.244 12.9473 11.987 12.9473 11.6701C12.9473 11.3531 12.6878 11.0961 12.3676 11.0961H6.76329ZM6.18354 8.60985C6.18354 8.29287 6.4431 8.03591 6.76329 8.03591H12.3676C12.6878 8.03591 12.9473 8.29287 12.9473 8.60985C12.9473 8.92684 12.6878 9.1838 12.3676 9.1838H6.76329C6.4431 9.1838 6.18354 8.92684 6.18354 8.60985ZM3.67118 5.5483C3.67118 5.23132 3.93075 4.97436 4.25093 4.97436H4.63743C4.95762 4.97436 5.21719 5.23132 5.21719 5.5483C5.21719 5.86528 4.95762 6.12224 4.63743 6.12224H4.25093C3.93075 6.12224 3.67118 5.86528 3.67118 5.5483ZM4.25093 11.0961C3.93075 11.0961 3.67118 11.3531 3.67118 11.6701C3.67118 11.987 3.93075 12.244 4.25093 12.244H4.63743C4.95762 12.244 5.21719 11.987 5.21719 11.6701C5.21719 11.3531 4.95762 11.0961 4.63743 11.0961H4.25093ZM3.67118 8.60985C3.67118 8.29287 3.93075 8.03591 4.25093 8.03591H4.63743C4.95762 8.03591 5.21719 8.29287 5.21719 8.60985C5.21719 8.92684 4.95762 9.1838 4.63743 9.1838H4.25093C3.93075 9.1838 3.67118 8.92684 3.67118 8.60985ZM4.25093 14.157C3.93075 14.157 3.67118 14.414 3.67118 14.731C3.67118 15.0479 3.93075 15.3049 4.25093 15.3049H4.63743C4.95762 15.3049 5.21719 15.0479 5.21719 14.731C5.21719 14.414 4.95762 14.157 4.63743 14.157H4.25093Z" fill="#EB0203"></path>
                    <path fill-rule="evenodd" clip-rule="evenodd" d="M14.6252 13.6363C13.4918 12.6215 11.7817 12.5264 10.6569 13.4792C9.12421 14.7764 9.34841 16.8912 10.4409 18.0122L14.0159 21.6742C14.2197 21.8832 14.4928 22 14.7822 22C15.0737 22 15.3448 21.8852 15.5486 21.6762L19.1236 18.0142C20.214 16.8933 20.4423 14.7785 18.9075 13.4792C17.7827 12.5283 16.0724 12.6217 14.9391 13.6365C14.8855 13.6845 14.8331 13.7345 14.7822 13.7866C14.7313 13.7345 14.6789 13.6843 14.6252 13.6363ZM18.1546 14.3522C19.0973 15.1508 18.9962 16.4896 18.2891 17.2173C18.2888 17.2175 18.2886 17.2177 18.2884 17.218L14.7832 20.8084L11.2753 17.2151C11.2752 17.215 11.2751 17.2149 11.2749 17.2148C10.5677 16.4887 10.4678 15.1495 11.4104 14.3518L11.4108 14.3514C12.0745 13.7892 13.2018 13.82 13.9488 14.5846L14.7822 15.4378L15.6157 14.5846C16.3617 13.8211 17.4896 13.79 18.1545 14.3521" fill="#EB0203"></path>
                    </svg>
                    <svg class="inactive-content" width="100%" height="100%" viewBox="0 0 20 23" fill="none" xmlns="http://www.w3.org/2000/svg">
                    <path fill-rule="evenodd" clip-rule="evenodd" d="M6.18408 5.77914C6.18408 5.46223 6.44363 5.20532 6.7638 5.20532H12.3678C12.6879 5.20532 12.9475 5.46223 12.9475 5.77914C12.9475 6.09606 12.6879 6.35297 12.3678 6.35297H6.7638C6.44363 6.35297 6.18408 6.09606 6.18408 5.77914Z" fill="#EB0203"></path>
                    <path fill-rule="evenodd" clip-rule="evenodd" d="M6.18408 11.9034C6.18408 11.5865 6.44363 11.3296 6.7638 11.3296H12.3678C12.6879 11.3296 12.9475 11.5865 12.9475 11.9034C12.9475 12.2202 12.6879 12.4771 12.3678 12.4771H6.7638C6.44363 12.4771 6.18408 12.2202 6.18408 11.9034Z" fill="#EB0203"></path>
                    <path fill-rule="evenodd" clip-rule="evenodd" d="M6.18408 8.84116C6.18408 8.52424 6.44363 8.26733 6.7638 8.26733H12.3678C12.6879 8.26733 12.9475 8.52424 12.9475 8.84116C12.9475 9.15807 12.6879 9.41498 12.3678 9.41498H6.7638C6.44363 9.41498 6.18408 9.15807 6.18408 8.84116Z" fill="#EB0203"></path>
                    <path fill-rule="evenodd" clip-rule="evenodd" d="M6.18408 14.9655C6.18408 14.6486 6.44363 14.3917 6.7638 14.3917H10.1455C10.4657 14.3917 10.7252 14.6486 10.7252 14.9655C10.7252 15.2825 10.4657 15.5394 10.1455 15.5394H6.7638C6.44363 15.5394 6.18408 15.2825 6.18408 14.9655Z" fill="#EB0203"></path>
                    <path fill-rule="evenodd" clip-rule="evenodd" d="M3.67139 5.77914C3.67139 5.46223 3.93094 5.20532 4.25111 5.20532H4.63759C4.95776 5.20532 5.21731 5.46223 5.21731 5.77914C5.21731 6.09606 4.95776 6.35297 4.63759 6.35297H4.25111C3.93094 6.35297 3.67139 6.09606 3.67139 5.77914Z" fill="#EB0203"></path>
                    <path fill-rule="evenodd" clip-rule="evenodd" d="M3.67139 11.9034C3.67139 11.5865 3.93094 11.3296 4.25111 11.3296H4.63759C4.95776 11.3296 5.21731 11.5865 5.21731 11.9034C5.21731 12.2202 4.95776 12.4771 4.63759 12.4771H4.25111C3.93094 12.4771 3.67139 12.2202 3.67139 11.9034Z" fill="#EB0203"></path>
                    <path fill-rule="evenodd" clip-rule="evenodd" d="M3.67139 8.84116C3.67139 8.52424 3.93094 8.26733 4.25111 8.26733H4.63759C4.95776 8.26733 5.21731 8.52424 5.21731 8.84116C5.21731 9.15807 4.95776 9.41498 4.63759 9.41498H4.25111C3.93094 9.41498 3.67139 9.15807 3.67139 8.84116Z" fill="#EB0203"></path>
                    <path fill-rule="evenodd" clip-rule="evenodd" d="M3.67139 14.9655C3.67139 14.6486 3.93094 14.3917 4.25111 14.3917H4.63759C4.95776 14.3917 5.21731 14.6486 5.21731 14.9655C5.21731 15.2825 4.95776 15.5394 4.63759 15.5394H4.25111C3.93094 15.5394 3.67139 15.2825 3.67139 14.9655Z" fill="#EB0203"></path>
                    <path fill-rule="evenodd" clip-rule="evenodd" d="M0 1.76033C0 0.914738 0.692131 0.229248 1.54592 0.229248H15.0727C15.9265 0.229248 16.6186 0.914738 16.6186 1.76033V11.2818C16.6186 11.5989 16.3591 11.8559 16.0389 11.8559C15.7187 11.8559 15.4592 11.5989 15.4592 11.2818V1.76033C15.4592 1.54893 15.2862 1.37756 15.0727 1.37756H1.54592C1.33247 1.37756 1.15944 1.54893 1.15944 1.76033V18.985C1.15944 19.1964 1.33247 19.3678 1.54592 19.3678H9.27551C9.59568 19.3678 9.85523 19.6249 9.85523 19.942C9.85523 20.2591 9.59568 20.5161 9.27551 20.5161H1.54592C0.692131 20.5161 0 19.8306 0 18.985V1.76033Z" fill="#EB0203"></path>
                    <path fill-rule="evenodd" clip-rule="evenodd" d="M14.6254 13.8718C13.4921 12.8567 11.7821 12.7615 10.6574 13.7147C9.12472 15.0124 9.34891 17.128 10.4413 18.2493L14.0161 21.9126C14.2199 22.1217 14.493 22.2386 14.7824 22.2386C15.0739 22.2386 15.3449 22.1238 15.5487 21.9147L19.1235 18.2514C20.2139 17.13 20.4422 15.0144 18.9075 13.7147C17.7827 12.7634 16.0726 12.8569 14.9392 13.872C14.8856 13.92 14.8333 13.9701 14.7824 14.0222C14.7314 13.97 14.6791 13.9199 14.6254 13.8718ZM18.1546 14.588C19.0972 15.3869 18.9961 16.7262 18.2891 17.4541C18.2888 17.4543 18.2886 17.4546 18.2884 17.4548L14.7834 21.0466L11.2757 17.452C11.2756 17.4519 11.2755 17.4517 11.2753 17.4516C10.5681 16.7252 10.4682 15.3856 11.4108 14.5876L11.4112 14.5872C12.0748 14.0248 13.202 14.0556 13.949 14.8205L14.7824 15.674L15.6158 14.8205C16.3618 14.0567 17.4896 14.0256 18.1545 14.5879" fill="#EB0203"></path>
                    </svg>
                    </button>
                    </div>
                    </div>
                    <p class="ct-tile--brand">Mimosa</p>
                    <p class="ct-tile--quantity">emb. 1 lt</p>
                    </div>
                    <div class="ct-tile-bottom row no-gutters justify-content-between">
                    <div class="ct-price-wrap col-8 col-sm-12">
                    <div class="price js-product-price">
                    <div class="prices-wrapper">
                    <span class="sales ct-tile--price-primary ">
                    <span class="value" content="1.29">
                    <span class="ct-price-formatted">
                    €1,29
                    </span>
                    <span class="ct-m-unit">
                    /un
                    </span>
                    </span>
                    </span>
                    </div>
                    
                    <div class="ct-tile--price-secondary">
                    <span class="ct-price-value">
                    €1,29
                    </span>
                    <span class="ct-m-unit">
                    /un
                    </span>
                    </div>
                    </div>
                    </div>
                    <div class="ct-tile-buy-section d-flex justify-content-center no-gutters col-auto col-sm-12">
                    <div class="col-2 d-sm-flex d-none">
                    <button class="wishlist-toggler guest-mode inactive button button--tertiary" data-pid="4679597" data-add-url="https://www.continente.pt/on/demandware.store/Sites-continente-Site/default/Wishlist-AddProduct?pid=4679597" data-toggle="tooltip" aria-label="Adicionar aos favoritos " data-original-title="Adicionar aos favoritos" data-placement="top">
                    <svg class="active-content" width="100%" height="100%" viewBox="0 0 20 22" fill="none" xmlns="http://www.w3.org/2000/svg">
                    <path fill-rule="evenodd" clip-rule="evenodd" d="M0 1.53052C0 0.685236 0.692171 0 1.54601 0H15.0736C15.9274 0 16.6196 0.685235 16.6196 1.53052V13.4064L15.8127 13.922L14.2658 14.2658L12.7189 13.4064L10.6054 14.3818C10.4994 14.2451 10.3327 14.157 10.1452 14.157H6.76329C6.4431 14.157 6.18354 14.414 6.18354 14.731C6.18354 15.0479 6.4431 15.3049 6.76329 15.3049H10.1452C10.2478 15.3049 10.3441 15.2785 10.4277 15.2322L10.3126 16.8439L13.2345 20.2793H1.54601C0.69217 20.2793 0 19.5941 0 18.7488V1.53052ZM6.18354 5.5483C6.18354 5.23132 6.4431 4.97436 6.76329 4.97436H12.3676C12.6878 4.97436 12.9473 5.23132 12.9473 5.5483C12.9473 5.86528 12.6878 6.12224 12.3676 6.12224H6.76329C6.4431 6.12224 6.18354 5.86528 6.18354 5.5483ZM6.76329 11.0961C6.4431 11.0961 6.18354 11.3531 6.18354 11.6701C6.18354 11.987 6.4431 12.244 6.76329 12.244H12.3676C12.6878 12.244 12.9473 11.987 12.9473 11.6701C12.9473 11.3531 12.6878 11.0961 12.3676 11.0961H6.76329ZM6.18354 8.60985C6.18354 8.29287 6.4431 8.03591 6.76329 8.03591H12.3676C12.6878 8.03591 12.9473 8.29287 12.9473 8.60985C12.9473 8.92684 12.6878 9.1838 12.3676 9.1838H6.76329C6.4431 9.1838 6.18354 8.92684 6.18354 8.60985ZM3.67118 5.5483C3.67118 5.23132 3.93075 4.97436 4.25093 4.97436H4.63743C4.95762 4.97436 5.21719 5.23132 5.21719 5.5483C5.21719 5.86528 4.95762 6.12224 4.63743 6.12224H4.25093C3.93075 6.12224 3.67118 5.86528 3.67118 5.5483ZM4.25093 11.0961C3.93075 11.0961 3.67118 11.3531 3.67118 11.6701C3.67118 11.987 3.93075 12.244 4.25093 12.244H4.63743C4.95762 12.244 5.21719 11.987 5.21719 11.6701C5.21719 11.3531 4.95762 11.0961 4.63743 11.0961H4.25093ZM3.67118 8.60985C3.67118 8.29287 3.93075 8.03591 4.25093 8.03591H4.63743C4.95762 8.03591 5.21719 8.29287 5.21719 8.60985C5.21719 8.92684 4.95762 9.1838 4.63743 9.1838H4.25093C3.93075 9.1838 3.67118 8.92684 3.67118 8.60985ZM4.25093 14.157C3.93075 14.157 3.67118 14.414 3.67118 14.731C3.67118 15.0479 3.93075 15.3049 4.25093 15.3049H4.63743C4.95762 15.3049 5.21719 15.0479 5.21719 14.731C5.21719 14.414 4.95762 14.157 4.63743 14.157H4.25093Z" fill="#EB0203"></path>
                    <path fill-rule="evenodd" clip-rule="evenodd" d="M14.6252 13.6363C13.4918 12.6215 11.7817 12.5264 10.6569 13.4792C9.12421 14.7764 9.34841 16.8912 10.4409 18.0122L14.0159 21.6742C14.2197 21.8832 14.4928 22 14.7822 22C15.0737 22 15.3448 21.8852 15.5486 21.6762L19.1236 18.0142C20.214 16.8933 20.4423 14.7785 18.9075 13.4792C17.7827 12.5283 16.0724 12.6217 14.9391 13.6365C14.8855 13.6845 14.8331 13.7345 14.7822 13.7866C14.7313 13.7345 14.6789 13.6843 14.6252 13.6363ZM18.1546 14.3522C19.0973 15.1508 18.9962 16.4896 18.2891 17.2173C18.2888 17.2175 18.2886 17.2177 18.2884 17.218L14.7832 20.8084L11.2753 17.2151C11.2752 17.215 11.2751 17.2149 11.2749 17.2148C10.5677 16.4887 10.4678 15.1495 11.4104 14.3518L11.4108 14.3514C12.0745 13.7892 13.2018 13.82 13.9488 14.5846L14.7822 15.4378L15.6157 14.5846C16.3617 13.8211 17.4896 13.79 18.1545 14.3521" fill="#EB0203"></path>
                    </svg>
                    <svg class="inactive-content" width="100%" height="100%" viewBox="0 0 20 23" fill="none" xmlns="http://www.w3.org/2000/svg">
                    <path fill-rule="evenodd" clip-rule="evenodd" d="M6.18408 5.77914C6.18408 5.46223 6.44363 5.20532 6.7638 5.20532H12.3678C12.6879 5.20532 12.9475 5.46223 12.9475 5.77914C12.9475 6.09606 12.6879 6.35297 12.3678 6.35297H6.7638C6.44363 6.35297 6.18408 6.09606 6.18408 5.77914Z" fill="#EB0203"></path>
                    <path fill-rule="evenodd" clip-rule="evenodd" d="M6.18408 11.9034C6.18408 11.5865 6.44363 11.3296 6.7638 11.3296H12.3678C12.6879 11.3296 12.9475 11.5865 12.9475 11.9034C12.9475 12.2202 12.6879 12.4771 12.3678 12.4771H6.7638C6.44363 12.4771 6.18408 12.2202 6.18408 11.9034Z" fill="#EB0203"></path>
                    <path fill-rule="evenodd" clip-rule="evenodd" d="M6.18408 8.84116C6.18408 8.52424 6.44363 8.26733 6.7638 8.26733H12.3678C12.6879 8.26733 12.9475 8.52424 12.9475 8.84116C12.9475 9.15807 12.6879 9.41498 12.3678 9.41498H6.7638C6.44363 9.41498 6.18408 9.15807 6.18408 8.84116Z" fill="#EB0203"></path>
                    <path fill-rule="evenodd" clip-rule="evenodd" d="M6.18408 14.9655C6.18408 14.6486 6.44363 14.3917 6.7638 14.3917H10.1455C10.4657 14.3917 10.7252 14.6486 10.7252 14.9655C10.7252 15.2825 10.4657 15.5394 10.1455 15.5394H6.7638C6.44363 15.5394 6.18408 15.2825 6.18408 14.9655Z" fill="#EB0203"></path>
                    <path fill-rule="evenodd" clip-rule="evenodd" d="M3.67139 5.77914C3.67139 5.46223 3.93094 5.20532 4.25111 5.20532H4.63759C4.95776 5.20532 5.21731 5.46223 5.21731 5.77914C5.21731 6.09606 4.95776 6.35297 4.63759 6.35297H4.25111C3.93094 6.35297 3.67139 6.09606 3.67139 5.77914Z" fill="#EB0203"></path>
                    <path fill-rule="evenodd" clip-rule="evenodd" d="M3.67139 11.9034C3.67139 11.5865 3.93094 11.3296 4.25111 11.3296H4.63759C4.95776 11.3296 5.21731 11.5865 5.21731 11.9034C5.21731 12.2202 4.95776 12.4771 4.63759 12.4771H4.25111C3.93094 12.4771 3.67139 12.2202 3.67139 11.9034Z" fill="#EB0203"></path>
                    <path fill-rule="evenodd" clip-rule="evenodd" d="M3.67139 8.84116C3.67139 8.52424 3.93094 8.26733 4.25111 8.26733H4.63759C4.95776 8.26733 5.21731 8.52424 5.21731 8.84116C5.21731 9.15807 4.95776 9.41498 4.63759 9.41498H4.25111C3.93094 9.41498 3.67139 9.15807 3.67139 8.84116Z" fill="#EB0203"></path>
                    <path fill-rule="evenodd" clip-rule="evenodd" d="M3.67139 14.9655C3.67139 14.6486 3.93094 14.3917 4.25111 14.3917H4.63759C4.95776 14.3917 5.21731 14.6486 5.21731 14.9655C5.21731 15.2825 4.95776 15.5394 4.63759 15.5394H4.25111C3.93094 15.5394 3.67139 15.2825 3.67139 14.9655Z" fill="#EB0203"></path>
                    <path fill-rule="evenodd" clip-rule="evenodd" d="M0 1.76033C0 0.914738 0.692131 0.229248 1.54592 0.229248H15.0727C15.9265 0.229248 16.6186 0.914738 16.6186 1.76033V11.2818C16.6186 11.5989 16.3591 11.8559 16.0389 11.8559C15.7187 11.8559 15.4592 11.5989 15.4592 11.2818V1.76033C15.4592 1.54893 15.2862 1.37756 15.0727 1.37756H1.54592C1.33247 1.37756 1.15944 1.54893 1.15944 1.76033V18.985C1.15944 19.1964 1.33247 19.3678 1.54592 19.3678H9.27551C9.59568 19.3678 9.85523 19.6249 9.85523 19.942C9.85523 20.2591 9.59568 20.5161 9.27551 20.5161H1.54592C0.692131 20.5161 0 19.8306 0 18.985V1.76033Z" fill="#EB0203"></path>
                    <path fill-rule="evenodd" clip-rule="evenodd" d="M14.6254 13.8718C13.4921 12.8567 11.7821 12.7615 10.6574 13.7147C9.12472 15.0124 9.34891 17.128 10.4413 18.2493L14.0161 21.9126C14.2199 22.1217 14.493 22.2386 14.7824 22.2386C15.0739 22.2386 15.3449 22.1238 15.5487 21.9147L19.1235 18.2514C20.2139 17.13 20.4422 15.0144 18.9075 13.7147C17.7827 12.7634 16.0726 12.8569 14.9392 13.872C14.8856 13.92 14.8333 13.9701 14.7824 14.0222C14.7314 13.97 14.6791 13.9199 14.6254 13.8718ZM18.1546 14.588C19.0972 15.3869 18.9961 16.7262 18.2891 17.4541C18.2888 17.4543 18.2886 17.4546 18.2884 17.4548L14.7834 21.0466L11.2757 17.452C11.2756 17.4519 11.2755 17.4517 11.2753 17.4516C10.5681 16.7252 10.4682 15.3856 11.4108 14.5876L11.4112 14.5872C12.0748 14.0248 13.202 14.0556 13.949 14.8205L14.7824 15.674L15.6158 14.8205C16.3618 14.0567 17.4896 14.0256 18.1545 14.5879" fill="#EB0203"></path>
                    </svg>
                    </button>
                    </div>
                    <div class="col-sm-10 col-12">
                    
                    <div class="ct-tile-quantity d-none" data-pid="4679597">
                    <input type="hidden" class="add-to-cart-url" value="https://www.continente.pt/on/demandware.store/Sites-continente-Site/default/Cart-AddProduct">
                    <div class="d-none tile-delete-confirmation-btn" data-pid="4679597" data-delay-time="3000" data-in-cart-msg="no carrinho" data-one-product-added="Adicionado ao carrinho" data-remove-from-cart-msg="Removido do carrinho" data-stay-open="6000.0" data-confirmation-image="{&quot;url&quot;:&quot;https://www.continente.pt/dw/image/v2/BDVS_PRD/on/demandware.static/-/Sites-col-master-catalog/default/dw39a795e9/images/col/467/4679597-frente.jpg?sw=87&amp;sh=80&quot;,&quot;fallbackimage&quot;:{&quot;url&quot;:&quot;https://www.continente.pt/dw/image/v2/BDVS_PRD/on/demandware.static/Sites-continente-Site/-/default/dw7c42b4da/images/noimagelarge_product.png?sw=87&amp;sh=80&quot;,&quot;title&quot;:&quot;Leite UHT Magro sem Lactose&quot;,&quot;alt&quot;:&quot;Leite UHT Magro sem Lactose&quot;},&quot;title&quot;:&quot;Leite UHT Magro sem Lactose&quot;,&quot;alt&quot;:&quot;Leite UHT Magro sem Lactose&quot;}"></div>
                    <div class="ct-tile-quantity-update quantity-update product-qty-vue" data-remove-action="https://www.continente.pt/on/demandware.store/Sites-continente-Site/default/Cart-RemoveProductLineItem" data-action="https://www.continente.pt/on/demandware.store/Sites-continente-Site/default/Cart-UpdateQuantity" data-dimension-update="https://www.continente.pt/on/demandware.store/Sites-continente-Site/default/Cart-DimensionUpdate" data-pid="4679597" data-uuid="9c1717aefaa7a113b776c0949c" data-add-delay="500.0" data-measure-options="{&quot;hasConversionRate&quot;:false,&quot;hasAlternativeSaleUnit&quot;:false,&quot;unitConversionRate&quot;:0,&quot;minOrderQuantity&quot;:6,&quot;stepQuantity&quot;:6,&quot;primaryunit&quot;:&quot;un&quot;,&quot;secondaryunit&quot;:&quot;un&quot;,&quot;selectedunit&quot;:&quot;primary&quot;,&quot;maxNumberOfUnitsPerSale&quot;:54}" data-price-available="null" :data-has-error="isMaxQtyReached || isMinQtyReached || qtySelectedMoreThanOne">
                    <template v-show="prodUnits">
                    <div class="quantity-input-wrapper has-units">
                    <label class="visually-hidden" :for="'quantity-' + pid + additionalTag">
                    Quantidade no carrinho
                    </label>
                    <input :ref="'quantityInput-' + pid + additionalTag" class="add-to-cart-quantity form-control ct-form-input text-center" inputmode="numeric" :class="{'is-invalid': isInvalid}" :data-pid="pid + additionalTag" :name="'quantity-' + pid + additionalTag" type="text" aria-label="Insira a quantidade" title="" v-model="displayValue" @change="updateQuantity" @focus="updateQtyFormat" @blur="restoreQtyFormat" :disabled="!isPriceAvailable">
                    <span class="quantity-icon quantity-icon--minus">
                    <button class="decrease-quantity-btn" @click="updateQuantity" :disabled="!isPriceAvailable" role="button" aria-label="Reduzir quantidade">
                    <i class="css-math-minus"></i>
                    </button>
                    </span>
                    <span class="quantity-icon quantity-icon--plus">
                    <button class="increase-quantity-btn" @click="updateQuantity" :disabled="isMaxQtyReached || !isPriceAvailable" role="button" aria-label="Aumentar quantidade">
                    <i class="css-math-plus"></i>
                    </button>
                    <span class="quantity-btn-disabled-placeholder"></span>
                    </span>
                    <template v-if="isPDP">
                     <span class="quantity-error ct-span-error text-sm-center product-max-allocation" v-if="isMaxQtyReached">
                    Quantidade máxima atingida
                    </span>
                    <span class="quantity-error ct-span-product text-sm-center product-allocation" v-if="!isMinQtyReached &amp;&amp; !isMaxQtyReached">
                    {{quantitySelected}} no carrinho
                    </span>
                    <span class="quantity-error ct-span-error text-sm-center product-min-allocation" :data-pid="pid" v-if="isMinQtyReached &amp;&amp; !isMaxQtyReached">
                    Quantidade mínima atingida
                    </span>
                    </template>
                    </div>
                    <template v-if="showNotes">
                    <div class="add-note-link-container ">
                    <div class="add-note">
                    <a href="/produto/leite-uht-magro-sem-lactose-mimosa-4679597.html?showNote=true" class="ct-add-note-redirect-pdp" aria-label="Adicionar comentário">
                    <span class="svg-wrapper svg-icon-notes" style="width:19px; height:20px">
                    <svg class="svg-inline icon-notes" viewBox="0 0 28 30" xmlns="http://www.w3.org/2000/svg" width="100%" height="100%"><path d="M21.738 0C22.985 0 24 1.04 24 2.319V12.47c0 .469-.37.848-.828.848-.457 0-.827-.38-.827-.848V2.32c0-.343-.273-.622-.607-.622H2.262c-.334 0-.607.279-.607.622V27.68c0 .343.273.622.607.622h7.81c.457 0 .827.38.827.849 0 .468-.37.848-.827.848h-7.81C1.015 30 0 28.96 0 27.681V2.32C0 1.04 1.015 0 2.262 0h19.476zm2.844 16.004l.227.007c.823.053 1.589.39 2.176.964.64.627.993 1.46.993 2.349 0 .888-.353 1.722-.993 2.348l-6.83 6.665c-.11.108-.247.186-.397.226l-5.032 1.363c-.078.021-.16.032-.241.032-.242 0-.478-.097-.647-.266-.23-.231-.314-.566-.218-.874l1.49-4.798c.044-.139.122-.266.227-.369l6.844-6.677c.64-.625 1.493-.97 2.401-.97zm-2.886 3.94l-4.922 4.802-.947 3.048 3.22-.872 4.897-4.78-2.248-2.197zm2.887-2.174c-.425 0-.824.162-1.124.455l-.484.472 2.248 2.197.484-.472c.62-.606.62-1.591 0-2.197l-.117-.104c-.283-.227-.636-.35-1.007-.35zm-10.839.022c.498 0 .904.396.904.883 0 .488-.406.884-.904.884H5.946c-.499 0-.904-.396-.904-.884 0-.487.405-.883.904-.883zm5.042-4.876c.498 0 .904.397.904.884s-.406.884-.904.884H5.946c-.499 0-.904-.397-.904-.884s.405-.884.904-.884zm0-4.875c.498 0 .904.396.904.884 0 .487-.406.883-.904.883H5.946c-.499 0-.904-.396-.904-.883 0-.488.405-.884.904-.884z" fill="#EB0203" fill-rule="evenodd"></path></svg>
                    </span>
                    <div class="available-note d-none"></div>
                    </a>
                    </div>
                    </div>
                    </template>
                    <div class="measurement-unit-section" v-if="isPriceAvailable &amp;&amp; prodUnits ? prodUnits.hasAlternativeUnit : false">
                    <div class="ct-form-radio" @click="setDimension">
                    <input type="radio" title="" class="ct-form-check-input product-measurement-unit" :data-type="prodUnits.selectedUnit == prodUnits.secondaryUnit ? 'primary' : ''" :id="prodUnits.secondaryUnit + '-' + pid + '-measurement-unit-ptile' + additionalTag" :name="'measurement-unit-' + pid + '-ptile' + additionalTag" :value="prodUnits.secondaryUnit" v-model="prodUnits.selectedUnit">
                    <label :class="prodUnits.secondaryUnit + '-label ct-form-check-label mb-0'" :for="prodUnits.secondaryUnit + '-' + pid + '-measurement-unit-ptile' + additionalTag">
                    {{prodUnits.secondaryUnit}}
                    </label>
                    <span class="checkmark"></span>
                    </div>
                    <div class="ct-form-radio" @click="setDimension">
                    <input type="radio" title="" class="ct-form-check-input product-measurement-unit" :data-type="prodUnits.selectedUnit == prodUnits.primaryUnit ? 'primary' : ''" :id="prodUnits.primaryUnit + '-' + pid + '-measurement-unit-ptile' + additionalTag" :name="'measurement-unit-' + pid + '-ptile' + additionalTag" :value="prodUnits.primaryUnit" v-model="prodUnits.selectedUnit">
                    <label :class="prodUnits.primaryUnit + '-label ct-form-check-label mb-0'" :for="prodUnits.primaryUnit + '-' + pid + '-measurement-unit-ptile' + additionalTag">
                    {{prodUnits.primaryUnit}}
                    </label>
                    <span class="checkmark"></span>
                    </div>
                    </div>
                    <template v-if="!isPDP &amp;&amp; isPriceAvailable">
                    <span class="quantity-error ct-span-error product-max-allocation" v-if="isMaxQtyReached">
                    Quantidade máxima atingida
                    </span>
                    <span class="quantity-error ct-span-product product-allocation" v-if="!isMinQtyReached &amp;&amp; !isMaxQtyReached">
                    {{quantitySelected}} no carrinho
                    </span>
                    <span class="quantity-error ct-span-error product-min-allocation" :data-pid="pid" v-if="isMinQtyReached &amp;&amp; !isMaxQtyReached">
                    Quantidade mínima atingida
                    </span>
                    </template>
                    </template>
                    </div>
                    <input class="quantity-value-mask d-none" name="quantity" type="number" min="0" value="">
                    </div>
                    <button type="button" class="add-to-cart button js-add-to-cart js-add-to-cart-tile 4679597 button--primary dynamic-layout-btn" data-toggle="modal" data-target="#chooseBonusProductModal" data-pid="4679597" data-quantity-value="null" aria-label="Carrinho">
                    <span class="d-block d-sm-none">
                    <span class="svg-wrapper svg-icon-cart" style="width:20px; height:20px">
                    <svg class="svg-inline icon-cart" xmlns="http://www.w3.org/2000/svg" viewBox="0 0 500 500" width="100%" height="100%"><path fill="#EB0203" fill-rule="evenodd" d="M 485.67317,94.386311 C 476.37798,83.847129 463.09468,78.03348 448.30404,78.03348 H 90.690813 L 87.079511,51.327997 C 83.185582,22.539551 62.962285,0 41.011841,0 H 14.727836 C 6.563151,0 0,6.5286975 0,14.580758 c 0,8.05206 6.5945535,14.580758 14.727836,14.580758 h 26.284005 c 4.710398,0 14.696435,9.855222 16.894619,26.021523 L 100.01739,368.0631 c 1.88416,13.77244 9.01256,26.70549 20.1605,36.37417 8.25889,7.15046 18.02511,11.9071 28.26237,13.89679 -4.17655,7.58572 -6.53175,16.25957 -6.53175,25.493 0,29.53459 24.27424,53.59751 54.13815,53.59751 29.8325,0 54.13814,-24.03184 54.13814,-53.59751 0,-8.79818 -2.19818,-17.09897 -5.9979,-24.43598 h 77.12488 c -3.79973,7.33701 -5.96652,15.6378 -5.96652,24.43598 0,29.53459 24.27424,53.59751 54.13817,53.59751 29.83249,0 54.13814,-24.03184 54.13814,-53.59751 0,-8.79818 -2.1982,-17.09897 -5.9979,-24.43598 h 38.56243 c 8.13328,0 14.72783,-6.5287 14.72783,-14.61183 0,-8.02098 -6.59455,-14.54967 -14.72783,-14.54967 H 159.24277 c -14.38241,0 -28.13677,-11.90711 -30.02092,-26.02153 l -3.07746,-22.88154 h 290.6314 c 14.03698,0 27.94834,-5.28513 39.06488,-14.95381 11.11652,-9.6376 18.27632,-22.57065 20.16048,-36.37417 l 21.10259,-156.78201 c 1.94694,-14.51858 -2.10398,-28.29103 -11.43057,-38.861299 z M 220.76053,443.82706 c 0,13.49265 -11.08513,24.46709 -24.68247,24.46709 -13.62874,0 -24.71387,-10.97444 -24.71387,-24.46709 0,-13.49262 11.08513,-24.43598 24.71387,-24.43598 13.59734,0 24.68247,10.94336 24.68247,24.43598 z m 173.43675,0 c 0,13.49265 -11.08512,24.46709 -24.68245,24.46709 -13.62876,0 -24.71388,-10.97444 -24.71388,-24.46709 0,-13.49262 11.08512,-24.43598 24.71388,-24.43598 13.59733,0 24.68245,10.94336 24.68245,24.43598 z m 73.7648,-314.46558 -21.13397,156.782 c -1.88416,14.11442 -15.63851,26.05261 -30.02091,26.05261 H 122.25046 L 94.616142,107.19499 H 448.33544 c 6.18632,0 11.61896,2.2695 15.23028,6.37326 3.64269,4.13484 5.21283,9.73086 4.39636,15.79323 z"></path></svg>
                    </span>
                    </span>
                    <span class="add-to-cart--text d-none d-sm-block">Carrinho</span>
                    </button>
                    </div>
                    </div>
                    </div>
                    </div>
                    
                    <div class="col-12 d-sm-none">
                    </div>
                    </div>
                    </div>
                    </div>
                    </div>
                    <div class="col-12 col-sm-3 col-lg-2 productTile" data-idx="10">
                    
                    <script type="text/javascript">//<!--
                    /* <![CDATA[ */
                    (function(){
                    try {
                        if(window.CQuotient) {
                        var cq_params = {};
                        
                        cq_params.cookieId = window.CQuotient.getCQCookieId();
                        cq_params.userId = window.CQuotient.getCQUserId();
                        cq_params.emailId = CQuotient.getCQHashedEmail();
                        cq_params.loginId = CQuotient.getCQHashedLogin();
                        cq_params.accumulate = true;
                        cq_params.products = [{
                            id: '7284496',
                            sku: ''
                        }];
                        cq_params.categoryId = 'laticinios';
                        cq_params.refinements = '[{\"name\":\"priceMin\",\"value\":\"0.01\"},{\"name\":\"priceMax\",\"value\":\"null\"},{\"name\":\"curr\",\"value\":\"EUR\"},{\"name\":\"Category\",\"value\":\"laticinios\"}]';
                        cq_params.personalized = 'false';
                        cq_params.sortingRule = 'FOOD-Laticinios';
                        cq_params.imageUUID = '__UNDEFINED__';
                        cq_params.realm = "BDVS";
                        cq_params.siteId = "continente";
                        cq_params.instanceType = "prd";
                        cq_params.queryLocale = "default";
                        cq_params.locale = window.CQuotient.locale;
                        
                        if(window.CQuotient.sendActivity)
                            window.CQuotient.sendActivity(CQuotient.clientId, 'viewCategory', cq_params);
                        else
                            window.CQuotient.activities.push({
                                activityType: 'viewCategory',
                                parameters: cq_params
                            });
                      }
                    } catch(err) {}
                    })();
                    /* ]]> */
                    // -->
                    </script>
                    <script type="text/javascript">//<!--
                    /* <![CDATA[ (viewCategoryProduct-active_data.js) */
                    (function(){
                    try {
                        if (dw.ac) {
                            var search_params = {};
                            search_params.persd = 'false';
                            search_params.refs = '[{\"name\":\"priceMin\",\"value\":\"0.01\"},{\"name\":\"priceMax\",\"value\":\"null\"},{\"name\":\"curr\",\"value\":\"EUR\"},{\"name\":\"Category\",\"value\":\"laticinios\"}]';
                            search_params.sort = 'FOOD-Laticinios';
                            search_params.imageUUID = '';
                            search_params.searchID = 'ff60679a-0a42-4d90-af85-afdcdfaee427';
                            search_params.locale = 'default';
                            search_params.queryLocale = 'default';
                            search_params.showProducts = 'true';
                            dw.ac.applyContext({category: "laticinios", searchData: search_params});
                            if (typeof dw.ac._scheduleDataSubmission === "function") {
                                dw.ac._scheduleDataSubmission();
                            }
                        }
                    } catch(err) {}
                    })();
                    /* ]]> */
                    // -->
                    </script>
                    <script type="text/javascript">//<!--
                    /* <![CDATA[ (viewProduct-active_data.js) */
                    dw.ac._capture({id: "7284496", type: "searchhit"});
                    /* ]]> */
                    // -->
                    </script>
                    <div class="product" data-pid="7284496">
                    <div class="product-tile pid-7284496 ct-product-tile data-layer-pushed" data-delay-time="3000" data-variants-mapping="[]" data-in-cart-msg="no carrinho" data-one-product-added="Adicionado ao carrinho" data-remove-from-cart-msg="Removido do carrinho" data-stay-open="6000.0" data-product-tile-impression="{&quot;name&quot;:&quot;7284496&quot;,&quot;id&quot;:&quot;7284496&quot;,&quot;price&quot;:2.19,&quot;brand&quot;:&quot;Continente&quot;,&quot;category&quot;:[{&quot;category_level_1&quot;:&quot;Laticínios e Ovos&quot;},{&quot;category_level_2&quot;:&quot;Ovos&quot;}],&quot;variant&quot;:&quot;&quot;}">
                    <div class="ct-inner-tile-wrap row no-gutters justify-content-center align-content-start">
                    
                    <div class="ct-image-container col-4 col-sm" data-confirmation-image="{&quot;url&quot;:&quot;https://www.continente.pt/dw/image/v2/BDVS_PRD/on/demandware.static/-/Sites-col-master-catalog/default/dw5f575a81/images/col/728/7284496-frente.jpg?sw=87&amp;sh=80&quot;,&quot;fallbackimage&quot;:{&quot;url&quot;:&quot;https://www.continente.pt/dw/image/v2/BDVS_PRD/on/demandware.static/Sites-continente-Site/-/default/dw7c42b4da/images/noimagelarge_product.png?sw=87&amp;sh=80&quot;,&quot;title&quot;:&quot;Ovos de Solo Classe M&quot;,&quot;alt&quot;:&quot;Ovos de Solo Classe M&quot;},&quot;title&quot;:&quot;Ovos de Solo Classe M&quot;,&quot;alt&quot;:&quot;Ovos de Solo Classe M&quot;}">
                    <a href="https://www.continente.pt/produto/ovos-de-solo-classe-m-continente-7284496.html?cgid=laticinios">
                    <picture class="intrinsic intrinsic--square">
                    <img class="ct-tile-image lazyloaded" loading="lazy" onerror="this.onerror=null;this.src='/on/demandware.static/Sites-continente-Site/-/default/dw7c42b4da/images/noimagelarge_product.png';" data-src="https://www.continente.pt/dw/image/v2/BDVS_PRD/on/demandware.static/-/Sites-col-master-catalog/default/dw5f575a81/images/col/728/7284496-frente.jpg?sw=280&amp;sh=280" alt="Ovos de Solo Classe M" title="Ovos de Solo Classe M" src="https://www.continente.pt/dw/image/v2/BDVS_PRD/on/demandware.static/-/Sites-col-master-catalog/default/dw5f575a81/images/col/728/7284496-frente.jpg?sw=280&amp;sh=280">
                    </picture>
                    </a>
                    <div class=" ct-product-tile-badge ct-product-tile-badge--general">
                    <img class="img-fluid ct-tooltip-trigger lazyloaded" loading="lazy" data-src="https://www.continente.pt/dw/image/v2/BDVS_PRD/on/demandware.static/-/Sites-continente-Library/default/dw62d4c957/images/badges/general/col/madein.png?sw=25&amp;sh=25" alt="Crachá do produto" title="" data-toggle="tooltip" data-placement="right" data-original-title="Produzido em Portugal" src="https://www.continente.pt/dw/image/v2/BDVS_PRD/on/demandware.static/-/Sites-continente-Library/default/dw62d4c957/images/badges/general/col/madein.png?sw=25&amp;sh=25">
                    </div>
                    <div class="color-swatches d-flex" style="margin-left: 5px;">
                    <div class="swatches d-flex">
                    </div>
                    </div>
                    </div>
                    <div class="ct-tile-body col col-sm-auto ">
                    <div class="ct-pdp-details">
                    <div class="ct-pdp-link">
                    <a class="ct-tile--description" href="https://www.continente.pt/produto/ovos-de-solo-classe-m-continente-7284496.html?cgid=laticinios">Ovos de Solo Classe M</a>
                    <div class="ct-tile--favorite-top d-sm-none">
                    <button class="wishlist-toggler guest-mode inactive button button--tertiary" data-pid="7284496" data-add-url="https://www.continente.pt/on/demandware.store/Sites-continente-Site/default/Wishlist-AddProduct?pid=7284496" data-toggle="tooltip" aria-label="Adicionar aos favoritos " data-original-title="Adicionar aos favoritos" data-placement="top">
                    <svg class="active-content" width="100%" height="100%" viewBox="0 0 20 22" fill="none" xmlns="http://www.w3.org/2000/svg">
                    <path fill-rule="evenodd" clip-rule="evenodd" d="M0 1.53052C0 0.685236 0.692171 0 1.54601 0H15.0736C15.9274 0 16.6196 0.685235 16.6196 1.53052V13.4064L15.8127 13.922L14.2658 14.2658L12.7189 13.4064L10.6054 14.3818C10.4994 14.2451 10.3327 14.157 10.1452 14.157H6.76329C6.4431 14.157 6.18354 14.414 6.18354 14.731C6.18354 15.0479 6.4431 15.3049 6.76329 15.3049H10.1452C10.2478 15.3049 10.3441 15.2785 10.4277 15.2322L10.3126 16.8439L13.2345 20.2793H1.54601C0.69217 20.2793 0 19.5941 0 18.7488V1.53052ZM6.18354 5.5483C6.18354 5.23132 6.4431 4.97436 6.76329 4.97436H12.3676C12.6878 4.97436 12.9473 5.23132 12.9473 5.5483C12.9473 5.86528 12.6878 6.12224 12.3676 6.12224H6.76329C6.4431 6.12224 6.18354 5.86528 6.18354 5.5483ZM6.76329 11.0961C6.4431 11.0961 6.18354 11.3531 6.18354 11.6701C6.18354 11.987 6.4431 12.244 6.76329 12.244H12.3676C12.6878 12.244 12.9473 11.987 12.9473 11.6701C12.9473 11.3531 12.6878 11.0961 12.3676 11.0961H6.76329ZM6.18354 8.60985C6.18354 8.29287 6.4431 8.03591 6.76329 8.03591H12.3676C12.6878 8.03591 12.9473 8.29287 12.9473 8.60985C12.9473 8.92684 12.6878 9.1838 12.3676 9.1838H6.76329C6.4431 9.1838 6.18354 8.92684 6.18354 8.60985ZM3.67118 5.5483C3.67118 5.23132 3.93075 4.97436 4.25093 4.97436H4.63743C4.95762 4.97436 5.21719 5.23132 5.21719 5.5483C5.21719 5.86528 4.95762 6.12224 4.63743 6.12224H4.25093C3.93075 6.12224 3.67118 5.86528 3.67118 5.5483ZM4.25093 11.0961C3.93075 11.0961 3.67118 11.3531 3.67118 11.6701C3.67118 11.987 3.93075 12.244 4.25093 12.244H4.63743C4.95762 12.244 5.21719 11.987 5.21719 11.6701C5.21719 11.3531 4.95762 11.0961 4.63743 11.0961H4.25093ZM3.67118 8.60985C3.67118 8.29287 3.93075 8.03591 4.25093 8.03591H4.63743C4.95762 8.03591 5.21719 8.29287 5.21719 8.60985C5.21719 8.92684 4.95762 9.1838 4.63743 9.1838H4.25093C3.93075 9.1838 3.67118 8.92684 3.67118 8.60985ZM4.25093 14.157C3.93075 14.157 3.67118 14.414 3.67118 14.731C3.67118 15.0479 3.93075 15.3049 4.25093 15.3049H4.63743C4.95762 15.3049 5.21719 15.0479 5.21719 14.731C5.21719 14.414 4.95762 14.157 4.63743 14.157H4.25093Z" fill="#EB0203"></path>
                    <path fill-rule="evenodd" clip-rule="evenodd" d="M14.6252 13.6363C13.4918 12.6215 11.7817 12.5264 10.6569 13.4792C9.12421 14.7764 9.34841 16.8912 10.4409 18.0122L14.0159 21.6742C14.2197 21.8832 14.4928 22 14.7822 22C15.0737 22 15.3448 21.8852 15.5486 21.6762L19.1236 18.0142C20.214 16.8933 20.4423 14.7785 18.9075 13.4792C17.7827 12.5283 16.0724 12.6217 14.9391 13.6365C14.8855 13.6845 14.8331 13.7345 14.7822 13.7866C14.7313 13.7345 14.6789 13.6843 14.6252 13.6363ZM18.1546 14.3522C19.0973 15.1508 18.9962 16.4896 18.2891 17.2173C18.2888 17.2175 18.2886 17.2177 18.2884 17.218L14.7832 20.8084L11.2753 17.2151C11.2752 17.215 11.2751 17.2149 11.2749 17.2148C10.5677 16.4887 10.4678 15.1495 11.4104 14.3518L11.4108 14.3514C12.0745 13.7892 13.2018 13.82 13.9488 14.5846L14.7822 15.4378L15.6157 14.5846C16.3617 13.8211 17.4896 13.79 18.1545 14.3521" fill="#EB0203"></path>
                    </svg>
                    <svg class="inactive-content" width="100%" height="100%" viewBox="0 0 20 23" fill="none" xmlns="http://www.w3.org/2000/svg">
                    <path fill-rule="evenodd" clip-rule="evenodd" d="M6.18408 5.77914C6.18408 5.46223 6.44363 5.20532 6.7638 5.20532H12.3678C12.6879 5.20532 12.9475 5.46223 12.9475 5.77914C12.9475 6.09606 12.6879 6.35297 12.3678 6.35297H6.7638C6.44363 6.35297 6.18408 6.09606 6.18408 5.77914Z" fill="#EB0203"></path>
                    <path fill-rule="evenodd" clip-rule="evenodd" d="M6.18408 11.9034C6.18408 11.5865 6.44363 11.3296 6.7638 11.3296H12.3678C12.6879 11.3296 12.9475 11.5865 12.9475 11.9034C12.9475 12.2202 12.6879 12.4771 12.3678 12.4771H6.7638C6.44363 12.4771 6.18408 12.2202 6.18408 11.9034Z" fill="#EB0203"></path>
                    <path fill-rule="evenodd" clip-rule="evenodd" d="M6.18408 8.84116C6.18408 8.52424 6.44363 8.26733 6.7638 8.26733H12.3678C12.6879 8.26733 12.9475 8.52424 12.9475 8.84116C12.9475 9.15807 12.6879 9.41498 12.3678 9.41498H6.7638C6.44363 9.41498 6.18408 9.15807 6.18408 8.84116Z" fill="#EB0203"></path>
                    <path fill-rule="evenodd" clip-rule="evenodd" d="M6.18408 14.9655C6.18408 14.6486 6.44363 14.3917 6.7638 14.3917H10.1455C10.4657 14.3917 10.7252 14.6486 10.7252 14.9655C10.7252 15.2825 10.4657 15.5394 10.1455 15.5394H6.7638C6.44363 15.5394 6.18408 15.2825 6.18408 14.9655Z" fill="#EB0203"></path>
                    <path fill-rule="evenodd" clip-rule="evenodd" d="M3.67139 5.77914C3.67139 5.46223 3.93094 5.20532 4.25111 5.20532H4.63759C4.95776 5.20532 5.21731 5.46223 5.21731 5.77914C5.21731 6.09606 4.95776 6.35297 4.63759 6.35297H4.25111C3.93094 6.35297 3.67139 6.09606 3.67139 5.77914Z" fill="#EB0203"></path>
                    <path fill-rule="evenodd" clip-rule="evenodd" d="M3.67139 11.9034C3.67139 11.5865 3.93094 11.3296 4.25111 11.3296H4.63759C4.95776 11.3296 5.21731 11.5865 5.21731 11.9034C5.21731 12.2202 4.95776 12.4771 4.63759 12.4771H4.25111C3.93094 12.4771 3.67139 12.2202 3.67139 11.9034Z" fill="#EB0203"></path>
                    <path fill-rule="evenodd" clip-rule="evenodd" d="M3.67139 8.84116C3.67139 8.52424 3.93094 8.26733 4.25111 8.26733H4.63759C4.95776 8.26733 5.21731 8.52424 5.21731 8.84116C5.21731 9.15807 4.95776 9.41498 4.63759 9.41498H4.25111C3.93094 9.41498 3.67139 9.15807 3.67139 8.84116Z" fill="#EB0203"></path>
                    <path fill-rule="evenodd" clip-rule="evenodd" d="M3.67139 14.9655C3.67139 14.6486 3.93094 14.3917 4.25111 14.3917H4.63759C4.95776 14.3917 5.21731 14.6486 5.21731 14.9655C5.21731 15.2825 4.95776 15.5394 4.63759 15.5394H4.25111C3.93094 15.5394 3.67139 15.2825 3.67139 14.9655Z" fill="#EB0203"></path>
                    <path fill-rule="evenodd" clip-rule="evenodd" d="M0 1.76033C0 0.914738 0.692131 0.229248 1.54592 0.229248H15.0727C15.9265 0.229248 16.6186 0.914738 16.6186 1.76033V11.2818C16.6186 11.5989 16.3591 11.8559 16.0389 11.8559C15.7187 11.8559 15.4592 11.5989 15.4592 11.2818V1.76033C15.4592 1.54893 15.2862 1.37756 15.0727 1.37756H1.54592C1.33247 1.37756 1.15944 1.54893 1.15944 1.76033V18.985C1.15944 19.1964 1.33247 19.3678 1.54592 19.3678H9.27551C9.59568 19.3678 9.85523 19.6249 9.85523 19.942C9.85523 20.2591 9.59568 20.5161 9.27551 20.5161H1.54592C0.692131 20.5161 0 19.8306 0 18.985V1.76033Z" fill="#EB0203"></path>
                    <path fill-rule="evenodd" clip-rule="evenodd" d="M14.6254 13.8718C13.4921 12.8567 11.7821 12.7615 10.6574 13.7147C9.12472 15.0124 9.34891 17.128 10.4413 18.2493L14.0161 21.9126C14.2199 22.1217 14.493 22.2386 14.7824 22.2386C15.0739 22.2386 15.3449 22.1238 15.5487 21.9147L19.1235 18.2514C20.2139 17.13 20.4422 15.0144 18.9075 13.7147C17.7827 12.7634 16.0726 12.8569 14.9392 13.872C14.8856 13.92 14.8333 13.9701 14.7824 14.0222C14.7314 13.97 14.6791 13.9199 14.6254 13.8718ZM18.1546 14.588C19.0972 15.3869 18.9961 16.7262 18.2891 17.4541C18.2888 17.4543 18.2886 17.4546 18.2884 17.4548L14.7834 21.0466L11.2757 17.452C11.2756 17.4519 11.2755 17.4517 11.2753 17.4516C10.5681 16.7252 10.4682 15.3856 11.4108 14.5876L11.4112 14.5872C12.0748 14.0248 13.202 14.0556 13.949 14.8205L14.7824 15.674L15.6158 14.8205C16.3618 14.0567 17.4896 14.0256 18.1545 14.5879" fill="#EB0203"></path>
                    </svg>
                    </button>
                    </div>
                    </div>
                    <p class="ct-tile--brand">Continente</p>
                    <p class="ct-tile--quantity">emb. 12 un</p>
                    </div>
                    <div class="ct-tile-bottom row no-gutters justify-content-between">
                    <div class="ct-price-wrap col-8 col-sm-12">
                    <div class="price js-product-price">
                    <div class="prices-wrapper">
                    <span class="sales ct-tile--price-primary ">
                    <span class="value" content="2.19">
                    <span class="ct-price-formatted">
                    €2,19
                    </span>
                    <span class="ct-m-unit">
                    /un
                    </span>
                    </span>
                    </span>
                    </div>
                    <div class="ct-tile--price-secondary">
                    <span class="ct-price-value">
                    €2,19
                    </span>
                    <span class="ct-m-unit">
                    /doz
                    </span>
                    </div>
                    </div>
                    </div>
                    <div class="ct-tile-buy-section d-flex justify-content-center no-gutters col-auto col-sm-12">
                    <div class="col-2 d-sm-flex d-none">
                    <button class="wishlist-toggler guest-mode inactive button button--tertiary" data-pid="7284496" data-add-url="https://www.continente.pt/on/demandware.store/Sites-continente-Site/default/Wishlist-AddProduct?pid=7284496" data-toggle="tooltip" aria-label="Adicionar aos favoritos " data-original-title="Adicionar aos favoritos" data-placement="top">
                    <svg class="active-content" width="100%" height="100%" viewBox="0 0 20 22" fill="none" xmlns="http://www.w3.org/2000/svg">
                    <path fill-rule="evenodd" clip-rule="evenodd" d="M0 1.53052C0 0.685236 0.692171 0 1.54601 0H15.0736C15.9274 0 16.6196 0.685235 16.6196 1.53052V13.4064L15.8127 13.922L14.2658 14.2658L12.7189 13.4064L10.6054 14.3818C10.4994 14.2451 10.3327 14.157 10.1452 14.157H6.76329C6.4431 14.157 6.18354 14.414 6.18354 14.731C6.18354 15.0479 6.4431 15.3049 6.76329 15.3049H10.1452C10.2478 15.3049 10.3441 15.2785 10.4277 15.2322L10.3126 16.8439L13.2345 20.2793H1.54601C0.69217 20.2793 0 19.5941 0 18.7488V1.53052ZM6.18354 5.5483C6.18354 5.23132 6.4431 4.97436 6.76329 4.97436H12.3676C12.6878 4.97436 12.9473 5.23132 12.9473 5.5483C12.9473 5.86528 12.6878 6.12224 12.3676 6.12224H6.76329C6.4431 6.12224 6.18354 5.86528 6.18354 5.5483ZM6.76329 11.0961C6.4431 11.0961 6.18354 11.3531 6.18354 11.6701C6.18354 11.987 6.4431 12.244 6.76329 12.244H12.3676C12.6878 12.244 12.9473 11.987 12.9473 11.6701C12.9473 11.3531 12.6878 11.0961 12.3676 11.0961H6.76329ZM6.18354 8.60985C6.18354 8.29287 6.4431 8.03591 6.76329 8.03591H12.3676C12.6878 8.03591 12.9473 8.29287 12.9473 8.60985C12.9473 8.92684 12.6878 9.1838 12.3676 9.1838H6.76329C6.4431 9.1838 6.18354 8.92684 6.18354 8.60985ZM3.67118 5.5483C3.67118 5.23132 3.93075 4.97436 4.25093 4.97436H4.63743C4.95762 4.97436 5.21719 5.23132 5.21719 5.5483C5.21719 5.86528 4.95762 6.12224 4.63743 6.12224H4.25093C3.93075 6.12224 3.67118 5.86528 3.67118 5.5483ZM4.25093 11.0961C3.93075 11.0961 3.67118 11.3531 3.67118 11.6701C3.67118 11.987 3.93075 12.244 4.25093 12.244H4.63743C4.95762 12.244 5.21719 11.987 5.21719 11.6701C5.21719 11.3531 4.95762 11.0961 4.63743 11.0961H4.25093ZM3.67118 8.60985C3.67118 8.29287 3.93075 8.03591 4.25093 8.03591H4.63743C4.95762 8.03591 5.21719 8.29287 5.21719 8.60985C5.21719 8.92684 4.95762 9.1838 4.63743 9.1838H4.25093C3.93075 9.1838 3.67118 8.92684 3.67118 8.60985ZM4.25093 14.157C3.93075 14.157 3.67118 14.414 3.67118 14.731C3.67118 15.0479 3.93075 15.3049 4.25093 15.3049H4.63743C4.95762 15.3049 5.21719 15.0479 5.21719 14.731C5.21719 14.414 4.95762 14.157 4.63743 14.157H4.25093Z" fill="#EB0203"></path>
                    <path fill-rule="evenodd" clip-rule="evenodd" d="M14.6252 13.6363C13.4918 12.6215 11.7817 12.5264 10.6569 13.4792C9.12421 14.7764 9.34841 16.8912 10.4409 18.0122L14.0159 21.6742C14.2197 21.8832 14.4928 22 14.7822 22C15.0737 22 15.3448 21.8852 15.5486 21.6762L19.1236 18.0142C20.214 16.8933 20.4423 14.7785 18.9075 13.4792C17.7827 12.5283 16.0724 12.6217 14.9391 13.6365C14.8855 13.6845 14.8331 13.7345 14.7822 13.7866C14.7313 13.7345 14.6789 13.6843 14.6252 13.6363ZM18.1546 14.3522C19.0973 15.1508 18.9962 16.4896 18.2891 17.2173C18.2888 17.2175 18.2886 17.2177 18.2884 17.218L14.7832 20.8084L11.2753 17.2151C11.2752 17.215 11.2751 17.2149 11.2749 17.2148C10.5677 16.4887 10.4678 15.1495 11.4104 14.3518L11.4108 14.3514C12.0745 13.7892 13.2018 13.82 13.9488 14.5846L14.7822 15.4378L15.6157 14.5846C16.3617 13.8211 17.4896 13.79 18.1545 14.3521" fill="#EB0203"></path>
                    </svg>
                    <svg class="inactive-content" width="100%" height="100%" viewBox="0 0 20 23" fill="none" xmlns="http://www.w3.org/2000/svg">
                    <path fill-rule="evenodd" clip-rule="evenodd" d="M6.18408 5.77914C6.18408 5.46223 6.44363 5.20532 6.7638 5.20532H12.3678C12.6879 5.20532 12.9475 5.46223 12.9475 5.77914C12.9475 6.09606 12.6879 6.35297 12.3678 6.35297H6.7638C6.44363 6.35297 6.18408 6.09606 6.18408 5.77914Z" fill="#EB0203"></path>
                    <path fill-rule="evenodd" clip-rule="evenodd" d="M6.18408 11.9034C6.18408 11.5865 6.44363 11.3296 6.7638 11.3296H12.3678C12.6879 11.3296 12.9475 11.5865 12.9475 11.9034C12.9475 12.2202 12.6879 12.4771 12.3678 12.4771H6.7638C6.44363 12.4771 6.18408 12.2202 6.18408 11.9034Z" fill="#EB0203"></path>
                    <path fill-rule="evenodd" clip-rule="evenodd" d="M6.18408 8.84116C6.18408 8.52424 6.44363 8.26733 6.7638 8.26733H12.3678C12.6879 8.26733 12.9475 8.52424 12.9475 8.84116C12.9475 9.15807 12.6879 9.41498 12.3678 9.41498H6.7638C6.44363 9.41498 6.18408 9.15807 6.18408 8.84116Z" fill="#EB0203"></path>
                    <path fill-rule="evenodd" clip-rule="evenodd" d="M6.18408 14.9655C6.18408 14.6486 6.44363 14.3917 6.7638 14.3917H10.1455C10.4657 14.3917 10.7252 14.6486 10.7252 14.9655C10.7252 15.2825 10.4657 15.5394 10.1455 15.5394H6.7638C6.44363 15.5394 6.18408 15.2825 6.18408 14.9655Z" fill="#EB0203"></path>
                    <path fill-rule="evenodd" clip-rule="evenodd" d="M3.67139 5.77914C3.67139 5.46223 3.93094 5.20532 4.25111 5.20532H4.63759C4.95776 5.20532 5.21731 5.46223 5.21731 5.77914C5.21731 6.09606 4.95776 6.35297 4.63759 6.35297H4.25111C3.93094 6.35297 3.67139 6.09606 3.67139 5.77914Z" fill="#EB0203"></path>
                    <path fill-rule="evenodd" clip-rule="evenodd" d="M3.67139 11.9034C3.67139 11.5865 3.93094 11.3296 4.25111 11.3296H4.63759C4.95776 11.3296 5.21731 11.5865 5.21731 11.9034C5.21731 12.2202 4.95776 12.4771 4.63759 12.4771H4.25111C3.93094 12.4771 3.67139 12.2202 3.67139 11.9034Z" fill="#EB0203"></path>
                    <path fill-rule="evenodd" clip-rule="evenodd" d="M3.67139 8.84116C3.67139 8.52424 3.93094 8.26733 4.25111 8.26733H4.63759C4.95776 8.26733 5.21731 8.52424 5.21731 8.84116C5.21731 9.15807 4.95776 9.41498 4.63759 9.41498H4.25111C3.93094 9.41498 3.67139 9.15807 3.67139 8.84116Z" fill="#EB0203"></path>
                    <path fill-rule="evenodd" clip-rule="evenodd" d="M3.67139 14.9655C3.67139 14.6486 3.93094 14.3917 4.25111 14.3917H4.63759C4.95776 14.3917 5.21731 14.6486 5.21731 14.9655C5.21731 15.2825 4.95776 15.5394 4.63759 15.5394H4.25111C3.93094 15.5394 3.67139 15.2825 3.67139 14.9655Z" fill="#EB0203"></path>
                    <path fill-rule="evenodd" clip-rule="evenodd" d="M0 1.76033C0 0.914738 0.692131 0.229248 1.54592 0.229248H15.0727C15.9265 0.229248 16.6186 0.914738 16.6186 1.76033V11.2818C16.6186 11.5989 16.3591 11.8559 16.0389 11.8559C15.7187 11.8559 15.4592 11.5989 15.4592 11.2818V1.76033C15.4592 1.54893 15.2862 1.37756 15.0727 1.37756H1.54592C1.33247 1.37756 1.15944 1.54893 1.15944 1.76033V18.985C1.15944 19.1964 1.33247 19.3678 1.54592 19.3678H9.27551C9.59568 19.3678 9.85523 19.6249 9.85523 19.942C9.85523 20.2591 9.59568 20.5161 9.27551 20.5161H1.54592C0.692131 20.5161 0 19.8306 0 18.985V1.76033Z" fill="#EB0203"></path>
                    <path fill-rule="evenodd" clip-rule="evenodd" d="M14.6254 13.8718C13.4921 12.8567 11.7821 12.7615 10.6574 13.7147C9.12472 15.0124 9.34891 17.128 10.4413 18.2493L14.0161 21.9126C14.2199 22.1217 14.493 22.2386 14.7824 22.2386C15.0739 22.2386 15.3449 22.1238 15.5487 21.9147L19.1235 18.2514C20.2139 17.13 20.4422 15.0144 18.9075 13.7147C17.7827 12.7634 16.0726 12.8569 14.9392 13.872C14.8856 13.92 14.8333 13.9701 14.7824 14.0222C14.7314 13.97 14.6791 13.9199 14.6254 13.8718ZM18.1546 14.588C19.0972 15.3869 18.9961 16.7262 18.2891 17.4541C18.2888 17.4543 18.2886 17.4546 18.2884 17.4548L14.7834 21.0466L11.2757 17.452C11.2756 17.4519 11.2755 17.4517 11.2753 17.4516C10.5681 16.7252 10.4682 15.3856 11.4108 14.5876L11.4112 14.5872C12.0748 14.0248 13.202 14.0556 13.949 14.8205L14.7824 15.674L15.6158 14.8205C16.3618 14.0567 17.4896 14.0256 18.1545 14.5879" fill="#EB0203"></path>
                    </svg>
                    </button>
                    </div>
                    <div class="col-sm-10 col-12">
                    <div class="ct-tile-quantity d-none" data-pid="7284496">
                    <input type="hidden" class="add-to-cart-url" value="https://www.continente.pt/on/demandware.store/Sites-continente-Site/default/Cart-AddProduct">
                    <div class="d-none tile-delete-confirmation-btn" data-pid="7284496" data-delay-time="3000" data-in-cart-msg="no carrinho" data-one-product-added="Adicionado ao carrinho" data-remove-from-cart-msg="Removido do carrinho" data-stay-open="6000.0" data-confirmation-image="{&quot;url&quot;:&quot;https://www.continente.pt/dw/image/v2/BDVS_PRD/on/demandware.static/-/Sites-col-master-catalog/default/dw5f575a81/images/col/728/7284496-frente.jpg?sw=87&amp;sh=80&quot;,&quot;fallbackimage&quot;:{&quot;url&quot;:&quot;https://www.continente.pt/dw/image/v2/BDVS_PRD/on/demandware.static/Sites-continente-Site/-/default/dw7c42b4da/images/noimagelarge_product.png?sw=87&amp;sh=80&quot;,&quot;title&quot;:&quot;Ovos de Solo Classe M&quot;,&quot;alt&quot;:&quot;Ovos de Solo Classe M&quot;},&quot;title&quot;:&quot;Ovos de Solo Classe M&quot;,&quot;alt&quot;:&quot;Ovos de Solo Classe M&quot;}"></div>
                    <div class="ct-tile-quantity-update quantity-update product-qty-vue" data-remove-action="https://www.continente.pt/on/demandware.store/Sites-continente-Site/default/Cart-RemoveProductLineItem" data-action="https://www.continente.pt/on/demandware.store/Sites-continente-Site/default/Cart-UpdateQuantity" data-dimension-update="https://www.continente.pt/on/demandware.store/Sites-continente-Site/default/Cart-DimensionUpdate" data-pid="7284496" data-uuid="e95f194e8ed494e7d6c892088c" data-add-delay="500.0" data-measure-options="{&quot;hasConversionRate&quot;:false,&quot;hasAlternativeSaleUnit&quot;:false,&quot;unitConversionRate&quot;:null,&quot;minOrderQuantity&quot;:1,&quot;stepQuantity&quot;:1,&quot;primaryunit&quot;:&quot;un&quot;,&quot;secondaryunit&quot;:&quot;doz&quot;,&quot;selectedunit&quot;:&quot;primary&quot;,&quot;maxNumberOfUnitsPerSale&quot;:50}" data-price-available="null" :data-has-error="isMaxQtyReached || isMinQtyReached || qtySelectedMoreThanOne">
                    <template v-show="prodUnits">
                    <div class="quantity-input-wrapper has-units">
                    <label class="visually-hidden" :for="'quantity-' + pid + additionalTag">
                    Quantidade no carrinho
                    </label>
                    <input :ref="'quantityInput-' + pid + additionalTag" class="add-to-cart-quantity form-control ct-form-input text-center" inputmode="numeric" :class="{'is-invalid': isInvalid}" :data-pid="pid + additionalTag" :name="'quantity-' + pid + additionalTag" type="text" aria-label="Insira a quantidade" title="" v-model="displayValue" @change="updateQuantity" @focus="updateQtyFormat" @blur="restoreQtyFormat" :disabled="!isPriceAvailable">
                    <span class="quantity-icon quantity-icon--minus">
                    <button class="decrease-quantity-btn" @click="updateQuantity" :disabled="!isPriceAvailable" role="button" aria-label="Reduzir quantidade">
                    <i class="css-math-minus"></i>
                    </button>
                    </span>
                    <span class="quantity-icon quantity-icon--plus">
                    <button class="increase-quantity-btn" @click="updateQuantity" :disabled="isMaxQtyReached || !isPriceAvailable" role="button" aria-label="Aumentar quantidade">
                    <i class="css-math-plus"></i>
                    </button>
                    <span class="quantity-btn-disabled-placeholder"></span>
                    </span>
                    <template v-if="isPDP">
                    <span class="quantity-error ct-span-error text-sm-center product-max-allocation" v-if="isMaxQtyReached">
                    Quantidade máxima atingida
                    </span>
                    <span class="quantity-error ct-span-product text-sm-center product-allocation" v-if="!isMinQtyReached &amp;&amp; !isMaxQtyReached">
                    {{quantitySelected}} no carrinho
                    </span>
                    <span class="quantity-error ct-span-error text-sm-center product-min-allocation" :data-pid="pid" v-if="isMinQtyReached &amp;&amp; !isMaxQtyReached">
                    Quantidade mínima atingida
                    </span>
                    </template>
                    </div>
                    <template v-if="showNotes">
                    <div class="add-note-link-container ">
                    <div class="add-note">
                    <a href="/produto/ovos-de-solo-classe-m-continente-7284496.html?showNote=true" class="ct-add-note-redirect-pdp" aria-label="Adicionar comentário">
                    <span class="svg-wrapper svg-icon-notes" style="width:19px; height:20px">
                    <svg class="svg-inline icon-notes" viewBox="0 0 28 30" xmlns="http://www.w3.org/2000/svg" width="100%" height="100%"><path d="M21.738 0C22.985 0 24 1.04 24 2.319V12.47c0 .469-.37.848-.828.848-.457 0-.827-.38-.827-.848V2.32c0-.343-.273-.622-.607-.622H2.262c-.334 0-.607.279-.607.622V27.68c0 .343.273.622.607.622h7.81c.457 0 .827.38.827.849 0 .468-.37.848-.827.848h-7.81C1.015 30 0 28.96 0 27.681V2.32C0 1.04 1.015 0 2.262 0h19.476zm2.844 16.004l.227.007c.823.053 1.589.39 2.176.964.64.627.993 1.46.993 2.349 0 .888-.353 1.722-.993 2.348l-6.83 6.665c-.11.108-.247.186-.397.226l-5.032 1.363c-.078.021-.16.032-.241.032-.242 0-.478-.097-.647-.266-.23-.231-.314-.566-.218-.874l1.49-4.798c.044-.139.122-.266.227-.369l6.844-6.677c.64-.625 1.493-.97 2.401-.97zm-2.886 3.94l-4.922 4.802-.947 3.048 3.22-.872 4.897-4.78-2.248-2.197zm2.887-2.174c-.425 0-.824.162-1.124.455l-.484.472 2.248 2.197.484-.472c.62-.606.62-1.591 0-2.197l-.117-.104c-.283-.227-.636-.35-1.007-.35zm-10.839.022c.498 0 .904.396.904.883 0 .488-.406.884-.904.884H5.946c-.499 0-.904-.396-.904-.884 0-.487.405-.883.904-.883zm5.042-4.876c.498 0 .904.397.904.884s-.406.884-.904.884H5.946c-.499 0-.904-.397-.904-.884s.405-.884.904-.884zm0-4.875c.498 0 .904.396.904.884 0 .487-.406.883-.904.883H5.946c-.499 0-.904-.396-.904-.883 0-.488.405-.884.904-.884z" fill="#EB0203" fill-rule="evenodd"></path></svg>
                    </span>
                    <div class="available-note d-none"></div>
                    </a>
                    </div>
                    </div>
                    </template>
                    <div class="measurement-unit-section" v-if="isPriceAvailable &amp;&amp; prodUnits ? prodUnits.hasAlternativeUnit : false">
                    <div class="ct-form-radio" @click="setDimension">
                    <input type="radio" title="" class="ct-form-check-input product-measurement-unit" :data-type="prodUnits.selectedUnit == prodUnits.secondaryUnit ? 'primary' : ''" :id="prodUnits.secondaryUnit + '-' + pid + '-measurement-unit-ptile' + additionalTag" :name="'measurement-unit-' + pid + '-ptile' + additionalTag" :value="prodUnits.secondaryUnit" v-model="prodUnits.selectedUnit">
                    <label :class="prodUnits.secondaryUnit + '-label ct-form-check-label mb-0'" :for="prodUnits.secondaryUnit + '-' + pid + '-measurement-unit-ptile' + additionalTag">
                    {{prodUnits.secondaryUnit}}
                    </label>
                    <span class="checkmark"></span>
                    </div>
                    <div class="ct-form-radio" @click="setDimension">
                    <input type="radio" title="" class="ct-form-check-input product-measurement-unit" :data-type="prodUnits.selectedUnit == prodUnits.primaryUnit ? 'primary' : ''" :id="prodUnits.primaryUnit + '-' + pid + '-measurement-unit-ptile' + additionalTag" :name="'measurement-unit-' + pid + '-ptile' + additionalTag" :value="prodUnits.primaryUnit" v-model="prodUnits.selectedUnit">
                    <label :class="prodUnits.primaryUnit + '-label ct-form-check-label mb-0'" :for="prodUnits.primaryUnit + '-' + pid + '-measurement-unit-ptile' + additionalTag">
                    {{prodUnits.primaryUnit}}
                    </label>
                    <span class="checkmark"></span>
                    </div>
                    </div>
                    <template v-if="!isPDP &amp;&amp; isPriceAvailable">
                    <span class="quantity-error ct-span-error product-max-allocation" v-if="isMaxQtyReached">
                    Quantidade máxima atingida
                    </span>
                    <span class="quantity-error ct-span-product product-allocation" v-if="!isMinQtyReached &amp;&amp; !isMaxQtyReached">
                    {{quantitySelected}} no carrinho
                    </span>
                    <span class="quantity-error ct-span-error product-min-allocation" :data-pid="pid" v-if="isMinQtyReached &amp;&amp; !isMaxQtyReached">
                    Quantidade mínima atingida
                    </span>
                    </template>
                    </template>
                    </div>
                    <input class="quantity-value-mask d-none" name="quantity" type="number" min="0" value="">
                    </div>
                    <button type="button" class="add-to-cart button js-add-to-cart js-add-to-cart-tile 7284496 button--primary dynamic-layout-btn" data-toggle="modal" data-target="#chooseBonusProductModal" data-pid="7284496" data-quantity-value="null" aria-label="Carrinho">
                    <span class="d-block d-sm-none">
                    <span class="svg-wrapper svg-icon-cart" style="width:20px; height:20px">
                    <svg class="svg-inline icon-cart" xmlns="http://www.w3.org/2000/svg" viewBox="0 0 500 500" width="100%" height="100%"><path fill="#EB0203" fill-rule="evenodd" d="M 485.67317,94.386311 C 476.37798,83.847129 463.09468,78.03348 448.30404,78.03348 H 90.690813 L 87.079511,51.327997 C 83.185582,22.539551 62.962285,0 41.011841,0 H 14.727836 C 6.563151,0 0,6.5286975 0,14.580758 c 0,8.05206 6.5945535,14.580758 14.727836,14.580758 h 26.284005 c 4.710398,0 14.696435,9.855222 16.894619,26.021523 L 100.01739,368.0631 c 1.88416,13.77244 9.01256,26.70549 20.1605,36.37417 8.25889,7.15046 18.02511,11.9071 28.26237,13.89679 -4.17655,7.58572 -6.53175,16.25957 -6.53175,25.493 0,29.53459 24.27424,53.59751 54.13815,53.59751 29.8325,0 54.13814,-24.03184 54.13814,-53.59751 0,-8.79818 -2.19818,-17.09897 -5.9979,-24.43598 h 77.12488 c -3.79973,7.33701 -5.96652,15.6378 -5.96652,24.43598 0,29.53459 24.27424,53.59751 54.13817,53.59751 29.83249,0 54.13814,-24.03184 54.13814,-53.59751 0,-8.79818 -2.1982,-17.09897 -5.9979,-24.43598 h 38.56243 c 8.13328,0 14.72783,-6.5287 14.72783,-14.61183 0,-8.02098 -6.59455,-14.54967 -14.72783,-14.54967 H 159.24277 c -14.38241,0 -28.13677,-11.90711 -30.02092,-26.02153 l -3.07746,-22.88154 h 290.6314 c 14.03698,0 27.94834,-5.28513 39.06488,-14.95381 11.11652,-9.6376 18.27632,-22.57065 20.16048,-36.37417 l 21.10259,-156.78201 c 1.94694,-14.51858 -2.10398,-28.29103 -11.43057,-38.861299 z M 220.76053,443.82706 c 0,13.49265 -11.08513,24.46709 -24.68247,24.46709 -13.62874,0 -24.71387,-10.97444 -24.71387,-24.46709 0,-13.49262 11.08513,-24.43598 24.71387,-24.43598 13.59734,0 24.68247,10.94336 24.68247,24.43598 z m 173.43675,0 c 0,13.49265 -11.08512,24.46709 -24.68245,24.46709 -13.62876,0 -24.71388,-10.97444 -24.71388,-24.46709 0,-13.49262 11.08512,-24.43598 24.71388,-24.43598 13.59733,0 24.68245,10.94336 24.68245,24.43598 z m 73.7648,-314.46558 -21.13397,156.782 c -1.88416,14.11442 -15.63851,26.05261 -30.02091,26.05261 H 122.25046 L 94.616142,107.19499 H 448.33544 c 6.18632,0 11.61896,2.2695 15.23028,6.37326 3.64269,4.13484 5.21283,9.73086 4.39636,15.79323 z"></path></svg>
                    </span>
                    </span>
                    <span class="add-to-cart--text d-none d-sm-block">Carrinho</span>
                    </button>
                    </div>
                    </div>
                    </div>
                    </div>
                    
                    <div class="col-12 d-sm-none">
                    </div>
                    </div>
                    </div>
                    </div>
                    </div>
                    <div class="col-12 col-sm-3 col-lg-2 productTile" data-idx="11">
                    
                    <script type="text/javascript">//<!--
                    /* <![CDATA[ */
                    (function(){
                    try {
                        if(window.CQuotient) {
                        var cq_params = {};
                        
                        cq_params.cookieId = window.CQuotient.getCQCookieId();
                        cq_params.userId = window.CQuotient.getCQUserId();
                        cq_params.emailId = CQuotient.getCQHashedEmail();
                        cq_params.loginId = CQuotient.getCQHashedLogin();
                        cq_params.accumulate = true;
                        cq_params.products = [{
                            id: '5816596',
                            sku: ''
                        }];
                        cq_params.categoryId = 'laticinios';
                        cq_params.refinements = '[{\"name\":\"priceMin\",\"value\":\"0.01\"},{\"name\":\"priceMax\",\"value\":\"null\"},{\"name\":\"curr\",\"value\":\"EUR\"},{\"name\":\"Category\",\"value\":\"laticinios\"}]';
                        cq_params.personalized = 'false';
                        cq_params.sortingRule = 'FOOD-Laticinios';
                        cq_params.imageUUID = '__UNDEFINED__';
                        cq_params.realm = "BDVS";
                        cq_params.siteId = "continente";
                        cq_params.instanceType = "prd";
                        cq_params.queryLocale = "default";
                        cq_params.locale = window.CQuotient.locale;
                        
                        if(window.CQuotient.sendActivity)
                            window.CQuotient.sendActivity(CQuotient.clientId, 'viewCategory', cq_params);
                        else
                            window.CQuotient.activities.push({
                                activityType: 'viewCategory',
                                parameters: cq_params
                            });
                      }
                    } catch(err) {}
                    })();
                    /* ]]> */
                    // -->
                    </script>
                    <script type="text/javascript">//<!--
                    /* <![CDATA[ (viewCategoryProduct-active_data.js) */
                    (function(){
                    try {
                        if (dw.ac) {
                            var search_params = {};
                            search_params.persd = 'false';
                            search_params.refs = '[{\"name\":\"priceMin\",\"value\":\"0.01\"},{\"name\":\"priceMax\",\"value\":\"null\"},{\"name\":\"curr\",\"value\":\"EUR\"},{\"name\":\"Category\",\"value\":\"laticinios\"}]';
                            search_params.sort = 'FOOD-Laticinios';
                            search_params.imageUUID = '';
                            search_params.searchID = 'ff60679a-0a42-4d90-af85-afdcdfaee427';
                            search_params.locale = 'default';
                            search_params.queryLocale = 'default';
                            search_params.showProducts = 'true';
                            dw.ac.applyContext({category: "laticinios", searchData: search_params});
                            if (typeof dw.ac._scheduleDataSubmission === "function") {
                                dw.ac._scheduleDataSubmission();
                            }
                        }
                    } catch(err) {}
                    })();
                    /* ]]> */
                    // -->
                    </script>
                    <script type="text/javascript">//<!--
                    /* <![CDATA[ (viewProduct-active_data.js) */
                    dw.ac._capture({id: "5816596", type: "searchhit"});
                    /* ]]> */
                    // -->
                    </script>
                    <div class="product" data-pid="5816596">
                    <div class="product-tile pid-5816596 ct-product-tile data-layer-pushed" data-delay-time="3000" data-variants-mapping="[]" data-in-cart-msg="no carrinho" data-one-product-added="Adicionado ao carrinho" data-remove-from-cart-msg="Removido do carrinho" data-stay-open="6000.0" data-product-tile-impression="{&quot;name&quot;:&quot;5816596&quot;,&quot;id&quot;:&quot;5816596&quot;,&quot;price&quot;:1.04,&quot;brand&quot;:&quot;Terra Nostra&quot;,&quot;category&quot;:[{&quot;category_level_1&quot;:&quot;Laticínios e Ovos&quot;},{&quot;category_level_2&quot;:&quot;Leite&quot;},{&quot;category_level_3&quot;:&quot;Leite Meio Gordo&quot;}],&quot;variant&quot;:&quot;&quot;}">
                    <div class="ct-inner-tile-wrap row no-gutters justify-content-center align-content-start">
                    
                    <div class="ct-image-container col-4 col-sm" data-confirmation-image="{&quot;url&quot;:&quot;https://www.continente.pt/dw/image/v2/BDVS_PRD/on/demandware.static/-/Sites-col-master-catalog/default/dw419dfa6e/images/col/581/5816596-frente.jpg?sw=87&amp;sh=80&quot;,&quot;fallbackimage&quot;:{&quot;url&quot;:&quot;https://www.continente.pt/dw/image/v2/BDVS_PRD/on/demandware.static/Sites-continente-Site/-/default/dw7c42b4da/images/noimagelarge_product.png?sw=87&amp;sh=80&quot;,&quot;title&quot;:&quot;Leite Meio Gordo Pastagem&quot;,&quot;alt&quot;:&quot;Leite Meio Gordo Pastagem&quot;},&quot;title&quot;:&quot;Leite Meio Gordo Pastagem&quot;,&quot;alt&quot;:&quot;Leite Meio Gordo Pastagem&quot;}">
                    <a href="https://www.continente.pt/produto/leite-meio-gordo-pastagem-terra-nostra-5816596.html?cgid=laticinios">
                    <picture class="intrinsic intrinsic--square">
                    <img class="ct-tile-image lazyloaded" loading="lazy" onerror="this.onerror=null;this.src='/on/demandware.static/Sites-continente-Site/-/default/dw7c42b4da/images/noimagelarge_product.png';" data-src="https://www.continente.pt/dw/image/v2/BDVS_PRD/on/demandware.static/-/Sites-col-master-catalog/default/dw419dfa6e/images/col/581/5816596-frente.jpg?sw=280&amp;sh=280" alt="Leite Meio Gordo Pastagem" title="Leite Meio Gordo Pastagem" src="https://www.continente.pt/dw/image/v2/BDVS_PRD/on/demandware.static/-/Sites-col-master-catalog/default/dw419dfa6e/images/col/581/5816596-frente.jpg?sw=280&amp;sh=280">
                    </picture>
                    </a>
                    <div class=" ct-product-tile-badge ct-product-tile-badge--general">
                    <img class="img-fluid ct-tooltip-trigger lazyloaded" loading="lazy" data-src="https://www.continente.pt/dw/image/v2/BDVS_PRD/on/demandware.static/-/Sites-continente-Library/default/dw62d4c957/images/badges/general/col/madein.png?sw=25&amp;sh=25" alt="Crachá do produto" title="" data-toggle="tooltip" data-placement="right" data-original-title="Produzido em Portugal" src="https://www.continente.pt/dw/image/v2/BDVS_PRD/on/demandware.static/-/Sites-continente-Library/default/dw62d4c957/images/badges/general/col/madein.png?sw=25&amp;sh=25">
                    </div>
                    <div class="color-swatches d-flex" style="margin-left: 5px;">
                    <div class="swatches d-flex">
                    </div>
                    </div>
                    </div>
                    <div class="ct-tile-body col col-sm-auto ">
                    <div class="ct-pdp-details">
                    <div class="ct-pdp-link">
                    <a class="ct-tile--description" href="https://www.continente.pt/produto/leite-meio-gordo-pastagem-terra-nostra-5816596.html?cgid=laticinios">Leite Meio Gordo Pastagem</a>
                    <div class="ct-tile--favorite-top d-sm-none">
                    <button class="wishlist-toggler guest-mode inactive button button--tertiary" data-pid="5816596" data-add-url="https://www.continente.pt/on/demandware.store/Sites-continente-Site/default/Wishlist-AddProduct?pid=5816596" data-toggle="tooltip" aria-label="Adicionar aos favoritos " data-original-title="Adicionar aos favoritos" data-placement="top">
                    <svg class="active-content" width="100%" height="100%" viewBox="0 0 20 22" fill="none" xmlns="http://www.w3.org/2000/svg">
                    <path fill-rule="evenodd" clip-rule="evenodd" d="M0 1.53052C0 0.685236 0.692171 0 1.54601 0H15.0736C15.9274 0 16.6196 0.685235 16.6196 1.53052V13.4064L15.8127 13.922L14.2658 14.2658L12.7189 13.4064L10.6054 14.3818C10.4994 14.2451 10.3327 14.157 10.1452 14.157H6.76329C6.4431 14.157 6.18354 14.414 6.18354 14.731C6.18354 15.0479 6.4431 15.3049 6.76329 15.3049H10.1452C10.2478 15.3049 10.3441 15.2785 10.4277 15.2322L10.3126 16.8439L13.2345 20.2793H1.54601C0.69217 20.2793 0 19.5941 0 18.7488V1.53052ZM6.18354 5.5483C6.18354 5.23132 6.4431 4.97436 6.76329 4.97436H12.3676C12.6878 4.97436 12.9473 5.23132 12.9473 5.5483C12.9473 5.86528 12.6878 6.12224 12.3676 6.12224H6.76329C6.4431 6.12224 6.18354 5.86528 6.18354 5.5483ZM6.76329 11.0961C6.4431 11.0961 6.18354 11.3531 6.18354 11.6701C6.18354 11.987 6.4431 12.244 6.76329 12.244H12.3676C12.6878 12.244 12.9473 11.987 12.9473 11.6701C12.9473 11.3531 12.6878 11.0961 12.3676 11.0961H6.76329ZM6.18354 8.60985C6.18354 8.29287 6.4431 8.03591 6.76329 8.03591H12.3676C12.6878 8.03591 12.9473 8.29287 12.9473 8.60985C12.9473 8.92684 12.6878 9.1838 12.3676 9.1838H6.76329C6.4431 9.1838 6.18354 8.92684 6.18354 8.60985ZM3.67118 5.5483C3.67118 5.23132 3.93075 4.97436 4.25093 4.97436H4.63743C4.95762 4.97436 5.21719 5.23132 5.21719 5.5483C5.21719 5.86528 4.95762 6.12224 4.63743 6.12224H4.25093C3.93075 6.12224 3.67118 5.86528 3.67118 5.5483ZM4.25093 11.0961C3.93075 11.0961 3.67118 11.3531 3.67118 11.6701C3.67118 11.987 3.93075 12.244 4.25093 12.244H4.63743C4.95762 12.244 5.21719 11.987 5.21719 11.6701C5.21719 11.3531 4.95762 11.0961 4.63743 11.0961H4.25093ZM3.67118 8.60985C3.67118 8.29287 3.93075 8.03591 4.25093 8.03591H4.63743C4.95762 8.03591 5.21719 8.29287 5.21719 8.60985C5.21719 8.92684 4.95762 9.1838 4.63743 9.1838H4.25093C3.93075 9.1838 3.67118 8.92684 3.67118 8.60985ZM4.25093 14.157C3.93075 14.157 3.67118 14.414 3.67118 14.731C3.67118 15.0479 3.93075 15.3049 4.25093 15.3049H4.63743C4.95762 15.3049 5.21719 15.0479 5.21719 14.731C5.21719 14.414 4.95762 14.157 4.63743 14.157H4.25093Z" fill="#EB0203"></path>
                    <path fill-rule="evenodd" clip-rule="evenodd" d="M14.6252 13.6363C13.4918 12.6215 11.7817 12.5264 10.6569 13.4792C9.12421 14.7764 9.34841 16.8912 10.4409 18.0122L14.0159 21.6742C14.2197 21.8832 14.4928 22 14.7822 22C15.0737 22 15.3448 21.8852 15.5486 21.6762L19.1236 18.0142C20.214 16.8933 20.4423 14.7785 18.9075 13.4792C17.7827 12.5283 16.0724 12.6217 14.9391 13.6365C14.8855 13.6845 14.8331 13.7345 14.7822 13.7866C14.7313 13.7345 14.6789 13.6843 14.6252 13.6363ZM18.1546 14.3522C19.0973 15.1508 18.9962 16.4896 18.2891 17.2173C18.2888 17.2175 18.2886 17.2177 18.2884 17.218L14.7832 20.8084L11.2753 17.2151C11.2752 17.215 11.2751 17.2149 11.2749 17.2148C10.5677 16.4887 10.4678 15.1495 11.4104 14.3518L11.4108 14.3514C12.0745 13.7892 13.2018 13.82 13.9488 14.5846L14.7822 15.4378L15.6157 14.5846C16.3617 13.8211 17.4896 13.79 18.1545 14.3521" fill="#EB0203"></path>
                    </svg>
                    <svg class="inactive-content" width="100%" height="100%" viewBox="0 0 20 23" fill="none" xmlns="http://www.w3.org/2000/svg">
                    <path fill-rule="evenodd" clip-rule="evenodd" d="M6.18408 5.77914C6.18408 5.46223 6.44363 5.20532 6.7638 5.20532H12.3678C12.6879 5.20532 12.9475 5.46223 12.9475 5.77914C12.9475 6.09606 12.6879 6.35297 12.3678 6.35297H6.7638C6.44363 6.35297 6.18408 6.09606 6.18408 5.77914Z" fill="#EB0203"></path>
                    <path fill-rule="evenodd" clip-rule="evenodd" d="M6.18408 11.9034C6.18408 11.5865 6.44363 11.3296 6.7638 11.3296H12.3678C12.6879 11.3296 12.9475 11.5865 12.9475 11.9034C12.9475 12.2202 12.6879 12.4771 12.3678 12.4771H6.7638C6.44363 12.4771 6.18408 12.2202 6.18408 11.9034Z" fill="#EB0203"></path>
                    <path fill-rule="evenodd" clip-rule="evenodd" d="M6.18408 8.84116C6.18408 8.52424 6.44363 8.26733 6.7638 8.26733H12.3678C12.6879 8.26733 12.9475 8.52424 12.9475 8.84116C12.9475 9.15807 12.6879 9.41498 12.3678 9.41498H6.7638C6.44363 9.41498 6.18408 9.15807 6.18408 8.84116Z" fill="#EB0203"></path>
                    <path fill-rule="evenodd" clip-rule="evenodd" d="M6.18408 14.9655C6.18408 14.6486 6.44363 14.3917 6.7638 14.3917H10.1455C10.4657 14.3917 10.7252 14.6486 10.7252 14.9655C10.7252 15.2825 10.4657 15.5394 10.1455 15.5394H6.7638C6.44363 15.5394 6.18408 15.2825 6.18408 14.9655Z" fill="#EB0203"></path>
                    <path fill-rule="evenodd" clip-rule="evenodd" d="M3.67139 5.77914C3.67139 5.46223 3.93094 5.20532 4.25111 5.20532H4.63759C4.95776 5.20532 5.21731 5.46223 5.21731 5.77914C5.21731 6.09606 4.95776 6.35297 4.63759 6.35297H4.25111C3.93094 6.35297 3.67139 6.09606 3.67139 5.77914Z" fill="#EB0203"></path>
                    <path fill-rule="evenodd" clip-rule="evenodd" d="M3.67139 11.9034C3.67139 11.5865 3.93094 11.3296 4.25111 11.3296H4.63759C4.95776 11.3296 5.21731 11.5865 5.21731 11.9034C5.21731 12.2202 4.95776 12.4771 4.63759 12.4771H4.25111C3.93094 12.4771 3.67139 12.2202 3.67139 11.9034Z" fill="#EB0203"></path>
                    <path fill-rule="evenodd" clip-rule="evenodd" d="M3.67139 8.84116C3.67139 8.52424 3.93094 8.26733 4.25111 8.26733H4.63759C4.95776 8.26733 5.21731 8.52424 5.21731 8.84116C5.21731 9.15807 4.95776 9.41498 4.63759 9.41498H4.25111C3.93094 9.41498 3.67139 9.15807 3.67139 8.84116Z" fill="#EB0203"></path>
                    <path fill-rule="evenodd" clip-rule="evenodd" d="M3.67139 14.9655C3.67139 14.6486 3.93094 14.3917 4.25111 14.3917H4.63759C4.95776 14.3917 5.21731 14.6486 5.21731 14.9655C5.21731 15.2825 4.95776 15.5394 4.63759 15.5394H4.25111C3.93094 15.5394 3.67139 15.2825 3.67139 14.9655Z" fill="#EB0203"></path>
                    <path fill-rule="evenodd" clip-rule="evenodd" d="M0 1.76033C0 0.914738 0.692131 0.229248 1.54592 0.229248H15.0727C15.9265 0.229248 16.6186 0.914738 16.6186 1.76033V11.2818C16.6186 11.5989 16.3591 11.8559 16.0389 11.8559C15.7187 11.8559 15.4592 11.5989 15.4592 11.2818V1.76033C15.4592 1.54893 15.2862 1.37756 15.0727 1.37756H1.54592C1.33247 1.37756 1.15944 1.54893 1.15944 1.76033V18.985C1.15944 19.1964 1.33247 19.3678 1.54592 19.3678H9.27551C9.59568 19.3678 9.85523 19.6249 9.85523 19.942C9.85523 20.2591 9.59568 20.5161 9.27551 20.5161H1.54592C0.692131 20.5161 0 19.8306 0 18.985V1.76033Z" fill="#EB0203"></path>
                    <path fill-rule="evenodd" clip-rule="evenodd" d="M14.6254 13.8718C13.4921 12.8567 11.7821 12.7615 10.6574 13.7147C9.12472 15.0124 9.34891 17.128 10.4413 18.2493L14.0161 21.9126C14.2199 22.1217 14.493 22.2386 14.7824 22.2386C15.0739 22.2386 15.3449 22.1238 15.5487 21.9147L19.1235 18.2514C20.2139 17.13 20.4422 15.0144 18.9075 13.7147C17.7827 12.7634 16.0726 12.8569 14.9392 13.872C14.8856 13.92 14.8333 13.9701 14.7824 14.0222C14.7314 13.97 14.6791 13.9199 14.6254 13.8718ZM18.1546 14.588C19.0972 15.3869 18.9961 16.7262 18.2891 17.4541C18.2888 17.4543 18.2886 17.4546 18.2884 17.4548L14.7834 21.0466L11.2757 17.452C11.2756 17.4519 11.2755 17.4517 11.2753 17.4516C10.5681 16.7252 10.4682 15.3856 11.4108 14.5876L11.4112 14.5872C12.0748 14.0248 13.202 14.0556 13.949 14.8205L14.7824 15.674L15.6158 14.8205C16.3618 14.0567 17.4896 14.0256 18.1545 14.5879" fill="#EB0203"></path>
                    </svg>
                    </button>
                    </div>
                    </div>
                    <p class="ct-tile--brand">Terra Nostra</p>
                    <p class="ct-tile--quantity">emb. 1 lt</p>
                    </div>
                    <div class="ct-tile-bottom row no-gutters justify-content-between">
                    <div class="ct-price-wrap col-8 col-sm-12">
                    <div class="price js-product-price">
                    <div class="prices-wrapper">
                    <span class="sales ct-tile--price-primary ">
                    <span class="value" content="1.04">
                    <span class="ct-price-formatted">
                    €1,04
                    </span>
                    <span class="ct-m-unit">
                    /un
                    </span>
                    </span>
                    </span>
                    </div>
                    <div class="ct-tile--price-secondary">
                    <span class="ct-price-value">
                    €1,04
                    </span>
                    <span class="ct-m-unit">
                    /lt
                    </span>
                    </div>
                    </div>
                    </div>
                    <div class="ct-tile-buy-section d-flex justify-content-center no-gutters col-auto col-sm-12">
                    <div class="col-2 d-sm-flex d-none">
                    <button class="wishlist-toggler guest-mode inactive button button--tertiary" data-pid="5816596" data-add-url="https://www.continente.pt/on/demandware.store/Sites-continente-Site/default/Wishlist-AddProduct?pid=5816596" data-toggle="tooltip" aria-label="Adicionar aos favoritos " data-original-title="Adicionar aos favoritos" data-placement="top">
                    <svg class="active-content" width="100%" height="100%" viewBox="0 0 20 22" fill="none" xmlns="http://www.w3.org/2000/svg">
                    <path fill-rule="evenodd" clip-rule="evenodd" d="M0 1.53052C0 0.685236 0.692171 0 1.54601 0H15.0736C15.9274 0 16.6196 0.685235 16.6196 1.53052V13.4064L15.8127 13.922L14.2658 14.2658L12.7189 13.4064L10.6054 14.3818C10.4994 14.2451 10.3327 14.157 10.1452 14.157H6.76329C6.4431 14.157 6.18354 14.414 6.18354 14.731C6.18354 15.0479 6.4431 15.3049 6.76329 15.3049H10.1452C10.2478 15.3049 10.3441 15.2785 10.4277 15.2322L10.3126 16.8439L13.2345 20.2793H1.54601C0.69217 20.2793 0 19.5941 0 18.7488V1.53052ZM6.18354 5.5483C6.18354 5.23132 6.4431 4.97436 6.76329 4.97436H12.3676C12.6878 4.97436 12.9473 5.23132 12.9473 5.5483C12.9473 5.86528 12.6878 6.12224 12.3676 6.12224H6.76329C6.4431 6.12224 6.18354 5.86528 6.18354 5.5483ZM6.76329 11.0961C6.4431 11.0961 6.18354 11.3531 6.18354 11.6701C6.18354 11.987 6.4431 12.244 6.76329 12.244H12.3676C12.6878 12.244 12.9473 11.987 12.9473 11.6701C12.9473 11.3531 12.6878 11.0961 12.3676 11.0961H6.76329ZM6.18354 8.60985C6.18354 8.29287 6.4431 8.03591 6.76329 8.03591H12.3676C12.6878 8.03591 12.9473 8.29287 12.9473 8.60985C12.9473 8.92684 12.6878 9.1838 12.3676 9.1838H6.76329C6.4431 9.1838 6.18354 8.92684 6.18354 8.60985ZM3.67118 5.5483C3.67118 5.23132 3.93075 4.97436 4.25093 4.97436H4.63743C4.95762 4.97436 5.21719 5.23132 5.21719 5.5483C5.21719 5.86528 4.95762 6.12224 4.63743 6.12224H4.25093C3.93075 6.12224 3.67118 5.86528 3.67118 5.5483ZM4.25093 11.0961C3.93075 11.0961 3.67118 11.3531 3.67118 11.6701C3.67118 11.987 3.93075 12.244 4.25093 12.244H4.63743C4.95762 12.244 5.21719 11.987 5.21719 11.6701C5.21719 11.3531 4.95762 11.0961 4.63743 11.0961H4.25093ZM3.67118 8.60985C3.67118 8.29287 3.93075 8.03591 4.25093 8.03591H4.63743C4.95762 8.03591 5.21719 8.29287 5.21719 8.60985C5.21719 8.92684 4.95762 9.1838 4.63743 9.1838H4.25093C3.93075 9.1838 3.67118 8.92684 3.67118 8.60985ZM4.25093 14.157C3.93075 14.157 3.67118 14.414 3.67118 14.731C3.67118 15.0479 3.93075 15.3049 4.25093 15.3049H4.63743C4.95762 15.3049 5.21719 15.0479 5.21719 14.731C5.21719 14.414 4.95762 14.157 4.63743 14.157H4.25093Z" fill="#EB0203"></path>
                    <path fill-rule="evenodd" clip-rule="evenodd" d="M14.6252 13.6363C13.4918 12.6215 11.7817 12.5264 10.6569 13.4792C9.12421 14.7764 9.34841 16.8912 10.4409 18.0122L14.0159 21.6742C14.2197 21.8832 14.4928 22 14.7822 22C15.0737 22 15.3448 21.8852 15.5486 21.6762L19.1236 18.0142C20.214 16.8933 20.4423 14.7785 18.9075 13.4792C17.7827 12.5283 16.0724 12.6217 14.9391 13.6365C14.8855 13.6845 14.8331 13.7345 14.7822 13.7866C14.7313 13.7345 14.6789 13.6843 14.6252 13.6363ZM18.1546 14.3522C19.0973 15.1508 18.9962 16.4896 18.2891 17.2173C18.2888 17.2175 18.2886 17.2177 18.2884 17.218L14.7832 20.8084L11.2753 17.2151C11.2752 17.215 11.2751 17.2149 11.2749 17.2148C10.5677 16.4887 10.4678 15.1495 11.4104 14.3518L11.4108 14.3514C12.0745 13.7892 13.2018 13.82 13.9488 14.5846L14.7822 15.4378L15.6157 14.5846C16.3617 13.8211 17.4896 13.79 18.1545 14.3521" fill="#EB0203"></path>
                    </svg>
                    <svg class="inactive-content" width="100%" height="100%" viewBox="0 0 20 23" fill="none" xmlns="http://www.w3.org/2000/svg">
                    <path fill-rule="evenodd" clip-rule="evenodd" d="M6.18408 5.77914C6.18408 5.46223 6.44363 5.20532 6.7638 5.20532H12.3678C12.6879 5.20532 12.9475 5.46223 12.9475 5.77914C12.9475 6.09606 12.6879 6.35297 12.3678 6.35297H6.7638C6.44363 6.35297 6.18408 6.09606 6.18408 5.77914Z" fill="#EB0203"></path>
                    <path fill-rule="evenodd" clip-rule="evenodd" d="M6.18408 11.9034C6.18408 11.5865 6.44363 11.3296 6.7638 11.3296H12.3678C12.6879 11.3296 12.9475 11.5865 12.9475 11.9034C12.9475 12.2202 12.6879 12.4771 12.3678 12.4771H6.7638C6.44363 12.4771 6.18408 12.2202 6.18408 11.9034Z" fill="#EB0203"></path>
                    <path fill-rule="evenodd" clip-rule="evenodd" d="M6.18408 8.84116C6.18408 8.52424 6.44363 8.26733 6.7638 8.26733H12.3678C12.6879 8.26733 12.9475 8.52424 12.9475 8.84116C12.9475 9.15807 12.6879 9.41498 12.3678 9.41498H6.7638C6.44363 9.41498 6.18408 9.15807 6.18408 8.84116Z" fill="#EB0203"></path>
                    <path fill-rule="evenodd" clip-rule="evenodd" d="M6.18408 14.9655C6.18408 14.6486 6.44363 14.3917 6.7638 14.3917H10.1455C10.4657 14.3917 10.7252 14.6486 10.7252 14.9655C10.7252 15.2825 10.4657 15.5394 10.1455 15.5394H6.7638C6.44363 15.5394 6.18408 15.2825 6.18408 14.9655Z" fill="#EB0203"></path>
                    <path fill-rule="evenodd" clip-rule="evenodd" d="M3.67139 5.77914C3.67139 5.46223 3.93094 5.20532 4.25111 5.20532H4.63759C4.95776 5.20532 5.21731 5.46223 5.21731 5.77914C5.21731 6.09606 4.95776 6.35297 4.63759 6.35297H4.25111C3.93094 6.35297 3.67139 6.09606 3.67139 5.77914Z" fill="#EB0203"></path>
                    <path fill-rule="evenodd" clip-rule="evenodd" d="M3.67139 11.9034C3.67139 11.5865 3.93094 11.3296 4.25111 11.3296H4.63759C4.95776 11.3296 5.21731 11.5865 5.21731 11.9034C5.21731 12.2202 4.95776 12.4771 4.63759 12.4771H4.25111C3.93094 12.4771 3.67139 12.2202 3.67139 11.9034Z" fill="#EB0203"></path>
                    <path fill-rule="evenodd" clip-rule="evenodd" d="M3.67139 8.84116C3.67139 8.52424 3.93094 8.26733 4.25111 8.26733H4.63759C4.95776 8.26733 5.21731 8.52424 5.21731 8.84116C5.21731 9.15807 4.95776 9.41498 4.63759 9.41498H4.25111C3.93094 9.41498 3.67139 9.15807 3.67139 8.84116Z" fill="#EB0203"></path>
                    <path fill-rule="evenodd" clip-rule="evenodd" d="M3.67139 14.9655C3.67139 14.6486 3.93094 14.3917 4.25111 14.3917H4.63759C4.95776 14.3917 5.21731 14.6486 5.21731 14.9655C5.21731 15.2825 4.95776 15.5394 4.63759 15.5394H4.25111C3.93094 15.5394 3.67139 15.2825 3.67139 14.9655Z" fill="#EB0203"></path>
                    <path fill-rule="evenodd" clip-rule="evenodd" d="M0 1.76033C0 0.914738 0.692131 0.229248 1.54592 0.229248H15.0727C15.9265 0.229248 16.6186 0.914738 16.6186 1.76033V11.2818C16.6186 11.5989 16.3591 11.8559 16.0389 11.8559C15.7187 11.8559 15.4592 11.5989 15.4592 11.2818V1.76033C15.4592 1.54893 15.2862 1.37756 15.0727 1.37756H1.54592C1.33247 1.37756 1.15944 1.54893 1.15944 1.76033V18.985C1.15944 19.1964 1.33247 19.3678 1.54592 19.3678H9.27551C9.59568 19.3678 9.85523 19.6249 9.85523 19.942C9.85523 20.2591 9.59568 20.5161 9.27551 20.5161H1.54592C0.692131 20.5161 0 19.8306 0 18.985V1.76033Z" fill="#EB0203"></path>
                    <path fill-rule="evenodd" clip-rule="evenodd" d="M14.6254 13.8718C13.4921 12.8567 11.7821 12.7615 10.6574 13.7147C9.12472 15.0124 9.34891 17.128 10.4413 18.2493L14.0161 21.9126C14.2199 22.1217 14.493 22.2386 14.7824 22.2386C15.0739 22.2386 15.3449 22.1238 15.5487 21.9147L19.1235 18.2514C20.2139 17.13 20.4422 15.0144 18.9075 13.7147C17.7827 12.7634 16.0726 12.8569 14.9392 13.872C14.8856 13.92 14.8333 13.9701 14.7824 14.0222C14.7314 13.97 14.6791 13.9199 14.6254 13.8718ZM18.1546 14.588C19.0972 15.3869 18.9961 16.7262 18.2891 17.4541C18.2888 17.4543 18.2886 17.4546 18.2884 17.4548L14.7834 21.0466L11.2757 17.452C11.2756 17.4519 11.2755 17.4517 11.2753 17.4516C10.5681 16.7252 10.4682 15.3856 11.4108 14.5876L11.4112 14.5872C12.0748 14.0248 13.202 14.0556 13.949 14.8205L14.7824 15.674L15.6158 14.8205C16.3618 14.0567 17.4896 14.0256 18.1545 14.5879" fill="#EB0203"></path>
                    </svg>
                    </button>
                    </div>
                    <div class="col-sm-10 col-12">
                    <div class="ct-tile-quantity d-none" data-pid="5816596">
                    <input type="hidden" class="add-to-cart-url" value="https://www.continente.pt/on/demandware.store/Sites-continente-Site/default/Cart-AddProduct">
                    <div class="d-none tile-delete-confirmation-btn" data-pid="5816596" data-delay-time="3000" data-in-cart-msg="no carrinho" data-one-product-added="Adicionado ao carrinho" data-remove-from-cart-msg="Removido do carrinho" data-stay-open="6000.0" data-confirmation-image="{&quot;url&quot;:&quot;https://www.continente.pt/dw/image/v2/BDVS_PRD/on/demandware.static/-/Sites-col-master-catalog/default/dw419dfa6e/images/col/581/5816596-frente.jpg?sw=87&amp;sh=80&quot;,&quot;fallbackimage&quot;:{&quot;url&quot;:&quot;https://www.continente.pt/dw/image/v2/BDVS_PRD/on/demandware.static/Sites-continente-Site/-/default/dw7c42b4da/images/noimagelarge_product.png?sw=87&amp;sh=80&quot;,&quot;title&quot;:&quot;Leite Meio Gordo Pastagem&quot;,&quot;alt&quot;:&quot;Leite Meio Gordo Pastagem&quot;},&quot;title&quot;:&quot;Leite Meio Gordo Pastagem&quot;,&quot;alt&quot;:&quot;Leite Meio Gordo Pastagem&quot;}"></div>
                    <div class="ct-tile-quantity-update quantity-update product-qty-vue" data-remove-action="https://www.continente.pt/on/demandware.store/Sites-continente-Site/default/Cart-RemoveProductLineItem" data-action="https://www.continente.pt/on/demandware.store/Sites-continente-Site/default/Cart-UpdateQuantity" data-dimension-update="https://www.continente.pt/on/demandware.store/Sites-continente-Site/default/Cart-DimensionUpdate" data-pid="5816596" data-uuid="1e70bb095174fb5a87bbcdae98" data-add-delay="500.0" data-measure-options="{&quot;hasConversionRate&quot;:false,&quot;hasAlternativeSaleUnit&quot;:false,&quot;unitConversionRate&quot;:0,&quot;minOrderQuantity&quot;:6,&quot;stepQuantity&quot;:6,&quot;primaryunit&quot;:&quot;un&quot;,&quot;secondaryunit&quot;:&quot;lt&quot;,&quot;selectedunit&quot;:&quot;primary&quot;,&quot;maxNumberOfUnitsPerSale&quot;:54}" data-price-available="null" :data-has-error="isMaxQtyReached || isMinQtyReached || qtySelectedMoreThanOne">
                    <template v-show="prodUnits">
                    <div class="quantity-input-wrapper has-units">
                    <label class="visually-hidden" :for="'quantity-' + pid + additionalTag">
                    Quantidade no carrinho
                    </label>
                    <input :ref="'quantityInput-' + pid + additionalTag" class="add-to-cart-quantity form-control ct-form-input text-center" inputmode="numeric" :class="{'is-invalid': isInvalid}" :data-pid="pid + additionalTag" :name="'quantity-' + pid + additionalTag" type="text" aria-label="Insira a quantidade" title="" v-model="displayValue" @change="updateQuantity" @focus="updateQtyFormat" @blur="restoreQtyFormat" :disabled="!isPriceAvailable">
                    <span class="quantity-icon quantity-icon--minus">
                    <button class="decrease-quantity-btn" @click="updateQuantity" :disabled="!isPriceAvailable" role="button" aria-label="Reduzir quantidade">
                    <i class="css-math-minus"></i>
                    </button>
                    </span>
                    <span class="quantity-icon quantity-icon--plus">
                    <button class="increase-quantity-btn" @click="updateQuantity" :disabled="isMaxQtyReached || !isPriceAvailable" role="button" aria-label="Aumentar quantidade">
                    <i class="css-math-plus"></i>
                    </button>
                    <span class="quantity-btn-disabled-placeholder"></span>
                    </span>
                    <template v-if="isPDP">
                    <span class="quantity-error ct-span-error text-sm-center product-max-allocation" v-if="isMaxQtyReached">
                    Quantidade máxima atingida
                    </span>
                    <span class="quantity-error ct-span-product text-sm-center product-allocation" v-if="!isMinQtyReached &amp;&amp; !isMaxQtyReached">
                    {{quantitySelected}} no carrinho
                    </span>
                    <span class="quantity-error ct-span-error text-sm-center product-min-allocation" :data-pid="pid" v-if="isMinQtyReached &amp;&amp; !isMaxQtyReached">
                    Quantidade mínima atingida
                    </span>
                    </template>
                    </div>
                    <template v-if="showNotes">
                    <div class="add-note-link-container ">
                    <div class="add-note">
                    <a href="/produto/leite-meio-gordo-pastagem-terra-nostra-5816596.html?showNote=true" class="ct-add-note-redirect-pdp" aria-label="Adicionar comentário">
                    <span class="svg-wrapper svg-icon-notes" style="width:19px; height:20px">
                    <svg class="svg-inline icon-notes" viewBox="0 0 28 30" xmlns="http://www.w3.org/2000/svg" width="100%" height="100%"><path d="M21.738 0C22.985 0 24 1.04 24 2.319V12.47c0 .469-.37.848-.828.848-.457 0-.827-.38-.827-.848V2.32c0-.343-.273-.622-.607-.622H2.262c-.334 0-.607.279-.607.622V27.68c0 .343.273.622.607.622h7.81c.457 0 .827.38.827.849 0 .468-.37.848-.827.848h-7.81C1.015 30 0 28.96 0 27.681V2.32C0 1.04 1.015 0 2.262 0h19.476zm2.844 16.004l.227.007c.823.053 1.589.39 2.176.964.64.627.993 1.46.993 2.349 0 .888-.353 1.722-.993 2.348l-6.83 6.665c-.11.108-.247.186-.397.226l-5.032 1.363c-.078.021-.16.032-.241.032-.242 0-.478-.097-.647-.266-.23-.231-.314-.566-.218-.874l1.49-4.798c.044-.139.122-.266.227-.369l6.844-6.677c.64-.625 1.493-.97 2.401-.97zm-2.886 3.94l-4.922 4.802-.947 3.048 3.22-.872 4.897-4.78-2.248-2.197zm2.887-2.174c-.425 0-.824.162-1.124.455l-.484.472 2.248 2.197.484-.472c.62-.606.62-1.591 0-2.197l-.117-.104c-.283-.227-.636-.35-1.007-.35zm-10.839.022c.498 0 .904.396.904.883 0 .488-.406.884-.904.884H5.946c-.499 0-.904-.396-.904-.884 0-.487.405-.883.904-.883zm5.042-4.876c.498 0 .904.397.904.884s-.406.884-.904.884H5.946c-.499 0-.904-.397-.904-.884s.405-.884.904-.884zm0-4.875c.498 0 .904.396.904.884 0 .487-.406.883-.904.883H5.946c-.499 0-.904-.396-.904-.883 0-.488.405-.884.904-.884z" fill="#EB0203" fill-rule="evenodd"></path></svg>
                    </span>
                    <div class="available-note d-none"></div>
                    </a>
                    </div>
                    </div>
                    </template>
                    <div class="measurement-unit-section" v-if="isPriceAvailable &amp;&amp; prodUnits ? prodUnits.hasAlternativeUnit : false">
                    <div class="ct-form-radio" @click="setDimension">
                    <input type="radio" title="" class="ct-form-check-input product-measurement-unit" :data-type="prodUnits.selectedUnit == prodUnits.secondaryUnit ? 'primary' : ''" :id="prodUnits.secondaryUnit + '-' + pid + '-measurement-unit-ptile' + additionalTag" :name="'measurement-unit-' + pid + '-ptile' + additionalTag" :value="prodUnits.secondaryUnit" v-model="prodUnits.selectedUnit">
                    <label :class="prodUnits.secondaryUnit + '-label ct-form-check-label mb-0'" :for="prodUnits.secondaryUnit + '-' + pid + '-measurement-unit-ptile' + additionalTag">
                    {{prodUnits.secondaryUnit}}
                    </label>
                    <span class="checkmark"></span>
                    </div>
                    <div class="ct-form-radio" @click="setDimension">
                    <input type="radio" title="" class="ct-form-check-input product-measurement-unit" :data-type="prodUnits.selectedUnit == prodUnits.primaryUnit ? 'primary' : ''" :id="prodUnits.primaryUnit + '-' + pid + '-measurement-unit-ptile' + additionalTag" :name="'measurement-unit-' + pid + '-ptile' + additionalTag" :value="prodUnits.primaryUnit" v-model="prodUnits.selectedUnit">
                    <label :class="prodUnits.primaryUnit + '-label ct-form-check-label mb-0'" :for="prodUnits.primaryUnit + '-' + pid + '-measurement-unit-ptile' + additionalTag">
                    {{prodUnits.primaryUnit}}
                    </label>
                    <span class="checkmark"></span>
                    </div>
                    </div>
                    <template v-if="!isPDP &amp;&amp; isPriceAvailable">
                    <span class="quantity-error ct-span-error product-max-allocation" v-if="isMaxQtyReached">
                    Quantidade máxima atingida
                    </span>
                    <span class="quantity-error ct-span-product product-allocation" v-if="!isMinQtyReached &amp;&amp; !isMaxQtyReached">
                    {{quantitySelected}} no carrinho
                    </span>
                    <span class="quantity-error ct-span-error product-min-allocation" :data-pid="pid" v-if="isMinQtyReached &amp;&amp; !isMaxQtyReached">
                    Quantidade mínima atingida
                    </span>
                    </template>
                    </template>
                    </div>
                    <input class="quantity-value-mask d-none" name="quantity" type="number" min="0" value="">
                    </div>
                    <button type="button" class="add-to-cart button js-add-to-cart js-add-to-cart-tile 5816596 button--primary dynamic-layout-btn" data-toggle="modal" data-target="#chooseBonusProductModal" data-pid="5816596" data-quantity-value="null" aria-label="Carrinho">
                    <span class="d-block d-sm-none">
                    <span class="svg-wrapper svg-icon-cart" style="width:20px; height:20px">
                    <svg class="svg-inline icon-cart" xmlns="http://www.w3.org/2000/svg" viewBox="0 0 500 500" width="100%" height="100%"><path fill="#EB0203" fill-rule="evenodd" d="M 485.67317,94.386311 C 476.37798,83.847129 463.09468,78.03348 448.30404,78.03348 H 90.690813 L 87.079511,51.327997 C 83.185582,22.539551 62.962285,0 41.011841,0 H 14.727836 C 6.563151,0 0,6.5286975 0,14.580758 c 0,8.05206 6.5945535,14.580758 14.727836,14.580758 h 26.284005 c 4.710398,0 14.696435,9.855222 16.894619,26.021523 L 100.01739,368.0631 c 1.88416,13.77244 9.01256,26.70549 20.1605,36.37417 8.25889,7.15046 18.02511,11.9071 28.26237,13.89679 -4.17655,7.58572 -6.53175,16.25957 -6.53175,25.493 0,29.53459 24.27424,53.59751 54.13815,53.59751 29.8325,0 54.13814,-24.03184 54.13814,-53.59751 0,-8.79818 -2.19818,-17.09897 -5.9979,-24.43598 h 77.12488 c -3.79973,7.33701 -5.96652,15.6378 -5.96652,24.43598 0,29.53459 24.27424,53.59751 54.13817,53.59751 29.83249,0 54.13814,-24.03184 54.13814,-53.59751 0,-8.79818 -2.1982,-17.09897 -5.9979,-24.43598 h 38.56243 c 8.13328,0 14.72783,-6.5287 14.72783,-14.61183 0,-8.02098 -6.59455,-14.54967 -14.72783,-14.54967 H 159.24277 c -14.38241,0 -28.13677,-11.90711 -30.02092,-26.02153 l -3.07746,-22.88154 h 290.6314 c 14.03698,0 27.94834,-5.28513 39.06488,-14.95381 11.11652,-9.6376 18.27632,-22.57065 20.16048,-36.37417 l 21.10259,-156.78201 c 1.94694,-14.51858 -2.10398,-28.29103 -11.43057,-38.861299 z M 220.76053,443.82706 c 0,13.49265 -11.08513,24.46709 -24.68247,24.46709 -13.62874,0 -24.71387,-10.97444 -24.71387,-24.46709 0,-13.49262 11.08513,-24.43598 24.71387,-24.43598 13.59734,0 24.68247,10.94336 24.68247,24.43598 z m 173.43675,0 c 0,13.49265 -11.08512,24.46709 -24.68245,24.46709 -13.62876,0 -24.71388,-10.97444 -24.71388,-24.46709 0,-13.49262 11.08512,-24.43598 24.71388,-24.43598 13.59733,0 24.68245,10.94336 24.68245,24.43598 z m 73.7648,-314.46558 -21.13397,156.782 c -1.88416,14.11442 -15.63851,26.05261 -30.02091,26.05261 H 122.25046 L 94.616142,107.19499 H 448.33544 c 6.18632,0 11.61896,2.2695 15.23028,6.37326 3.64269,4.13484 5.21283,9.73086 4.39636,15.79323 z"></path></svg>
                    </span>
                    </span>
                    <span class="add-to-cart--text d-none d-sm-block">Carrinho</span>
                    </button>
                    </div>
                    </div>
                    </div>
                    </div>
                    
                    <div class="col-12 d-sm-none">
                    </div>
                    </div>
                    </div>
                    </div>
                    </div>
                    <div class="col-12 col-sm-3 col-lg-2 productTile" data-idx="12">
                    
                    <script type="text/javascript">//<!--
                    /* <![CDATA[ */
                    (function(){
                    try {
                        if(window.CQuotient) {
                        var cq_params = {};
                        
                        cq_params.cookieId = window.CQuotient.getCQCookieId();
                        cq_params.userId = window.CQuotient.getCQUserId();
                        cq_params.emailId = CQuotient.getCQHashedEmail();
                        cq_params.loginId = CQuotient.getCQHashedLogin();
                        cq_params.accumulate = true;
                        cq_params.products = [{
                            id: '2210999',
                            sku: ''
                        }];
                        cq_params.categoryId = 'laticinios';
                        cq_params.refinements = '[{\"name\":\"priceMin\",\"value\":\"0.01\"},{\"name\":\"priceMax\",\"value\":\"null\"},{\"name\":\"curr\",\"value\":\"EUR\"},{\"name\":\"Category\",\"value\":\"laticinios\"}]';
                        cq_params.personalized = 'false';
                        cq_params.sortingRule = 'FOOD-Laticinios';
                        cq_params.imageUUID = '__UNDEFINED__';
                        cq_params.realm = "BDVS";
                        cq_params.siteId = "continente";
                        cq_params.instanceType = "prd";
                        cq_params.queryLocale = "default";
                        cq_params.locale = window.CQuotient.locale;
                        
                        if(window.CQuotient.sendActivity)
                            window.CQuotient.sendActivity(CQuotient.clientId, 'viewCategory', cq_params);
                        else
                            window.CQuotient.activities.push({
                                activityType: 'viewCategory',
                                parameters: cq_params
                            });
                      }
                    } catch(err) {}
                    })();
                    /* ]]> */
                    // -->
                    </script>
                    <script type="text/javascript">//<!--
                    /* <![CDATA[ (viewCategoryProduct-active_data.js) */
                    (function(){
                    try {
                        if (dw.ac) {
                            var search_params = {};
                            search_params.persd = 'false';
                            search_params.refs = '[{\"name\":\"priceMin\",\"value\":\"0.01\"},{\"name\":\"priceMax\",\"value\":\"null\"},{\"name\":\"curr\",\"value\":\"EUR\"},{\"name\":\"Category\",\"value\":\"laticinios\"}]';
                            search_params.sort = 'FOOD-Laticinios';
                            search_params.imageUUID = '';
                            search_params.searchID = 'ff60679a-0a42-4d90-af85-afdcdfaee427';
                            search_params.locale = 'default';
                            search_params.queryLocale = 'default';
                            search_params.showProducts = 'true';
                            dw.ac.applyContext({category: "laticinios", searchData: search_params});
                            if (typeof dw.ac._scheduleDataSubmission === "function") {
                                dw.ac._scheduleDataSubmission();
                            }
                        }
                    } catch(err) {}
                    })();
                    /* ]]> */
                    // -->
                    </script>
                    <script type="text/javascript">//<!--
                    /* <![CDATA[ (viewProduct-active_data.js) */
                    dw.ac._capture({id: "2210999", type: "searchhit"});
                    /* ]]> */
                    // -->
                    </script>
                    <div class="product" data-pid="2210999">
                    <div class="product-tile pid-2210999 ct-product-tile data-layer-pushed" data-delay-time="3000" data-variants-mapping="[]" data-in-cart-msg="no carrinho" data-one-product-added="Adicionado ao carrinho" data-remove-from-cart-msg="Removido do carrinho" data-stay-open="6000.0" data-product-tile-impression="{&quot;name&quot;:&quot;2210999&quot;,&quot;id&quot;:&quot;2210999&quot;,&quot;price&quot;:1.09,&quot;brand&quot;:&quot;Matinal&quot;,&quot;category&quot;:[{&quot;category_level_1&quot;:&quot;Laticínios e Ovos&quot;},{&quot;category_level_2&quot;:&quot;Leite&quot;},{&quot;category_level_3&quot;:&quot;Leite Meio Gordo&quot;}],&quot;variant&quot;:&quot;&quot;}">
                    <div class="ct-inner-tile-wrap row no-gutters justify-content-center align-content-start">
                    
                    <div class="ct-image-container col-4 col-sm" data-confirmation-image="{&quot;url&quot;:&quot;https://www.continente.pt/dw/image/v2/BDVS_PRD/on/demandware.static/-/Sites-col-master-catalog/default/dw1b559108/images/col/221/2210999-frente.jpg?sw=87&amp;sh=80&quot;,&quot;fallbackimage&quot;:{&quot;url&quot;:&quot;https://www.continente.pt/dw/image/v2/BDVS_PRD/on/demandware.static/Sites-continente-Site/-/default/dw7c42b4da/images/noimagelarge_product.png?sw=87&amp;sh=80&quot;,&quot;title&quot;:&quot;Leite UHT Meio Gordo&quot;,&quot;alt&quot;:&quot;Leite UHT Meio Gordo&quot;},&quot;title&quot;:&quot;Leite UHT Meio Gordo&quot;,&quot;alt&quot;:&quot;Leite UHT Meio Gordo&quot;}">
                    <a href="https://www.continente.pt/produto/leite-uht-meio-gordo-matinal-2210999.html?cgid=laticinios">
                    <picture class="intrinsic intrinsic--square">
                    <img class="ct-tile-image lazyloaded" loading="lazy" onerror="this.onerror=null;this.src='/on/demandware.static/Sites-continente-Site/-/default/dw7c42b4da/images/noimagelarge_product.png';" data-src="https://www.continente.pt/dw/image/v2/BDVS_PRD/on/demandware.static/-/Sites-col-master-catalog/default/dw1b559108/images/col/221/2210999-frente.jpg?sw=280&amp;sh=280" alt="Leite UHT Meio Gordo" title="Leite UHT Meio Gordo" src="https://www.continente.pt/dw/image/v2/BDVS_PRD/on/demandware.static/-/Sites-col-master-catalog/default/dw1b559108/images/col/221/2210999-frente.jpg?sw=280&amp;sh=280">
                    </picture>
                    </a>
                    <div class=" ct-product-tile-badge ct-product-tile-badge--general">
                    <img class="img-fluid ct-tooltip-trigger lazyloaded" loading="lazy" data-src="https://www.continente.pt/dw/image/v2/BDVS_PRD/on/demandware.static/-/Sites-continente-Library/default/dw62d4c957/images/badges/general/col/madein.png?sw=25&amp;sh=25" alt="Crachá do produto" title="" data-toggle="tooltip" data-placement="right" data-original-title="Produzido em Portugal" src="https://www.continente.pt/dw/image/v2/BDVS_PRD/on/demandware.static/-/Sites-continente-Library/default/dw62d4c957/images/badges/general/col/madein.png?sw=25&amp;sh=25">
                    </div>
                    <div class="color-swatches d-flex" style="margin-left: 5px;">
                    <div class="swatches d-flex">
                    </div>
                    </div>
                    </div>
                    <div class="ct-tile-body col col-sm-auto ">
                    <div class="ct-pdp-details">
                    <div class="ct-pdp-link">
                    <a class="ct-tile--description" href="https://www.continente.pt/produto/leite-uht-meio-gordo-matinal-2210999.html?cgid=laticinios">Leite UHT Meio Gordo</a>
                    <div class="ct-tile--favorite-top d-sm-none">
                    <button class="wishlist-toggler guest-mode inactive button button--tertiary" data-pid="2210999" data-add-url="https://www.continente.pt/on/demandware.store/Sites-continente-Site/default/Wishlist-AddProduct?pid=2210999" data-toggle="tooltip" aria-label="Adicionar aos favoritos " data-original-title="Adicionar aos favoritos" data-placement="top">
                    <svg class="active-content" width="100%" height="100%" viewBox="0 0 20 22" fill="none" xmlns="http://www.w3.org/2000/svg">
                    <path fill-rule="evenodd" clip-rule="evenodd" d="M0 1.53052C0 0.685236 0.692171 0 1.54601 0H15.0736C15.9274 0 16.6196 0.685235 16.6196 1.53052V13.4064L15.8127 13.922L14.2658 14.2658L12.7189 13.4064L10.6054 14.3818C10.4994 14.2451 10.3327 14.157 10.1452 14.157H6.76329C6.4431 14.157 6.18354 14.414 6.18354 14.731C6.18354 15.0479 6.4431 15.3049 6.76329 15.3049H10.1452C10.2478 15.3049 10.3441 15.2785 10.4277 15.2322L10.3126 16.8439L13.2345 20.2793H1.54601C0.69217 20.2793 0 19.5941 0 18.7488V1.53052ZM6.18354 5.5483C6.18354 5.23132 6.4431 4.97436 6.76329 4.97436H12.3676C12.6878 4.97436 12.9473 5.23132 12.9473 5.5483C12.9473 5.86528 12.6878 6.12224 12.3676 6.12224H6.76329C6.4431 6.12224 6.18354 5.86528 6.18354 5.5483ZM6.76329 11.0961C6.4431 11.0961 6.18354 11.3531 6.18354 11.6701C6.18354 11.987 6.4431 12.244 6.76329 12.244H12.3676C12.6878 12.244 12.9473 11.987 12.9473 11.6701C12.9473 11.3531 12.6878 11.0961 12.3676 11.0961H6.76329ZM6.18354 8.60985C6.18354 8.29287 6.4431 8.03591 6.76329 8.03591H12.3676C12.6878 8.03591 12.9473 8.29287 12.9473 8.60985C12.9473 8.92684 12.6878 9.1838 12.3676 9.1838H6.76329C6.4431 9.1838 6.18354 8.92684 6.18354 8.60985ZM3.67118 5.5483C3.67118 5.23132 3.93075 4.97436 4.25093 4.97436H4.63743C4.95762 4.97436 5.21719 5.23132 5.21719 5.5483C5.21719 5.86528 4.95762 6.12224 4.63743 6.12224H4.25093C3.93075 6.12224 3.67118 5.86528 3.67118 5.5483ZM4.25093 11.0961C3.93075 11.0961 3.67118 11.3531 3.67118 11.6701C3.67118 11.987 3.93075 12.244 4.25093 12.244H4.63743C4.95762 12.244 5.21719 11.987 5.21719 11.6701C5.21719 11.3531 4.95762 11.0961 4.63743 11.0961H4.25093ZM3.67118 8.60985C3.67118 8.29287 3.93075 8.03591 4.25093 8.03591H4.63743C4.95762 8.03591 5.21719 8.29287 5.21719 8.60985C5.21719 8.92684 4.95762 9.1838 4.63743 9.1838H4.25093C3.93075 9.1838 3.67118 8.92684 3.67118 8.60985ZM4.25093 14.157C3.93075 14.157 3.67118 14.414 3.67118 14.731C3.67118 15.0479 3.93075 15.3049 4.25093 15.3049H4.63743C4.95762 15.3049 5.21719 15.0479 5.21719 14.731C5.21719 14.414 4.95762 14.157 4.63743 14.157H4.25093Z" fill="#EB0203"></path>
                    <path fill-rule="evenodd" clip-rule="evenodd" d="M14.6252 13.6363C13.4918 12.6215 11.7817 12.5264 10.6569 13.4792C9.12421 14.7764 9.34841 16.8912 10.4409 18.0122L14.0159 21.6742C14.2197 21.8832 14.4928 22 14.7822 22C15.0737 22 15.3448 21.8852 15.5486 21.6762L19.1236 18.0142C20.214 16.8933 20.4423 14.7785 18.9075 13.4792C17.7827 12.5283 16.0724 12.6217 14.9391 13.6365C14.8855 13.6845 14.8331 13.7345 14.7822 13.7866C14.7313 13.7345 14.6789 13.6843 14.6252 13.6363ZM18.1546 14.3522C19.0973 15.1508 18.9962 16.4896 18.2891 17.2173C18.2888 17.2175 18.2886 17.2177 18.2884 17.218L14.7832 20.8084L11.2753 17.2151C11.2752 17.215 11.2751 17.2149 11.2749 17.2148C10.5677 16.4887 10.4678 15.1495 11.4104 14.3518L11.4108 14.3514C12.0745 13.7892 13.2018 13.82 13.9488 14.5846L14.7822 15.4378L15.6157 14.5846C16.3617 13.8211 17.4896 13.79 18.1545 14.3521" fill="#EB0203"></path>
                    </svg>
                    <svg class="inactive-content" width="100%" height="100%" viewBox="0 0 20 23" fill="none" xmlns="http://www.w3.org/2000/svg">
                    <path fill-rule="evenodd" clip-rule="evenodd" d="M6.18408 5.77914C6.18408 5.46223 6.44363 5.20532 6.7638 5.20532H12.3678C12.6879 5.20532 12.9475 5.46223 12.9475 5.77914C12.9475 6.09606 12.6879 6.35297 12.3678 6.35297H6.7638C6.44363 6.35297 6.18408 6.09606 6.18408 5.77914Z" fill="#EB0203"></path>
                    <path fill-rule="evenodd" clip-rule="evenodd" d="M6.18408 11.9034C6.18408 11.5865 6.44363 11.3296 6.7638 11.3296H12.3678C12.6879 11.3296 12.9475 11.5865 12.9475 11.9034C12.9475 12.2202 12.6879 12.4771 12.3678 12.4771H6.7638C6.44363 12.4771 6.18408 12.2202 6.18408 11.9034Z" fill="#EB0203"></path>
                    <path fill-rule="evenodd" clip-rule="evenodd" d="M6.18408 8.84116C6.18408 8.52424 6.44363 8.26733 6.7638 8.26733H12.3678C12.6879 8.26733 12.9475 8.52424 12.9475 8.84116C12.9475 9.15807 12.6879 9.41498 12.3678 9.41498H6.7638C6.44363 9.41498 6.18408 9.15807 6.18408 8.84116Z" fill="#EB0203"></path>
                    <path fill-rule="evenodd" clip-rule="evenodd" d="M6.18408 14.9655C6.18408 14.6486 6.44363 14.3917 6.7638 14.3917H10.1455C10.4657 14.3917 10.7252 14.6486 10.7252 14.9655C10.7252 15.2825 10.4657 15.5394 10.1455 15.5394H6.7638C6.44363 15.5394 6.18408 15.2825 6.18408 14.9655Z" fill="#EB0203"></path>
                    <path fill-rule="evenodd" clip-rule="evenodd" d="M3.67139 5.77914C3.67139 5.46223 3.93094 5.20532 4.25111 5.20532H4.63759C4.95776 5.20532 5.21731 5.46223 5.21731 5.77914C5.21731 6.09606 4.95776 6.35297 4.63759 6.35297H4.25111C3.93094 6.35297 3.67139 6.09606 3.67139 5.77914Z" fill="#EB0203"></path>
                    <path fill-rule="evenodd" clip-rule="evenodd" d="M3.67139 11.9034C3.67139 11.5865 3.93094 11.3296 4.25111 11.3296H4.63759C4.95776 11.3296 5.21731 11.5865 5.21731 11.9034C5.21731 12.2202 4.95776 12.4771 4.63759 12.4771H4.25111C3.93094 12.4771 3.67139 12.2202 3.67139 11.9034Z" fill="#EB0203"></path>
                    <path fill-rule="evenodd" clip-rule="evenodd" d="M3.67139 8.84116C3.67139 8.52424 3.93094 8.26733 4.25111 8.26733H4.63759C4.95776 8.26733 5.21731 8.52424 5.21731 8.84116C5.21731 9.15807 4.95776 9.41498 4.63759 9.41498H4.25111C3.93094 9.41498 3.67139 9.15807 3.67139 8.84116Z" fill="#EB0203"></path>
                    <path fill-rule="evenodd" clip-rule="evenodd" d="M3.67139 14.9655C3.67139 14.6486 3.93094 14.3917 4.25111 14.3917H4.63759C4.95776 14.3917 5.21731 14.6486 5.21731 14.9655C5.21731 15.2825 4.95776 15.5394 4.63759 15.5394H4.25111C3.93094 15.5394 3.67139 15.2825 3.67139 14.9655Z" fill="#EB0203"></path>
                    <path fill-rule="evenodd" clip-rule="evenodd" d="M0 1.76033C0 0.914738 0.692131 0.229248 1.54592 0.229248H15.0727C15.9265 0.229248 16.6186 0.914738 16.6186 1.76033V11.2818C16.6186 11.5989 16.3591 11.8559 16.0389 11.8559C15.7187 11.8559 15.4592 11.5989 15.4592 11.2818V1.76033C15.4592 1.54893 15.2862 1.37756 15.0727 1.37756H1.54592C1.33247 1.37756 1.15944 1.54893 1.15944 1.76033V18.985C1.15944 19.1964 1.33247 19.3678 1.54592 19.3678H9.27551C9.59568 19.3678 9.85523 19.6249 9.85523 19.942C9.85523 20.2591 9.59568 20.5161 9.27551 20.5161H1.54592C0.692131 20.5161 0 19.8306 0 18.985V1.76033Z" fill="#EB0203"></path>
                    <path fill-rule="evenodd" clip-rule="evenodd" d="M14.6254 13.8718C13.4921 12.8567 11.7821 12.7615 10.6574 13.7147C9.12472 15.0124 9.34891 17.128 10.4413 18.2493L14.0161 21.9126C14.2199 22.1217 14.493 22.2386 14.7824 22.2386C15.0739 22.2386 15.3449 22.1238 15.5487 21.9147L19.1235 18.2514C20.2139 17.13 20.4422 15.0144 18.9075 13.7147C17.7827 12.7634 16.0726 12.8569 14.9392 13.872C14.8856 13.92 14.8333 13.9701 14.7824 14.0222C14.7314 13.97 14.6791 13.9199 14.6254 13.8718ZM18.1546 14.588C19.0972 15.3869 18.9961 16.7262 18.2891 17.4541C18.2888 17.4543 18.2886 17.4546 18.2884 17.4548L14.7834 21.0466L11.2757 17.452C11.2756 17.4519 11.2755 17.4517 11.2753 17.4516C10.5681 16.7252 10.4682 15.3856 11.4108 14.5876L11.4112 14.5872C12.0748 14.0248 13.202 14.0556 13.949 14.8205L14.7824 15.674L15.6158 14.8205C16.3618 14.0567 17.4896 14.0256 18.1545 14.5879" fill="#EB0203"></path>
                    </svg>
                    </button>
                    </div>
                    </div>
                    <p class="ct-tile--brand">Matinal</p>
                    <p class="ct-tile--quantity">emb. 1 lt</p>
                    </div>
                    <div class="ct-tile-bottom row no-gutters justify-content-between">
                    <div class="ct-price-wrap col-8 col-sm-12">
                    <div class="price js-product-price">
                    <div class="prices-wrapper">
                    <span class="sales ct-tile--price-primary ">
                    <span class="value" content="1.09">
                    <span class="ct-price-formatted">
                    €1,09
                    </span>
                    <span class="ct-m-unit">
                    /un
                    </span>
                    </span>
                    </span>
                    </div>
                    <div class="ct-tile--price-secondary">
                    <span class="ct-price-value">
                    €1,09
                    </span>
                    <span class="ct-m-unit">
                    /lt
                    </span>
                    </div>
                    </div>
                    </div>
                    <div class="ct-tile-buy-section d-flex justify-content-center no-gutters col-auto col-sm-12">
                    <div class="col-2 d-sm-flex d-none">
                    <button class="wishlist-toggler guest-mode inactive button button--tertiary" data-pid="2210999" data-add-url="https://www.continente.pt/on/demandware.store/Sites-continente-Site/default/Wishlist-AddProduct?pid=2210999" data-toggle="tooltip" aria-label="Adicionar aos favoritos " data-original-title="Adicionar aos favoritos" data-placement="top">
                    <svg class="active-content" width="100%" height="100%" viewBox="0 0 20 22" fill="none" xmlns="http://www.w3.org/2000/svg">
                    <path fill-rule="evenodd" clip-rule="evenodd" d="M0 1.53052C0 0.685236 0.692171 0 1.54601 0H15.0736C15.9274 0 16.6196 0.685235 16.6196 1.53052V13.4064L15.8127 13.922L14.2658 14.2658L12.7189 13.4064L10.6054 14.3818C10.4994 14.2451 10.3327 14.157 10.1452 14.157H6.76329C6.4431 14.157 6.18354 14.414 6.18354 14.731C6.18354 15.0479 6.4431 15.3049 6.76329 15.3049H10.1452C10.2478 15.3049 10.3441 15.2785 10.4277 15.2322L10.3126 16.8439L13.2345 20.2793H1.54601C0.69217 20.2793 0 19.5941 0 18.7488V1.53052ZM6.18354 5.5483C6.18354 5.23132 6.4431 4.97436 6.76329 4.97436H12.3676C12.6878 4.97436 12.9473 5.23132 12.9473 5.5483C12.9473 5.86528 12.6878 6.12224 12.3676 6.12224H6.76329C6.4431 6.12224 6.18354 5.86528 6.18354 5.5483ZM6.76329 11.0961C6.4431 11.0961 6.18354 11.3531 6.18354 11.6701C6.18354 11.987 6.4431 12.244 6.76329 12.244H12.3676C12.6878 12.244 12.9473 11.987 12.9473 11.6701C12.9473 11.3531 12.6878 11.0961 12.3676 11.0961H6.76329ZM6.18354 8.60985C6.18354 8.29287 6.4431 8.03591 6.76329 8.03591H12.3676C12.6878 8.03591 12.9473 8.29287 12.9473 8.60985C12.9473 8.92684 12.6878 9.1838 12.3676 9.1838H6.76329C6.4431 9.1838 6.18354 8.92684 6.18354 8.60985ZM3.67118 5.5483C3.67118 5.23132 3.93075 4.97436 4.25093 4.97436H4.63743C4.95762 4.97436 5.21719 5.23132 5.21719 5.5483C5.21719 5.86528 4.95762 6.12224 4.63743 6.12224H4.25093C3.93075 6.12224 3.67118 5.86528 3.67118 5.5483ZM4.25093 11.0961C3.93075 11.0961 3.67118 11.3531 3.67118 11.6701C3.67118 11.987 3.93075 12.244 4.25093 12.244H4.63743C4.95762 12.244 5.21719 11.987 5.21719 11.6701C5.21719 11.3531 4.95762 11.0961 4.63743 11.0961H4.25093ZM3.67118 8.60985C3.67118 8.29287 3.93075 8.03591 4.25093 8.03591H4.63743C4.95762 8.03591 5.21719 8.29287 5.21719 8.60985C5.21719 8.92684 4.95762 9.1838 4.63743 9.1838H4.25093C3.93075 9.1838 3.67118 8.92684 3.67118 8.60985ZM4.25093 14.157C3.93075 14.157 3.67118 14.414 3.67118 14.731C3.67118 15.0479 3.93075 15.3049 4.25093 15.3049H4.63743C4.95762 15.3049 5.21719 15.0479 5.21719 14.731C5.21719 14.414 4.95762 14.157 4.63743 14.157H4.25093Z" fill="#EB0203"></path>
                    <path fill-rule="evenodd" clip-rule="evenodd" d="M14.6252 13.6363C13.4918 12.6215 11.7817 12.5264 10.6569 13.4792C9.12421 14.7764 9.34841 16.8912 10.4409 18.0122L14.0159 21.6742C14.2197 21.8832 14.4928 22 14.7822 22C15.0737 22 15.3448 21.8852 15.5486 21.6762L19.1236 18.0142C20.214 16.8933 20.4423 14.7785 18.9075 13.4792C17.7827 12.5283 16.0724 12.6217 14.9391 13.6365C14.8855 13.6845 14.8331 13.7345 14.7822 13.7866C14.7313 13.7345 14.6789 13.6843 14.6252 13.6363ZM18.1546 14.3522C19.0973 15.1508 18.9962 16.4896 18.2891 17.2173C18.2888 17.2175 18.2886 17.2177 18.2884 17.218L14.7832 20.8084L11.2753 17.2151C11.2752 17.215 11.2751 17.2149 11.2749 17.2148C10.5677 16.4887 10.4678 15.1495 11.4104 14.3518L11.4108 14.3514C12.0745 13.7892 13.2018 13.82 13.9488 14.5846L14.7822 15.4378L15.6157 14.5846C16.3617 13.8211 17.4896 13.79 18.1545 14.3521" fill="#EB0203"></path>
                    </svg>
                    <svg class="inactive-content" width="100%" height="100%" viewBox="0 0 20 23" fill="none" xmlns="http://www.w3.org/2000/svg">
                    <path fill-rule="evenodd" clip-rule="evenodd" d="M6.18408 5.77914C6.18408 5.46223 6.44363 5.20532 6.7638 5.20532H12.3678C12.6879 5.20532 12.9475 5.46223 12.9475 5.77914C12.9475 6.09606 12.6879 6.35297 12.3678 6.35297H6.7638C6.44363 6.35297 6.18408 6.09606 6.18408 5.77914Z" fill="#EB0203"></path>
                    <path fill-rule="evenodd" clip-rule="evenodd" d="M6.18408 11.9034C6.18408 11.5865 6.44363 11.3296 6.7638 11.3296H12.3678C12.6879 11.3296 12.9475 11.5865 12.9475 11.9034C12.9475 12.2202 12.6879 12.4771 12.3678 12.4771H6.7638C6.44363 12.4771 6.18408 12.2202 6.18408 11.9034Z" fill="#EB0203"></path>
                    <path fill-rule="evenodd" clip-rule="evenodd" d="M6.18408 8.84116C6.18408 8.52424 6.44363 8.26733 6.7638 8.26733H12.3678C12.6879 8.26733 12.9475 8.52424 12.9475 8.84116C12.9475 9.15807 12.6879 9.41498 12.3678 9.41498H6.7638C6.44363 9.41498 6.18408 9.15807 6.18408 8.84116Z" fill="#EB0203"></path>
                    <path fill-rule="evenodd" clip-rule="evenodd" d="M6.18408 14.9655C6.18408 14.6486 6.44363 14.3917 6.7638 14.3917H10.1455C10.4657 14.3917 10.7252 14.6486 10.7252 14.9655C10.7252 15.2825 10.4657 15.5394 10.1455 15.5394H6.7638C6.44363 15.5394 6.18408 15.2825 6.18408 14.9655Z" fill="#EB0203"></path>
                    <path fill-rule="evenodd" clip-rule="evenodd" d="M3.67139 5.77914C3.67139 5.46223 3.93094 5.20532 4.25111 5.20532H4.63759C4.95776 5.20532 5.21731 5.46223 5.21731 5.77914C5.21731 6.09606 4.95776 6.35297 4.63759 6.35297H4.25111C3.93094 6.35297 3.67139 6.09606 3.67139 5.77914Z" fill="#EB0203"></path>
                    <path fill-rule="evenodd" clip-rule="evenodd" d="M3.67139 11.9034C3.67139 11.5865 3.93094 11.3296 4.25111 11.3296H4.63759C4.95776 11.3296 5.21731 11.5865 5.21731 11.9034C5.21731 12.2202 4.95776 12.4771 4.63759 12.4771H4.25111C3.93094 12.4771 3.67139 12.2202 3.67139 11.9034Z" fill="#EB0203"></path>
                    <path fill-rule="evenodd" clip-rule="evenodd" d="M3.67139 8.84116C3.67139 8.52424 3.93094 8.26733 4.25111 8.26733H4.63759C4.95776 8.26733 5.21731 8.52424 5.21731 8.84116C5.21731 9.15807 4.95776 9.41498 4.63759 9.41498H4.25111C3.93094 9.41498 3.67139 9.15807 3.67139 8.84116Z" fill="#EB0203"></path>
                    <path fill-rule="evenodd" clip-rule="evenodd" d="M3.67139 14.9655C3.67139 14.6486 3.93094 14.3917 4.25111 14.3917H4.63759C4.95776 14.3917 5.21731 14.6486 5.21731 14.9655C5.21731 15.2825 4.95776 15.5394 4.63759 15.5394H4.25111C3.93094 15.5394 3.67139 15.2825 3.67139 14.9655Z" fill="#EB0203"></path>
                    <path fill-rule="evenodd" clip-rule="evenodd" d="M0 1.76033C0 0.914738 0.692131 0.229248 1.54592 0.229248H15.0727C15.9265 0.229248 16.6186 0.914738 16.6186 1.76033V11.2818C16.6186 11.5989 16.3591 11.8559 16.0389 11.8559C15.7187 11.8559 15.4592 11.5989 15.4592 11.2818V1.76033C15.4592 1.54893 15.2862 1.37756 15.0727 1.37756H1.54592C1.33247 1.37756 1.15944 1.54893 1.15944 1.76033V18.985C1.15944 19.1964 1.33247 19.3678 1.54592 19.3678H9.27551C9.59568 19.3678 9.85523 19.6249 9.85523 19.942C9.85523 20.2591 9.59568 20.5161 9.27551 20.5161H1.54592C0.692131 20.5161 0 19.8306 0 18.985V1.76033Z" fill="#EB0203"></path>
                    <path fill-rule="evenodd" clip-rule="evenodd" d="M14.6254 13.8718C13.4921 12.8567 11.7821 12.7615 10.6574 13.7147C9.12472 15.0124 9.34891 17.128 10.4413 18.2493L14.0161 21.9126C14.2199 22.1217 14.493 22.2386 14.7824 22.2386C15.0739 22.2386 15.3449 22.1238 15.5487 21.9147L19.1235 18.2514C20.2139 17.13 20.4422 15.0144 18.9075 13.7147C17.7827 12.7634 16.0726 12.8569 14.9392 13.872C14.8856 13.92 14.8333 13.9701 14.7824 14.0222C14.7314 13.97 14.6791 13.9199 14.6254 13.8718ZM18.1546 14.588C19.0972 15.3869 18.9961 16.7262 18.2891 17.4541C18.2888 17.4543 18.2886 17.4546 18.2884 17.4548L14.7834 21.0466L11.2757 17.452C11.2756 17.4519 11.2755 17.4517 11.2753 17.4516C10.5681 16.7252 10.4682 15.3856 11.4108 14.5876L11.4112 14.5872C12.0748 14.0248 13.202 14.0556 13.949 14.8205L14.7824 15.674L15.6158 14.8205C16.3618 14.0567 17.4896 14.0256 18.1545 14.5879" fill="#EB0203"></path>
                    </svg>
                    </button>
                    </div>
                    <div class="col-sm-10 col-12">
                    <div class="ct-tile-quantity d-none" data-pid="2210999">
                    <input type="hidden" class="add-to-cart-url" value="https://www.continente.pt/on/demandware.store/Sites-continente-Site/default/Cart-AddProduct">
                    <div class="d-none tile-delete-confirmation-btn" data-pid="2210999" data-delay-time="3000" data-in-cart-msg="no carrinho" data-one-product-added="Adicionado ao carrinho" data-remove-from-cart-msg="Removido do carrinho" data-stay-open="6000.0" data-confirmation-image="{&quot;url&quot;:&quot;https://www.continente.pt/dw/image/v2/BDVS_PRD/on/demandware.static/-/Sites-col-master-catalog/default/dw1b559108/images/col/221/2210999-frente.jpg?sw=87&amp;sh=80&quot;,&quot;fallbackimage&quot;:{&quot;url&quot;:&quot;https://www.continente.pt/dw/image/v2/BDVS_PRD/on/demandware.static/Sites-continente-Site/-/default/dw7c42b4da/images/noimagelarge_product.png?sw=87&amp;sh=80&quot;,&quot;title&quot;:&quot;Leite UHT Meio Gordo&quot;,&quot;alt&quot;:&quot;Leite UHT Meio Gordo&quot;},&quot;title&quot;:&quot;Leite UHT Meio Gordo&quot;,&quot;alt&quot;:&quot;Leite UHT Meio Gordo&quot;}"></div>
                    <div class="ct-tile-quantity-update quantity-update product-qty-vue" data-remove-action="https://www.continente.pt/on/demandware.store/Sites-continente-Site/default/Cart-RemoveProductLineItem" data-action="https://www.continente.pt/on/demandware.store/Sites-continente-Site/default/Cart-UpdateQuantity" data-dimension-update="https://www.continente.pt/on/demandware.store/Sites-continente-Site/default/Cart-DimensionUpdate" data-pid="2210999" data-uuid="1af1c3c89d2be029a5f1e66ecb" data-add-delay="500.0" data-measure-options="{&quot;hasConversionRate&quot;:false,&quot;hasAlternativeSaleUnit&quot;:false,&quot;unitConversionRate&quot;:null,&quot;minOrderQuantity&quot;:6,&quot;stepQuantity&quot;:6,&quot;primaryunit&quot;:&quot;un&quot;,&quot;secondaryunit&quot;:&quot;lt&quot;,&quot;selectedunit&quot;:&quot;primary&quot;,&quot;maxNumberOfUnitsPerSale&quot;:54}" data-price-available="null" :data-has-error="isMaxQtyReached || isMinQtyReached || qtySelectedMoreThanOne">
                    <template v-show="prodUnits">
                    <div class="quantity-input-wrapper has-units">
                    <label class="visually-hidden" :for="'quantity-' + pid + additionalTag">
                    Quantidade no carrinho
                    </label>
                    <input :ref="'quantityInput-' + pid + additionalTag" class="add-to-cart-quantity form-control ct-form-input text-center" inputmode="numeric" :class="{'is-invalid': isInvalid}" :data-pid="pid + additionalTag" :name="'quantity-' + pid + additionalTag" type="text" aria-label="Insira a quantidade" title="" v-model="displayValue" @change="updateQuantity" @focus="updateQtyFormat" @blur="restoreQtyFormat" :disabled="!isPriceAvailable">
                    <span class="quantity-icon quantity-icon--minus">
                    <button class="decrease-quantity-btn" @click="updateQuantity" :disabled="!isPriceAvailable" role="button" aria-label="Reduzir quantidade">
                    <i class="css-math-minus"></i>
                    </button>
                    </span>
                    <span class="quantity-icon quantity-icon--plus">
                    <button class="increase-quantity-btn" @click="updateQuantity" :disabled="isMaxQtyReached || !isPriceAvailable" role="button" aria-label="Aumentar quantidade">
                    <i class="css-math-plus"></i>
                    </button>
                    <span class="quantity-btn-disabled-placeholder"></span>
                    </span>
                    <template v-if="isPDP">
                    <span class="quantity-error ct-span-error text-sm-center product-max-allocation" v-if="isMaxQtyReached">
                    Quantidade máxima atingida
                    </span>
                    <span class="quantity-error ct-span-product text-sm-center product-allocation" v-if="!isMinQtyReached &amp;&amp; !isMaxQtyReached">
                    {{quantitySelected}} no carrinho
                    </span>
                    <span class="quantity-error ct-span-error text-sm-center product-min-allocation" :data-pid="pid" v-if="isMinQtyReached &amp;&amp; !isMaxQtyReached">
                    Quantidade mínima atingida
                    </span>
                    </template>
                    </div>
                    <template v-if="showNotes">
                    <div class="add-note-link-container ">
                    <div class="add-note">
                    <a href="/produto/leite-uht-meio-gordo-matinal-2210999.html?showNote=true" class="ct-add-note-redirect-pdp" aria-label="Adicionar comentário">
                    <span class="svg-wrapper svg-icon-notes" style="width:19px; height:20px">
                    <svg class="svg-inline icon-notes" viewBox="0 0 28 30" xmlns="http://www.w3.org/2000/svg" width="100%" height="100%"><path d="M21.738 0C22.985 0 24 1.04 24 2.319V12.47c0 .469-.37.848-.828.848-.457 0-.827-.38-.827-.848V2.32c0-.343-.273-.622-.607-.622H2.262c-.334 0-.607.279-.607.622V27.68c0 .343.273.622.607.622h7.81c.457 0 .827.38.827.849 0 .468-.37.848-.827.848h-7.81C1.015 30 0 28.96 0 27.681V2.32C0 1.04 1.015 0 2.262 0h19.476zm2.844 16.004l.227.007c.823.053 1.589.39 2.176.964.64.627.993 1.46.993 2.349 0 .888-.353 1.722-.993 2.348l-6.83 6.665c-.11.108-.247.186-.397.226l-5.032 1.363c-.078.021-.16.032-.241.032-.242 0-.478-.097-.647-.266-.23-.231-.314-.566-.218-.874l1.49-4.798c.044-.139.122-.266.227-.369l6.844-6.677c.64-.625 1.493-.97 2.401-.97zm-2.886 3.94l-4.922 4.802-.947 3.048 3.22-.872 4.897-4.78-2.248-2.197zm2.887-2.174c-.425 0-.824.162-1.124.455l-.484.472 2.248 2.197.484-.472c.62-.606.62-1.591 0-2.197l-.117-.104c-.283-.227-.636-.35-1.007-.35zm-10.839.022c.498 0 .904.396.904.883 0 .488-.406.884-.904.884H5.946c-.499 0-.904-.396-.904-.884 0-.487.405-.883.904-.883zm5.042-4.876c.498 0 .904.397.904.884s-.406.884-.904.884H5.946c-.499 0-.904-.397-.904-.884s.405-.884.904-.884zm0-4.875c.498 0 .904.396.904.884 0 .487-.406.883-.904.883H5.946c-.499 0-.904-.396-.904-.883 0-.488.405-.884.904-.884z" fill="#EB0203" fill-rule="evenodd"></path></svg>
                    </span>
                    <div class="available-note d-none"></div>
                    </a>
                    </div>
                    </div>
                    </template>
                    <div class="measurement-unit-section" v-if="isPriceAvailable &amp;&amp; prodUnits ? prodUnits.hasAlternativeUnit : false">
                    <div class="ct-form-radio" @click="setDimension">
                    <input type="radio" title="" class="ct-form-check-input product-measurement-unit" :data-type="prodUnits.selectedUnit == prodUnits.secondaryUnit ? 'primary' : ''" :id="prodUnits.secondaryUnit + '-' + pid + '-measurement-unit-ptile' + additionalTag" :name="'measurement-unit-' + pid + '-ptile' + additionalTag" :value="prodUnits.secondaryUnit" v-model="prodUnits.selectedUnit">
                    <label :class="prodUnits.secondaryUnit + '-label ct-form-check-label mb-0'" :for="prodUnits.secondaryUnit + '-' + pid + '-measurement-unit-ptile' + additionalTag">
                    {{prodUnits.secondaryUnit}}
                    </label>
                    <span class="checkmark"></span>
                    </div>
                    <div class="ct-form-radio" @click="setDimension">
                    <input type="radio" title="" class="ct-form-check-input product-measurement-unit" :data-type="prodUnits.selectedUnit == prodUnits.primaryUnit ? 'primary' : ''" :id="prodUnits.primaryUnit + '-' + pid + '-measurement-unit-ptile' + additionalTag" :name="'measurement-unit-' + pid + '-ptile' + additionalTag" :value="prodUnits.primaryUnit" v-model="prodUnits.selectedUnit">
                    <label :class="prodUnits.primaryUnit + '-label ct-form-check-label mb-0'" :for="prodUnits.primaryUnit + '-' + pid + '-measurement-unit-ptile' + additionalTag">
                    {{prodUnits.primaryUnit}}
                    </label>
                    <span class="checkmark"></span>
                    </div>
                    </div>
                    <template v-if="!isPDP &amp;&amp; isPriceAvailable">
                    <span class="quantity-error ct-span-error product-max-allocation" v-if="isMaxQtyReached">
                    Quantidade máxima atingida
                    </span>
                    <span class="quantity-error ct-span-product product-allocation" v-if="!isMinQtyReached &amp;&amp; !isMaxQtyReached">
                    {{quantitySelected}} no carrinho
                    </span>
                    <span class="quantity-error ct-span-error product-min-allocation" :data-pid="pid" v-if="isMinQtyReached &amp;&amp; !isMaxQtyReached">
                    Quantidade mínima atingida
                    </span>
                    </template>
                    </template>
                    </div>
                    <input class="quantity-value-mask d-none" name="quantity" type="number" min="0" value="">
                    </div>
                    <button type="button" class="add-to-cart button js-add-to-cart js-add-to-cart-tile 2210999 button--primary dynamic-layout-btn" data-toggle="modal" data-target="#chooseBonusProductModal" data-pid="2210999" data-quantity-value="null" aria-label="Carrinho">
                    <span class="d-block d-sm-none">
                    <span class="svg-wrapper svg-icon-cart" style="width:20px; height:20px">
                    <svg class="svg-inline icon-cart" xmlns="http://www.w3.org/2000/svg" viewBox="0 0 500 500" width="100%" height="100%"><path fill="#EB0203" fill-rule="evenodd" d="M 485.67317,94.386311 C 476.37798,83.847129 463.09468,78.03348 448.30404,78.03348 H 90.690813 L 87.079511,51.327997 C 83.185582,22.539551 62.962285,0 41.011841,0 H 14.727836 C 6.563151,0 0,6.5286975 0,14.580758 c 0,8.05206 6.5945535,14.580758 14.727836,14.580758 h 26.284005 c 4.710398,0 14.696435,9.855222 16.894619,26.021523 L 100.01739,368.0631 c 1.88416,13.77244 9.01256,26.70549 20.1605,36.37417 8.25889,7.15046 18.02511,11.9071 28.26237,13.89679 -4.17655,7.58572 -6.53175,16.25957 -6.53175,25.493 0,29.53459 24.27424,53.59751 54.13815,53.59751 29.8325,0 54.13814,-24.03184 54.13814,-53.59751 0,-8.79818 -2.19818,-17.09897 -5.9979,-24.43598 h 77.12488 c -3.79973,7.33701 -5.96652,15.6378 -5.96652,24.43598 0,29.53459 24.27424,53.59751 54.13817,53.59751 29.83249,0 54.13814,-24.03184 54.13814,-53.59751 0,-8.79818 -2.1982,-17.09897 -5.9979,-24.43598 h 38.56243 c 8.13328,0 14.72783,-6.5287 14.72783,-14.61183 0,-8.02098 -6.59455,-14.54967 -14.72783,-14.54967 H 159.24277 c -14.38241,0 -28.13677,-11.90711 -30.02092,-26.02153 l -3.07746,-22.88154 h 290.6314 c 14.03698,0 27.94834,-5.28513 39.06488,-14.95381 11.11652,-9.6376 18.27632,-22.57065 20.16048,-36.37417 l 21.10259,-156.78201 c 1.94694,-14.51858 -2.10398,-28.29103 -11.43057,-38.861299 z M 220.76053,443.82706 c 0,13.49265 -11.08513,24.46709 -24.68247,24.46709 -13.62874,0 -24.71387,-10.97444 -24.71387,-24.46709 0,-13.49262 11.08513,-24.43598 24.71387,-24.43598 13.59734,0 24.68247,10.94336 24.68247,24.43598 z m 173.43675,0 c 0,13.49265 -11.08512,24.46709 -24.68245,24.46709 -13.62876,0 -24.71388,-10.97444 -24.71388,-24.46709 0,-13.49262 11.08512,-24.43598 24.71388,-24.43598 13.59733,0 24.68245,10.94336 24.68245,24.43598 z m 73.7648,-314.46558 -21.13397,156.782 c -1.88416,14.11442 -15.63851,26.05261 -30.02091,26.05261 H 122.25046 L 94.616142,107.19499 H 448.33544 c 6.18632,0 11.61896,2.2695 15.23028,6.37326 3.64269,4.13484 5.21283,9.73086 4.39636,15.79323 z"></path></svg>
                    </span>
                    </span>
                    <span class="add-to-cart--text d-none d-sm-block">Carrinho</span>
                    </button>
                    </div>
                    </div>
                    </div>
                    </div>
                    
                    <div class="col-12 d-sm-none">
                    </div>
                    </div>
                    </div>
                    </div>
                    </div>
                    <div class="col-12 col-sm-3 col-lg-2 productTile" data-idx="13">
                    
                    <script type="text/javascript">//<!--
                    /* <![CDATA[ */
                    (function(){
                    try {
                        if(window.CQuotient) {
                        var cq_params = {};
                        
                        cq_params.cookieId = window.CQuotient.getCQCookieId();
                        cq_params.userId = window.CQuotient.getCQUserId();
                        cq_params.emailId = CQuotient.getCQHashedEmail();
                        cq_params.loginId = CQuotient.getCQHashedLogin();
                        cq_params.accumulate = true;
                        cq_params.products = [{
                            id: '2228159',
                            sku: ''
                        }];
                        cq_params.categoryId = 'laticinios';
                        cq_params.refinements = '[{\"name\":\"priceMin\",\"value\":\"0.01\"},{\"name\":\"priceMax\",\"value\":\"null\"},{\"name\":\"curr\",\"value\":\"EUR\"},{\"name\":\"Category\",\"value\":\"laticinios\"}]';
                        cq_params.personalized = 'false';
                        cq_params.sortingRule = 'FOOD-Laticinios';
                        cq_params.imageUUID = '__UNDEFINED__';
                        cq_params.realm = "BDVS";
                        cq_params.siteId = "continente";
                        cq_params.instanceType = "prd";
                        cq_params.queryLocale = "default";
                        cq_params.locale = window.CQuotient.locale;
                        
                        if(window.CQuotient.sendActivity)
                            window.CQuotient.sendActivity(CQuotient.clientId, 'viewCategory', cq_params);
                        else
                            window.CQuotient.activities.push({
                                activityType: 'viewCategory',
                                parameters: cq_params
                            });
                      }
                    } catch(err) {}
                    })();
                    /* ]]> */
                    // -->
                    </script>
                    <script type="text/javascript">//<!--
                    /* <![CDATA[ (viewCategoryProduct-active_data.js) */
                    (function(){
                    try {
                        if (dw.ac) {
                            var search_params = {};
                            search_params.persd = 'false';
                            search_params.refs = '[{\"name\":\"priceMin\",\"value\":\"0.01\"},{\"name\":\"priceMax\",\"value\":\"null\"},{\"name\":\"curr\",\"value\":\"EUR\"},{\"name\":\"Category\",\"value\":\"laticinios\"}]';
                            search_params.sort = 'FOOD-Laticinios';
                            search_params.imageUUID = '';
                            search_params.searchID = 'ff60679a-0a42-4d90-af85-afdcdfaee427';
                            search_params.locale = 'default';
                            search_params.queryLocale = 'default';
                            search_params.showProducts = 'true';
                            dw.ac.applyContext({category: "laticinios", searchData: search_params});
                            if (typeof dw.ac._scheduleDataSubmission === "function") {
                                dw.ac._scheduleDataSubmission();
                            }
                        }
                    } catch(err) {}
                    })();
                    /* ]]> */
                    // -->
                    </script>
                    <script type="text/javascript">//<!--
                    /* <![CDATA[ (viewProduct-active_data.js) */
                    dw.ac._capture({id: "2228159", type: "searchhit"});
                    /* ]]> */
                    // -->
                    </script>
                    <div class="product" data-pid="2228159">
                    <div class="product-tile pid-2228159 ct-product-tile data-layer-pushed" data-delay-time="3000" data-variants-mapping="[]" data-in-cart-msg="no carrinho" data-one-product-added="Adicionado ao carrinho" data-remove-from-cart-msg="Removido do carrinho" data-stay-open="6000.0" data-product-tile-impression="{&quot;name&quot;:&quot;2228159&quot;,&quot;id&quot;:&quot;2228159&quot;,&quot;price&quot;:2.29,&quot;brand&quot;:&quot;Milhafre&quot;,&quot;category&quot;:[{&quot;category_level_1&quot;:&quot;Laticínios e Ovos&quot;},{&quot;category_level_2&quot;:&quot;Manteigas e Cremes para Barrar&quot;},{&quot;category_level_3&quot;:&quot;Manteigas&quot;}],&quot;variant&quot;:&quot;&quot;}">
                    <div class="ct-inner-tile-wrap row no-gutters justify-content-center align-content-start">
                    
                    <div class="ct-image-container col-4 col-sm" data-confirmation-image="{&quot;url&quot;:&quot;https://www.continente.pt/dw/image/v2/BDVS_PRD/on/demandware.static/-/Sites-col-master-catalog/default/dw64ccce4e/images/col/222/2228159-cima.jpg?sw=87&amp;sh=80&quot;,&quot;fallbackimage&quot;:{&quot;url&quot;:&quot;https://www.continente.pt/dw/image/v2/BDVS_PRD/on/demandware.static/Sites-continente-Site/-/default/dw7c42b4da/images/noimagelarge_product.png?sw=87&amp;sh=80&quot;,&quot;title&quot;:&quot;Manteiga com Sal&quot;,&quot;alt&quot;:&quot;Manteiga com Sal&quot;},&quot;title&quot;:&quot;Manteiga com Sal&quot;,&quot;alt&quot;:&quot;Manteiga com Sal&quot;}">
                    <a href="https://www.continente.pt/produto/manteiga-com-sal-milhafre-2228159.html?cgid=laticinios">
                    <picture class="intrinsic intrinsic--square">
                    <img class="ct-tile-image lazyloaded" loading="lazy" onerror="this.onerror=null;this.src='/on/demandware.static/Sites-continente-Site/-/default/dw7c42b4da/images/noimagelarge_product.png';" data-src="https://www.continente.pt/dw/image/v2/BDVS_PRD/on/demandware.static/-/Sites-col-master-catalog/default/dw64ccce4e/images/col/222/2228159-cima.jpg?sw=280&amp;sh=280" alt="Manteiga com Sal" title="Manteiga com Sal" src="https://www.continente.pt/dw/image/v2/BDVS_PRD/on/demandware.static/-/Sites-col-master-catalog/default/dw64ccce4e/images/col/222/2228159-cima.jpg?sw=280&amp;sh=280">
                    </picture>
                    </a>
                    <div class="color-swatches d-flex" style="margin-left: 5px;">
                    <div class="swatches d-flex">
                    </div>
                    </div>
                    </div>
                    <div class="ct-tile-body col col-sm-auto ">
                    <div class="ct-pdp-details">
                    <div class="ct-pdp-link">
                    <a class="ct-tile--description" href="https://www.continente.pt/produto/manteiga-com-sal-milhafre-2228159.html?cgid=laticinios">Manteiga com Sal</a>
                    
                    <div class="ct-tile--favorite-top d-sm-none">
                    <button class="wishlist-toggler guest-mode inactive button button--tertiary" data-pid="2228159" data-add-url="https://www.continente.pt/on/demandware.store/Sites-continente-Site/default/Wishlist-AddProduct?pid=2228159" data-toggle="tooltip" aria-label="Adicionar aos favoritos " data-original-title="Adicionar aos favoritos" data-placement="top">
                    <svg class="active-content" width="100%" height="100%" viewBox="0 0 20 22" fill="none" xmlns="http://www.w3.org/2000/svg">
                    <path fill-rule="evenodd" clip-rule="evenodd" d="M0 1.53052C0 0.685236 0.692171 0 1.54601 0H15.0736C15.9274 0 16.6196 0.685235 16.6196 1.53052V13.4064L15.8127 13.922L14.2658 14.2658L12.7189 13.4064L10.6054 14.3818C10.4994 14.2451 10.3327 14.157 10.1452 14.157H6.76329C6.4431 14.157 6.18354 14.414 6.18354 14.731C6.18354 15.0479 6.4431 15.3049 6.76329 15.3049H10.1452C10.2478 15.3049 10.3441 15.2785 10.4277 15.2322L10.3126 16.8439L13.2345 20.2793H1.54601C0.69217 20.2793 0 19.5941 0 18.7488V1.53052ZM6.18354 5.5483C6.18354 5.23132 6.4431 4.97436 6.76329 4.97436H12.3676C12.6878 4.97436 12.9473 5.23132 12.9473 5.5483C12.9473 5.86528 12.6878 6.12224 12.3676 6.12224H6.76329C6.4431 6.12224 6.18354 5.86528 6.18354 5.5483ZM6.76329 11.0961C6.4431 11.0961 6.18354 11.3531 6.18354 11.6701C6.18354 11.987 6.4431 12.244 6.76329 12.244H12.3676C12.6878 12.244 12.9473 11.987 12.9473 11.6701C12.9473 11.3531 12.6878 11.0961 12.3676 11.0961H6.76329ZM6.18354 8.60985C6.18354 8.29287 6.4431 8.03591 6.76329 8.03591H12.3676C12.6878 8.03591 12.9473 8.29287 12.9473 8.60985C12.9473 8.92684 12.6878 9.1838 12.3676 9.1838H6.76329C6.4431 9.1838 6.18354 8.92684 6.18354 8.60985ZM3.67118 5.5483C3.67118 5.23132 3.93075 4.97436 4.25093 4.97436H4.63743C4.95762 4.97436 5.21719 5.23132 5.21719 5.5483C5.21719 5.86528 4.95762 6.12224 4.63743 6.12224H4.25093C3.93075 6.12224 3.67118 5.86528 3.67118 5.5483ZM4.25093 11.0961C3.93075 11.0961 3.67118 11.3531 3.67118 11.6701C3.67118 11.987 3.93075 12.244 4.25093 12.244H4.63743C4.95762 12.244 5.21719 11.987 5.21719 11.6701C5.21719 11.3531 4.95762 11.0961 4.63743 11.0961H4.25093ZM3.67118 8.60985C3.67118 8.29287 3.93075 8.03591 4.25093 8.03591H4.63743C4.95762 8.03591 5.21719 8.29287 5.21719 8.60985C5.21719 8.92684 4.95762 9.1838 4.63743 9.1838H4.25093C3.93075 9.1838 3.67118 8.92684 3.67118 8.60985ZM4.25093 14.157C3.93075 14.157 3.67118 14.414 3.67118 14.731C3.67118 15.0479 3.93075 15.3049 4.25093 15.3049H4.63743C4.95762 15.3049 5.21719 15.0479 5.21719 14.731C5.21719 14.414 4.95762 14.157 4.63743 14.157H4.25093Z" fill="#EB0203"></path>
                    <path fill-rule="evenodd" clip-rule="evenodd" d="M14.6252 13.6363C13.4918 12.6215 11.7817 12.5264 10.6569 13.4792C9.12421 14.7764 9.34841 16.8912 10.4409 18.0122L14.0159 21.6742C14.2197 21.8832 14.4928 22 14.7822 22C15.0737 22 15.3448 21.8852 15.5486 21.6762L19.1236 18.0142C20.214 16.8933 20.4423 14.7785 18.9075 13.4792C17.7827 12.5283 16.0724 12.6217 14.9391 13.6365C14.8855 13.6845 14.8331 13.7345 14.7822 13.7866C14.7313 13.7345 14.6789 13.6843 14.6252 13.6363ZM18.1546 14.3522C19.0973 15.1508 18.9962 16.4896 18.2891 17.2173C18.2888 17.2175 18.2886 17.2177 18.2884 17.218L14.7832 20.8084L11.2753 17.2151C11.2752 17.215 11.2751 17.2149 11.2749 17.2148C10.5677 16.4887 10.4678 15.1495 11.4104 14.3518L11.4108 14.3514C12.0745 13.7892 13.2018 13.82 13.9488 14.5846L14.7822 15.4378L15.6157 14.5846C16.3617 13.8211 17.4896 13.79 18.1545 14.3521" fill="#EB0203"></path>
                    </svg>
                    <svg class="inactive-content" width="100%" height="100%" viewBox="0 0 20 23" fill="none" xmlns="http://www.w3.org/2000/svg">
                    <path fill-rule="evenodd" clip-rule="evenodd" d="M6.18408 5.77914C6.18408 5.46223 6.44363 5.20532 6.7638 5.20532H12.3678C12.6879 5.20532 12.9475 5.46223 12.9475 5.77914C12.9475 6.09606 12.6879 6.35297 12.3678 6.35297H6.7638C6.44363 6.35297 6.18408 6.09606 6.18408 5.77914Z" fill="#EB0203"></path>
                    <path fill-rule="evenodd" clip-rule="evenodd" d="M6.18408 11.9034C6.18408 11.5865 6.44363 11.3296 6.7638 11.3296H12.3678C12.6879 11.3296 12.9475 11.5865 12.9475 11.9034C12.9475 12.2202 12.6879 12.4771 12.3678 12.4771H6.7638C6.44363 12.4771 6.18408 12.2202 6.18408 11.9034Z" fill="#EB0203"></path>
                    <path fill-rule="evenodd" clip-rule="evenodd" d="M6.18408 8.84116C6.18408 8.52424 6.44363 8.26733 6.7638 8.26733H12.3678C12.6879 8.26733 12.9475 8.52424 12.9475 8.84116C12.9475 9.15807 12.6879 9.41498 12.3678 9.41498H6.7638C6.44363 9.41498 6.18408 9.15807 6.18408 8.84116Z" fill="#EB0203"></path>
                    <path fill-rule="evenodd" clip-rule="evenodd" d="M6.18408 14.9655C6.18408 14.6486 6.44363 14.3917 6.7638 14.3917H10.1455C10.4657 14.3917 10.7252 14.6486 10.7252 14.9655C10.7252 15.2825 10.4657 15.5394 10.1455 15.5394H6.7638C6.44363 15.5394 6.18408 15.2825 6.18408 14.9655Z" fill="#EB0203"></path>
                    <path fill-rule="evenodd" clip-rule="evenodd" d="M3.67139 5.77914C3.67139 5.46223 3.93094 5.20532 4.25111 5.20532H4.63759C4.95776 5.20532 5.21731 5.46223 5.21731 5.77914C5.21731 6.09606 4.95776 6.35297 4.63759 6.35297H4.25111C3.93094 6.35297 3.67139 6.09606 3.67139 5.77914Z" fill="#EB0203"></path>
                    <path fill-rule="evenodd" clip-rule="evenodd" d="M3.67139 11.9034C3.67139 11.5865 3.93094 11.3296 4.25111 11.3296H4.63759C4.95776 11.3296 5.21731 11.5865 5.21731 11.9034C5.21731 12.2202 4.95776 12.4771 4.63759 12.4771H4.25111C3.93094 12.4771 3.67139 12.2202 3.67139 11.9034Z" fill="#EB0203"></path>
                    <path fill-rule="evenodd" clip-rule="evenodd" d="M3.67139 8.84116C3.67139 8.52424 3.93094 8.26733 4.25111 8.26733H4.63759C4.95776 8.26733 5.21731 8.52424 5.21731 8.84116C5.21731 9.15807 4.95776 9.41498 4.63759 9.41498H4.25111C3.93094 9.41498 3.67139 9.15807 3.67139 8.84116Z" fill="#EB0203"></path>
                    <path fill-rule="evenodd" clip-rule="evenodd" d="M3.67139 14.9655C3.67139 14.6486 3.93094 14.3917 4.25111 14.3917H4.63759C4.95776 14.3917 5.21731 14.6486 5.21731 14.9655C5.21731 15.2825 4.95776 15.5394 4.63759 15.5394H4.25111C3.93094 15.5394 3.67139 15.2825 3.67139 14.9655Z" fill="#EB0203"></path>
                    <path fill-rule="evenodd" clip-rule="evenodd" d="M0 1.76033C0 0.914738 0.692131 0.229248 1.54592 0.229248H15.0727C15.9265 0.229248 16.6186 0.914738 16.6186 1.76033V11.2818C16.6186 11.5989 16.3591 11.8559 16.0389 11.8559C15.7187 11.8559 15.4592 11.5989 15.4592 11.2818V1.76033C15.4592 1.54893 15.2862 1.37756 15.0727 1.37756H1.54592C1.33247 1.37756 1.15944 1.54893 1.15944 1.76033V18.985C1.15944 19.1964 1.33247 19.3678 1.54592 19.3678H9.27551C9.59568 19.3678 9.85523 19.6249 9.85523 19.942C9.85523 20.2591 9.59568 20.5161 9.27551 20.5161H1.54592C0.692131 20.5161 0 19.8306 0 18.985V1.76033Z" fill="#EB0203"></path>
                    <path fill-rule="evenodd" clip-rule="evenodd" d="M14.6254 13.8718C13.4921 12.8567 11.7821 12.7615 10.6574 13.7147C9.12472 15.0124 9.34891 17.128 10.4413 18.2493L14.0161 21.9126C14.2199 22.1217 14.493 22.2386 14.7824 22.2386C15.0739 22.2386 15.3449 22.1238 15.5487 21.9147L19.1235 18.2514C20.2139 17.13 20.4422 15.0144 18.9075 13.7147C17.7827 12.7634 16.0726 12.8569 14.9392 13.872C14.8856 13.92 14.8333 13.9701 14.7824 14.0222C14.7314 13.97 14.6791 13.9199 14.6254 13.8718ZM18.1546 14.588C19.0972 15.3869 18.9961 16.7262 18.2891 17.4541C18.2888 17.4543 18.2886 17.4546 18.2884 17.4548L14.7834 21.0466L11.2757 17.452C11.2756 17.4519 11.2755 17.4517 11.2753 17.4516C10.5681 16.7252 10.4682 15.3856 11.4108 14.5876L11.4112 14.5872C12.0748 14.0248 13.202 14.0556 13.949 14.8205L14.7824 15.674L15.6158 14.8205C16.3618 14.0567 17.4896 14.0256 18.1545 14.5879" fill="#EB0203"></path>
                    </svg>
                    </button>
                    </div>
                    </div>
                    <p class="ct-tile--brand">Milhafre</p>
                    <p class="ct-tile--quantity">emb. 250 gr</p>
                    </div>
                    <div class="ct-tile-bottom row no-gutters justify-content-between">
                    <div class="ct-price-wrap col-8 col-sm-12">
                    <div class="price js-product-price">
                    <div class="prices-wrapper">
                    <span class="sales ct-tile--price-primary ">
                     <span class="value" content="2.29">
                    <span class="ct-price-formatted">
                    €2,29
                    </span>
                    <span class="ct-m-unit">
                    /un
                    </span>
                    </span>
                    </span>
                    </div>
                    <div class="ct-tile--price-secondary">
                    <span class="ct-price-value">
                    €9,16
                    </span>
                    <span class="ct-m-unit">
                    /kg
                    </span>
                    </div>
                    </div>
                    </div>
                    <div class="ct-tile-buy-section d-flex justify-content-center no-gutters col-auto col-sm-12">
                    <div class="col-2 d-sm-flex d-none">
                    <button class="wishlist-toggler guest-mode inactive button button--tertiary" data-pid="2228159" data-add-url="https://www.continente.pt/on/demandware.store/Sites-continente-Site/default/Wishlist-AddProduct?pid=2228159" data-toggle="tooltip" aria-label="Adicionar aos favoritos " data-original-title="Adicionar aos favoritos" data-placement="top">
                    <svg class="active-content" width="100%" height="100%" viewBox="0 0 20 22" fill="none" xmlns="http://www.w3.org/2000/svg">
                    <path fill-rule="evenodd" clip-rule="evenodd" d="M0 1.53052C0 0.685236 0.692171 0 1.54601 0H15.0736C15.9274 0 16.6196 0.685235 16.6196 1.53052V13.4064L15.8127 13.922L14.2658 14.2658L12.7189 13.4064L10.6054 14.3818C10.4994 14.2451 10.3327 14.157 10.1452 14.157H6.76329C6.4431 14.157 6.18354 14.414 6.18354 14.731C6.18354 15.0479 6.4431 15.3049 6.76329 15.3049H10.1452C10.2478 15.3049 10.3441 15.2785 10.4277 15.2322L10.3126 16.8439L13.2345 20.2793H1.54601C0.69217 20.2793 0 19.5941 0 18.7488V1.53052ZM6.18354 5.5483C6.18354 5.23132 6.4431 4.97436 6.76329 4.97436H12.3676C12.6878 4.97436 12.9473 5.23132 12.9473 5.5483C12.9473 5.86528 12.6878 6.12224 12.3676 6.12224H6.76329C6.4431 6.12224 6.18354 5.86528 6.18354 5.5483ZM6.76329 11.0961C6.4431 11.0961 6.18354 11.3531 6.18354 11.6701C6.18354 11.987 6.4431 12.244 6.76329 12.244H12.3676C12.6878 12.244 12.9473 11.987 12.9473 11.6701C12.9473 11.3531 12.6878 11.0961 12.3676 11.0961H6.76329ZM6.18354 8.60985C6.18354 8.29287 6.4431 8.03591 6.76329 8.03591H12.3676C12.6878 8.03591 12.9473 8.29287 12.9473 8.60985C12.9473 8.92684 12.6878 9.1838 12.3676 9.1838H6.76329C6.4431 9.1838 6.18354 8.92684 6.18354 8.60985ZM3.67118 5.5483C3.67118 5.23132 3.93075 4.97436 4.25093 4.97436H4.63743C4.95762 4.97436 5.21719 5.23132 5.21719 5.5483C5.21719 5.86528 4.95762 6.12224 4.63743 6.12224H4.25093C3.93075 6.12224 3.67118 5.86528 3.67118 5.5483ZM4.25093 11.0961C3.93075 11.0961 3.67118 11.3531 3.67118 11.6701C3.67118 11.987 3.93075 12.244 4.25093 12.244H4.63743C4.95762 12.244 5.21719 11.987 5.21719 11.6701C5.21719 11.3531 4.95762 11.0961 4.63743 11.0961H4.25093ZM3.67118 8.60985C3.67118 8.29287 3.93075 8.03591 4.25093 8.03591H4.63743C4.95762 8.03591 5.21719 8.29287 5.21719 8.60985C5.21719 8.92684 4.95762 9.1838 4.63743 9.1838H4.25093C3.93075 9.1838 3.67118 8.92684 3.67118 8.60985ZM4.25093 14.157C3.93075 14.157 3.67118 14.414 3.67118 14.731C3.67118 15.0479 3.93075 15.3049 4.25093 15.3049H4.63743C4.95762 15.3049 5.21719 15.0479 5.21719 14.731C5.21719 14.414 4.95762 14.157 4.63743 14.157H4.25093Z" fill="#EB0203"></path>
                    <path fill-rule="evenodd" clip-rule="evenodd" d="M14.6252 13.6363C13.4918 12.6215 11.7817 12.5264 10.6569 13.4792C9.12421 14.7764 9.34841 16.8912 10.4409 18.0122L14.0159 21.6742C14.2197 21.8832 14.4928 22 14.7822 22C15.0737 22 15.3448 21.8852 15.5486 21.6762L19.1236 18.0142C20.214 16.8933 20.4423 14.7785 18.9075 13.4792C17.7827 12.5283 16.0724 12.6217 14.9391 13.6365C14.8855 13.6845 14.8331 13.7345 14.7822 13.7866C14.7313 13.7345 14.6789 13.6843 14.6252 13.6363ZM18.1546 14.3522C19.0973 15.1508 18.9962 16.4896 18.2891 17.2173C18.2888 17.2175 18.2886 17.2177 18.2884 17.218L14.7832 20.8084L11.2753 17.2151C11.2752 17.215 11.2751 17.2149 11.2749 17.2148C10.5677 16.4887 10.4678 15.1495 11.4104 14.3518L11.4108 14.3514C12.0745 13.7892 13.2018 13.82 13.9488 14.5846L14.7822 15.4378L15.6157 14.5846C16.3617 13.8211 17.4896 13.79 18.1545 14.3521" fill="#EB0203"></path>
                    </svg>
                    <svg class="inactive-content" width="100%" height="100%" viewBox="0 0 20 23" fill="none" xmlns="http://www.w3.org/2000/svg">
                    <path fill-rule="evenodd" clip-rule="evenodd" d="M6.18408 5.77914C6.18408 5.46223 6.44363 5.20532 6.7638 5.20532H12.3678C12.6879 5.20532 12.9475 5.46223 12.9475 5.77914C12.9475 6.09606 12.6879 6.35297 12.3678 6.35297H6.7638C6.44363 6.35297 6.18408 6.09606 6.18408 5.77914Z" fill="#EB0203"></path>
                    <path fill-rule="evenodd" clip-rule="evenodd" d="M6.18408 11.9034C6.18408 11.5865 6.44363 11.3296 6.7638 11.3296H12.3678C12.6879 11.3296 12.9475 11.5865 12.9475 11.9034C12.9475 12.2202 12.6879 12.4771 12.3678 12.4771H6.7638C6.44363 12.4771 6.18408 12.2202 6.18408 11.9034Z" fill="#EB0203"></path>
                    <path fill-rule="evenodd" clip-rule="evenodd" d="M6.18408 8.84116C6.18408 8.52424 6.44363 8.26733 6.7638 8.26733H12.3678C12.6879 8.26733 12.9475 8.52424 12.9475 8.84116C12.9475 9.15807 12.6879 9.41498 12.3678 9.41498H6.7638C6.44363 9.41498 6.18408 9.15807 6.18408 8.84116Z" fill="#EB0203"></path>
                    <path fill-rule="evenodd" clip-rule="evenodd" d="M6.18408 14.9655C6.18408 14.6486 6.44363 14.3917 6.7638 14.3917H10.1455C10.4657 14.3917 10.7252 14.6486 10.7252 14.9655C10.7252 15.2825 10.4657 15.5394 10.1455 15.5394H6.7638C6.44363 15.5394 6.18408 15.2825 6.18408 14.9655Z" fill="#EB0203"></path>
                    <path fill-rule="evenodd" clip-rule="evenodd" d="M3.67139 5.77914C3.67139 5.46223 3.93094 5.20532 4.25111 5.20532H4.63759C4.95776 5.20532 5.21731 5.46223 5.21731 5.77914C5.21731 6.09606 4.95776 6.35297 4.63759 6.35297H4.25111C3.93094 6.35297 3.67139 6.09606 3.67139 5.77914Z" fill="#EB0203"></path>
                    <path fill-rule="evenodd" clip-rule="evenodd" d="M3.67139 11.9034C3.67139 11.5865 3.93094 11.3296 4.25111 11.3296H4.63759C4.95776 11.3296 5.21731 11.5865 5.21731 11.9034C5.21731 12.2202 4.95776 12.4771 4.63759 12.4771H4.25111C3.93094 12.4771 3.67139 12.2202 3.67139 11.9034Z" fill="#EB0203"></path>
                    <path fill-rule="evenodd" clip-rule="evenodd" d="M3.67139 8.84116C3.67139 8.52424 3.93094 8.26733 4.25111 8.26733H4.63759C4.95776 8.26733 5.21731 8.52424 5.21731 8.84116C5.21731 9.15807 4.95776 9.41498 4.63759 9.41498H4.25111C3.93094 9.41498 3.67139 9.15807 3.67139 8.84116Z" fill="#EB0203"></path>
                    <path fill-rule="evenodd" clip-rule="evenodd" d="M3.67139 14.9655C3.67139 14.6486 3.93094 14.3917 4.25111 14.3917H4.63759C4.95776 14.3917 5.21731 14.6486 5.21731 14.9655C5.21731 15.2825 4.95776 15.5394 4.63759 15.5394H4.25111C3.93094 15.5394 3.67139 15.2825 3.67139 14.9655Z" fill="#EB0203"></path>
                    <path fill-rule="evenodd" clip-rule="evenodd" d="M0 1.76033C0 0.914738 0.692131 0.229248 1.54592 0.229248H15.0727C15.9265 0.229248 16.6186 0.914738 16.6186 1.76033V11.2818C16.6186 11.5989 16.3591 11.8559 16.0389 11.8559C15.7187 11.8559 15.4592 11.5989 15.4592 11.2818V1.76033C15.4592 1.54893 15.2862 1.37756 15.0727 1.37756H1.54592C1.33247 1.37756 1.15944 1.54893 1.15944 1.76033V18.985C1.15944 19.1964 1.33247 19.3678 1.54592 19.3678H9.27551C9.59568 19.3678 9.85523 19.6249 9.85523 19.942C9.85523 20.2591 9.59568 20.5161 9.27551 20.5161H1.54592C0.692131 20.5161 0 19.8306 0 18.985V1.76033Z" fill="#EB0203"></path>
                    <path fill-rule="evenodd" clip-rule="evenodd" d="M14.6254 13.8718C13.4921 12.8567 11.7821 12.7615 10.6574 13.7147C9.12472 15.0124 9.34891 17.128 10.4413 18.2493L14.0161 21.9126C14.2199 22.1217 14.493 22.2386 14.7824 22.2386C15.0739 22.2386 15.3449 22.1238 15.5487 21.9147L19.1235 18.2514C20.2139 17.13 20.4422 15.0144 18.9075 13.7147C17.7827 12.7634 16.0726 12.8569 14.9392 13.872C14.8856 13.92 14.8333 13.9701 14.7824 14.0222C14.7314 13.97 14.6791 13.9199 14.6254 13.8718ZM18.1546 14.588C19.0972 15.3869 18.9961 16.7262 18.2891 17.4541C18.2888 17.4543 18.2886 17.4546 18.2884 17.4548L14.7834 21.0466L11.2757 17.452C11.2756 17.4519 11.2755 17.4517 11.2753 17.4516C10.5681 16.7252 10.4682 15.3856 11.4108 14.5876L11.4112 14.5872C12.0748 14.0248 13.202 14.0556 13.949 14.8205L14.7824 15.674L15.6158 14.8205C16.3618 14.0567 17.4896 14.0256 18.1545 14.5879" fill="#EB0203"></path>
                    </svg>
                    </button>
                    </div>
                    <div class="col-sm-10 col-12">
                    <div class="ct-tile-quantity d-none" data-pid="2228159">
                    <input type="hidden" class="add-to-cart-url" value="https://www.continente.pt/on/demandware.store/Sites-continente-Site/default/Cart-AddProduct">
                    <div class="d-none tile-delete-confirmation-btn" data-pid="2228159" data-delay-time="3000" data-in-cart-msg="no carrinho" data-one-product-added="Adicionado ao carrinho" data-remove-from-cart-msg="Removido do carrinho" data-stay-open="6000.0" data-confirmation-image="{&quot;url&quot;:&quot;https://www.continente.pt/dw/image/v2/BDVS_PRD/on/demandware.static/-/Sites-col-master-catalog/default/dw64ccce4e/images/col/222/2228159-cima.jpg?sw=87&amp;sh=80&quot;,&quot;fallbackimage&quot;:{&quot;url&quot;:&quot;https://www.continente.pt/dw/image/v2/BDVS_PRD/on/demandware.static/Sites-continente-Site/-/default/dw7c42b4da/images/noimagelarge_product.png?sw=87&amp;sh=80&quot;,&quot;title&quot;:&quot;Manteiga com Sal&quot;,&quot;alt&quot;:&quot;Manteiga com Sal&quot;},&quot;title&quot;:&quot;Manteiga com Sal&quot;,&quot;alt&quot;:&quot;Manteiga com Sal&quot;}"></div>
                    <div class="ct-tile-quantity-update quantity-update product-qty-vue" data-remove-action="https://www.continente.pt/on/demandware.store/Sites-continente-Site/default/Cart-RemoveProductLineItem" data-action="https://www.continente.pt/on/demandware.store/Sites-continente-Site/default/Cart-UpdateQuantity" data-dimension-update="https://www.continente.pt/on/demandware.store/Sites-continente-Site/default/Cart-DimensionUpdate" data-pid="2228159" data-uuid="9e3a30fa03effadd7fd255ebf7" data-add-delay="500.0" data-measure-options="{&quot;hasConversionRate&quot;:false,&quot;hasAlternativeSaleUnit&quot;:false,&quot;unitConversionRate&quot;:0,&quot;minOrderQuantity&quot;:1,&quot;stepQuantity&quot;:1,&quot;primaryunit&quot;:&quot;un&quot;,&quot;secondaryunit&quot;:&quot;kg&quot;,&quot;selectedunit&quot;:&quot;primary&quot;,&quot;maxNumberOfUnitsPerSale&quot;:50}" data-price-available="null" :data-has-error="isMaxQtyReached || isMinQtyReached || qtySelectedMoreThanOne">
                    <template v-show="prodUnits">
                    <div class="quantity-input-wrapper has-units">
                    <label class="visually-hidden" :for="'quantity-' + pid + additionalTag">
                    Quantidade no carrinho
                    </label>
                    <input :ref="'quantityInput-' + pid + additionalTag" class="add-to-cart-quantity form-control ct-form-input text-center" inputmode="numeric" :class="{'is-invalid': isInvalid}" :data-pid="pid + additionalTag" :name="'quantity-' + pid + additionalTag" type="text" aria-label="Insira a quantidade" title="" v-model="displayValue" @change="updateQuantity" @focus="updateQtyFormat" @blur="restoreQtyFormat" :disabled="!isPriceAvailable">
                    <span class="quantity-icon quantity-icon--minus">
                    <button class="decrease-quantity-btn" @click="updateQuantity" :disabled="!isPriceAvailable" role="button" aria-label="Reduzir quantidade">
                    <i class="css-math-minus"></i>
                    </button>
                    </span>
                    <span class="quantity-icon quantity-icon--plus">
                    <button class="increase-quantity-btn" @click="updateQuantity" :disabled="isMaxQtyReached || !isPriceAvailable" role="button" aria-label="Aumentar quantidade">
                    <i class="css-math-plus"></i>
                    </button>
                    <span class="quantity-btn-disabled-placeholder"></span>
                    </span>
                    <template v-if="isPDP">
                    <span class="quantity-error ct-span-error text-sm-center product-max-allocation" v-if="isMaxQtyReached">
                    Quantidade máxima atingida
                    </span>
                    <span class="quantity-error ct-span-product text-sm-center product-allocation" v-if="!isMinQtyReached &amp;&amp; !isMaxQtyReached">
                    {{quantitySelected}} no carrinho
                    </span>
                    <span class="quantity-error ct-span-error text-sm-center product-min-allocation" :data-pid="pid" v-if="isMinQtyReached &amp;&amp; !isMaxQtyReached">
                    Quantidade mínima atingida
                    </span>
                    </template>
                    </div>
                    <template v-if="showNotes">
                    <div class="add-note-link-container ">
                    <div class="add-note">
                    <a href="/produto/manteiga-com-sal-milhafre-2228159.html?showNote=true" class="ct-add-note-redirect-pdp" aria-label="Adicionar comentário">
                    <span class="svg-wrapper svg-icon-notes" style="width:19px; height:20px">
                    <svg class="svg-inline icon-notes" viewBox="0 0 28 30" xmlns="http://www.w3.org/2000/svg" width="100%" height="100%"><path d="M21.738 0C22.985 0 24 1.04 24 2.319V12.47c0 .469-.37.848-.828.848-.457 0-.827-.38-.827-.848V2.32c0-.343-.273-.622-.607-.622H2.262c-.334 0-.607.279-.607.622V27.68c0 .343.273.622.607.622h7.81c.457 0 .827.38.827.849 0 .468-.37.848-.827.848h-7.81C1.015 30 0 28.96 0 27.681V2.32C0 1.04 1.015 0 2.262 0h19.476zm2.844 16.004l.227.007c.823.053 1.589.39 2.176.964.64.627.993 1.46.993 2.349 0 .888-.353 1.722-.993 2.348l-6.83 6.665c-.11.108-.247.186-.397.226l-5.032 1.363c-.078.021-.16.032-.241.032-.242 0-.478-.097-.647-.266-.23-.231-.314-.566-.218-.874l1.49-4.798c.044-.139.122-.266.227-.369l6.844-6.677c.64-.625 1.493-.97 2.401-.97zm-2.886 3.94l-4.922 4.802-.947 3.048 3.22-.872 4.897-4.78-2.248-2.197zm2.887-2.174c-.425 0-.824.162-1.124.455l-.484.472 2.248 2.197.484-.472c.62-.606.62-1.591 0-2.197l-.117-.104c-.283-.227-.636-.35-1.007-.35zm-10.839.022c.498 0 .904.396.904.883 0 .488-.406.884-.904.884H5.946c-.499 0-.904-.396-.904-.884 0-.487.405-.883.904-.883zm5.042-4.876c.498 0 .904.397.904.884s-.406.884-.904.884H5.946c-.499 0-.904-.397-.904-.884s.405-.884.904-.884zm0-4.875c.498 0 .904.396.904.884 0 .487-.406.883-.904.883H5.946c-.499 0-.904-.396-.904-.883 0-.488.405-.884.904-.884z" fill="#EB0203" fill-rule="evenodd"></path></svg>
                    </span>
                    <div class="available-note d-none"></div>
                    </a>
                    </div>
                    </div>
                    </template>
                    <div class="measurement-unit-section" v-if="isPriceAvailable &amp;&amp; prodUnits ? prodUnits.hasAlternativeUnit : false">
                    <div class="ct-form-radio" @click="setDimension">
                    <input type="radio" title="" class="ct-form-check-input product-measurement-unit" :data-type="prodUnits.selectedUnit == prodUnits.secondaryUnit ? 'primary' : ''" :id="prodUnits.secondaryUnit + '-' + pid + '-measurement-unit-ptile' + additionalTag" :name="'measurement-unit-' + pid + '-ptile' + additionalTag" :value="prodUnits.secondaryUnit" v-model="prodUnits.selectedUnit">
                    <label :class="prodUnits.secondaryUnit + '-label ct-form-check-label mb-0'" :for="prodUnits.secondaryUnit + '-' + pid + '-measurement-unit-ptile' + additionalTag">
                    {{prodUnits.secondaryUnit}}
                    </label>
                    <span class="checkmark"></span>
                    </div>
                    <div class="ct-form-radio" @click="setDimension">
                    <input type="radio" title="" class="ct-form-check-input product-measurement-unit" :data-type="prodUnits.selectedUnit == prodUnits.primaryUnit ? 'primary' : ''" :id="prodUnits.primaryUnit + '-' + pid + '-measurement-unit-ptile' + additionalTag" :name="'measurement-unit-' + pid + '-ptile' + additionalTag" :value="prodUnits.primaryUnit" v-model="prodUnits.selectedUnit">
                    <label :class="prodUnits.primaryUnit + '-label ct-form-check-label mb-0'" :for="prodUnits.primaryUnit + '-' + pid + '-measurement-unit-ptile' + additionalTag">
                    {{prodUnits.primaryUnit}}
                    </label>
                    <span class="checkmark"></span>
                    </div>
                    </div>
                    <template v-if="!isPDP &amp;&amp; isPriceAvailable">
                    <span class="quantity-error ct-span-error product-max-allocation" v-if="isMaxQtyReached">
                    Quantidade máxima atingida
                    </span>
                    <span class="quantity-error ct-span-product product-allocation" v-if="!isMinQtyReached &amp;&amp; !isMaxQtyReached">
                    {{quantitySelected}} no carrinho
                    </span>
                    <span class="quantity-error ct-span-error product-min-allocation" :data-pid="pid" v-if="isMinQtyReached &amp;&amp; !isMaxQtyReached">
                    Quantidade mínima atingida
                    </span>
                    </template>
                    </template>
                    </div>
                    <input class="quantity-value-mask d-none" name="quantity" type="number" min="0" value="">
                    </div>
                    <button type="button" class="add-to-cart button js-add-to-cart js-add-to-cart-tile 2228159 button--primary dynamic-layout-btn" data-toggle="modal" data-target="#chooseBonusProductModal" data-pid="2228159" data-quantity-value="null" aria-label="Carrinho">
                    <span class="d-block d-sm-none">
                    <span class="svg-wrapper svg-icon-cart" style="width:20px; height:20px">
                    <svg class="svg-inline icon-cart" xmlns="http://www.w3.org/2000/svg" viewBox="0 0 500 500" width="100%" height="100%"><path fill="#EB0203" fill-rule="evenodd" d="M 485.67317,94.386311 C 476.37798,83.847129 463.09468,78.03348 448.30404,78.03348 H 90.690813 L 87.079511,51.327997 C 83.185582,22.539551 62.962285,0 41.011841,0 H 14.727836 C 6.563151,0 0,6.5286975 0,14.580758 c 0,8.05206 6.5945535,14.580758 14.727836,14.580758 h 26.284005 c 4.710398,0 14.696435,9.855222 16.894619,26.021523 L 100.01739,368.0631 c 1.88416,13.77244 9.01256,26.70549 20.1605,36.37417 8.25889,7.15046 18.02511,11.9071 28.26237,13.89679 -4.17655,7.58572 -6.53175,16.25957 -6.53175,25.493 0,29.53459 24.27424,53.59751 54.13815,53.59751 29.8325,0 54.13814,-24.03184 54.13814,-53.59751 0,-8.79818 -2.19818,-17.09897 -5.9979,-24.43598 h 77.12488 c -3.79973,7.33701 -5.96652,15.6378 -5.96652,24.43598 0,29.53459 24.27424,53.59751 54.13817,53.59751 29.83249,0 54.13814,-24.03184 54.13814,-53.59751 0,-8.79818 -2.1982,-17.09897 -5.9979,-24.43598 h 38.56243 c 8.13328,0 14.72783,-6.5287 14.72783,-14.61183 0,-8.02098 -6.59455,-14.54967 -14.72783,-14.54967 H 159.24277 c -14.38241,0 -28.13677,-11.90711 -30.02092,-26.02153 l -3.07746,-22.88154 h 290.6314 c 14.03698,0 27.94834,-5.28513 39.06488,-14.95381 11.11652,-9.6376 18.27632,-22.57065 20.16048,-36.37417 l 21.10259,-156.78201 c 1.94694,-14.51858 -2.10398,-28.29103 -11.43057,-38.861299 z M 220.76053,443.82706 c 0,13.49265 -11.08513,24.46709 -24.68247,24.46709 -13.62874,0 -24.71387,-10.97444 -24.71387,-24.46709 0,-13.49262 11.08513,-24.43598 24.71387,-24.43598 13.59734,0 24.68247,10.94336 24.68247,24.43598 z m 173.43675,0 c 0,13.49265 -11.08512,24.46709 -24.68245,24.46709 -13.62876,0 -24.71388,-10.97444 -24.71388,-24.46709 0,-13.49262 11.08512,-24.43598 24.71388,-24.43598 13.59733,0 24.68245,10.94336 24.68245,24.43598 z m 73.7648,-314.46558 -21.13397,156.782 c -1.88416,14.11442 -15.63851,26.05261 -30.02091,26.05261 H 122.25046 L 94.616142,107.19499 H 448.33544 c 6.18632,0 11.61896,2.2695 15.23028,6.37326 3.64269,4.13484 5.21283,9.73086 4.39636,15.79323 z"></path></svg>
                    </span>
                    </span>
                    <span class="add-to-cart--text d-none d-sm-block">Carrinho</span>
                    </button>
                    </div>
                    </div>
                    </div>
                    </div>
                    
                    <div class="col-12 d-sm-none">
                    </div>
                    </div>
                    </div>
                    </div>
                    </div>
                    <div class="col-12 col-sm-3 col-lg-2 productTile" data-idx="14">
                    
                    <script type="text/javascript">//<!--
                    /* <![CDATA[ */
                    (function(){
                    try {
                        if(window.CQuotient) {
                        var cq_params = {};
                        
                        cq_params.cookieId = window.CQuotient.getCQCookieId();
                        cq_params.userId = window.CQuotient.getCQUserId();
                        cq_params.emailId = CQuotient.getCQHashedEmail();
                        cq_params.loginId = CQuotient.getCQHashedLogin();
                        cq_params.accumulate = true;
                        cq_params.products = [{
                            id: '6879889',
                            sku: ''
                        }];
                        cq_params.categoryId = 'laticinios';
                        cq_params.refinements = '[{\"name\":\"priceMin\",\"value\":\"0.01\"},{\"name\":\"priceMax\",\"value\":\"null\"},{\"name\":\"curr\",\"value\":\"EUR\"},{\"name\":\"Category\",\"value\":\"laticinios\"}]';
                        cq_params.personalized = 'false';
                        cq_params.sortingRule = 'FOOD-Laticinios';
                        cq_params.imageUUID = '__UNDEFINED__';
                        cq_params.realm = "BDVS";
                        cq_params.siteId = "continente";
                        cq_params.instanceType = "prd";
                        cq_params.queryLocale = "default";
                        cq_params.locale = window.CQuotient.locale;
                        
                        if(window.CQuotient.sendActivity)
                            window.CQuotient.sendActivity(CQuotient.clientId, 'viewCategory', cq_params);
                        else
                            window.CQuotient.activities.push({
                                activityType: 'viewCategory',
                                parameters: cq_params
                            });
                      }
                    } catch(err) {}
                    })();
                    /* ]]> */
                    // -->
                    </script>
                    <script type="text/javascript">//<!--
                    /* <![CDATA[ (viewCategoryProduct-active_data.js) */
                    (function(){
                    try {
                        if (dw.ac) {
                            var search_params = {};
                            search_params.persd = 'false';
                            search_params.refs = '[{\"name\":\"priceMin\",\"value\":\"0.01\"},{\"name\":\"priceMax\",\"value\":\"null\"},{\"name\":\"curr\",\"value\":\"EUR\"},{\"name\":\"Category\",\"value\":\"laticinios\"}]';
                            search_params.sort = 'FOOD-Laticinios';
                            search_params.imageUUID = '';
                            search_params.searchID = 'ff60679a-0a42-4d90-af85-afdcdfaee427';
                            search_params.locale = 'default';
                            search_params.queryLocale = 'default';
                            search_params.showProducts = 'true';
                            dw.ac.applyContext({category: "laticinios", searchData: search_params});
                            if (typeof dw.ac._scheduleDataSubmission === "function") {
                                dw.ac._scheduleDataSubmission();
                            }
                        }
                    } catch(err) {}
                    })();
                    /* ]]> */
                    // -->
                    </script>
                    <script type="text/javascript">//<!--
                    /* <![CDATA[ (viewProduct-active_data.js) */
                    dw.ac._capture({id: "6879889", type: "searchhit"});
                    /* ]]> */
                    // -->
                    </script>
                    <div class="product" data-pid="6879889">
                    <div class="product-tile pid-6879889 ct-product-tile data-layer-pushed" data-delay-time="3000" data-variants-mapping="[]" data-in-cart-msg="no carrinho" data-one-product-added="Adicionado ao carrinho" data-remove-from-cart-msg="Removido do carrinho" data-stay-open="6000.0" data-product-tile-impression="{&quot;name&quot;:&quot;6879889&quot;,&quot;id&quot;:&quot;6879889&quot;,&quot;price&quot;:0.78,&quot;brand&quot;:&quot;Continente Equilíbrio&quot;,&quot;category&quot;:[{&quot;category_level_1&quot;:&quot;Laticínios e Ovos&quot;},{&quot;category_level_2&quot;:&quot;Leite&quot;},{&quot;category_level_3&quot;:&quot;Leite Magro&quot;}],&quot;variant&quot;:&quot;&quot;}">
                    <div class="ct-inner-tile-wrap row no-gutters justify-content-center align-content-start">
                    
                    <div class="ct-image-container col-4 col-sm" data-confirmation-image="{&quot;url&quot;:&quot;https://www.continente.pt/dw/image/v2/BDVS_PRD/on/demandware.static/-/Sites-col-master-catalog/default/dw6a5d60b5/images/col/687/6879889-hero.jpg?sw=87&amp;sh=80&quot;,&quot;fallbackimage&quot;:{&quot;url&quot;:&quot;https://www.continente.pt/dw/image/v2/BDVS_PRD/on/demandware.static/Sites-continente-Site/-/default/dw7c42b4da/images/noimagelarge_product.png?sw=87&amp;sh=80&quot;,&quot;title&quot;:&quot;Leite UHT Magro&quot;,&quot;alt&quot;:&quot;Leite UHT Magro&quot;},&quot;title&quot;:&quot;Leite UHT Magro&quot;,&quot;alt&quot;:&quot;Leite UHT Magro&quot;}">
                    <a href="https://www.continente.pt/produto/leite-uht-magro-continente-equilibrio-6879889.html?cgid=laticinios">
                    <picture class="intrinsic intrinsic--square">
                    <img class="ct-tile-image lazyloaded" loading="lazy" onerror="this.onerror=null;this.src='/on/demandware.static/Sites-continente-Site/-/default/dw7c42b4da/images/noimagelarge_product.png';" data-src="https://www.continente.pt/dw/image/v2/BDVS_PRD/on/demandware.static/-/Sites-col-master-catalog/default/dw6a5d60b5/images/col/687/6879889-hero.jpg?sw=280&amp;sh=280" alt="Leite UHT Magro" title="Leite UHT Magro" src="https://www.continente.pt/dw/image/v2/BDVS_PRD/on/demandware.static/-/Sites-col-master-catalog/default/dw6a5d60b5/images/col/687/6879889-hero.jpg?sw=280&amp;sh=280">
                    </picture>
                    </a>
                    <div class=" ct-product-tile-badge ct-product-tile-badge--general">
                    <img class="img-fluid ct-tooltip-trigger lazyloaded" loading="lazy" data-src="https://www.continente.pt/dw/image/v2/BDVS_PRD/on/demandware.static/-/Sites-continente-Library/default/dw62d4c957/images/badges/general/col/madein.png?sw=25&amp;sh=25" alt="Crachá do produto" title="" data-toggle="tooltip" data-placement="right" data-original-title="Produzido em Portugal" src="https://www.continente.pt/dw/image/v2/BDVS_PRD/on/demandware.static/-/Sites-continente-Library/default/dw62d4c957/images/badges/general/col/madein.png?sw=25&amp;sh=25">
                    </div>
                    
                    <div class="color-swatches d-flex" style="margin-left: 5px;">
                    <div class="swatches d-flex">
                    </div>
                    </div>
                    </div>
                    <div class="ct-tile-body col col-sm-auto ">
                    <div class="ct-pdp-details">
                    <div class="ct-pdp-link">
                    <a class="ct-tile--description" href="https://www.continente.pt/produto/leite-uht-magro-continente-equilibrio-6879889.html?cgid=laticinios">Leite UHT Magro</a>
                    <div class="ct-tile--favorite-top d-sm-none">
                    <button class="wishlist-toggler guest-mode inactive button button--tertiary" data-pid="6879889" data-add-url="https://www.continente.pt/on/demandware.store/Sites-continente-Site/default/Wishlist-AddProduct?pid=6879889" data-toggle="tooltip" aria-label="Adicionar aos favoritos " data-original-title="Adicionar aos favoritos" data-placement="top">
                    <svg class="active-content" width="100%" height="100%" viewBox="0 0 20 22" fill="none" xmlns="http://www.w3.org/2000/svg">
                    <path fill-rule="evenodd" clip-rule="evenodd" d="M0 1.53052C0 0.685236 0.692171 0 1.54601 0H15.0736C15.9274 0 16.6196 0.685235 16.6196 1.53052V13.4064L15.8127 13.922L14.2658 14.2658L12.7189 13.4064L10.6054 14.3818C10.4994 14.2451 10.3327 14.157 10.1452 14.157H6.76329C6.4431 14.157 6.18354 14.414 6.18354 14.731C6.18354 15.0479 6.4431 15.3049 6.76329 15.3049H10.1452C10.2478 15.3049 10.3441 15.2785 10.4277 15.2322L10.3126 16.8439L13.2345 20.2793H1.54601C0.69217 20.2793 0 19.5941 0 18.7488V1.53052ZM6.18354 5.5483C6.18354 5.23132 6.4431 4.97436 6.76329 4.97436H12.3676C12.6878 4.97436 12.9473 5.23132 12.9473 5.5483C12.9473 5.86528 12.6878 6.12224 12.3676 6.12224H6.76329C6.4431 6.12224 6.18354 5.86528 6.18354 5.5483ZM6.76329 11.0961C6.4431 11.0961 6.18354 11.3531 6.18354 11.6701C6.18354 11.987 6.4431 12.244 6.76329 12.244H12.3676C12.6878 12.244 12.9473 11.987 12.9473 11.6701C12.9473 11.3531 12.6878 11.0961 12.3676 11.0961H6.76329ZM6.18354 8.60985C6.18354 8.29287 6.4431 8.03591 6.76329 8.03591H12.3676C12.6878 8.03591 12.9473 8.29287 12.9473 8.60985C12.9473 8.92684 12.6878 9.1838 12.3676 9.1838H6.76329C6.4431 9.1838 6.18354 8.92684 6.18354 8.60985ZM3.67118 5.5483C3.67118 5.23132 3.93075 4.97436 4.25093 4.97436H4.63743C4.95762 4.97436 5.21719 5.23132 5.21719 5.5483C5.21719 5.86528 4.95762 6.12224 4.63743 6.12224H4.25093C3.93075 6.12224 3.67118 5.86528 3.67118 5.5483ZM4.25093 11.0961C3.93075 11.0961 3.67118 11.3531 3.67118 11.6701C3.67118 11.987 3.93075 12.244 4.25093 12.244H4.63743C4.95762 12.244 5.21719 11.987 5.21719 11.6701C5.21719 11.3531 4.95762 11.0961 4.63743 11.0961H4.25093ZM3.67118 8.60985C3.67118 8.29287 3.93075 8.03591 4.25093 8.03591H4.63743C4.95762 8.03591 5.21719 8.29287 5.21719 8.60985C5.21719 8.92684 4.95762 9.1838 4.63743 9.1838H4.25093C3.93075 9.1838 3.67118 8.92684 3.67118 8.60985ZM4.25093 14.157C3.93075 14.157 3.67118 14.414 3.67118 14.731C3.67118 15.0479 3.93075 15.3049 4.25093 15.3049H4.63743C4.95762 15.3049 5.21719 15.0479 5.21719 14.731C5.21719 14.414 4.95762 14.157 4.63743 14.157H4.25093Z" fill="#EB0203"></path>
                    <path fill-rule="evenodd" clip-rule="evenodd" d="M14.6252 13.6363C13.4918 12.6215 11.7817 12.5264 10.6569 13.4792C9.12421 14.7764 9.34841 16.8912 10.4409 18.0122L14.0159 21.6742C14.2197 21.8832 14.4928 22 14.7822 22C15.0737 22 15.3448 21.8852 15.5486 21.6762L19.1236 18.0142C20.214 16.8933 20.4423 14.7785 18.9075 13.4792C17.7827 12.5283 16.0724 12.6217 14.9391 13.6365C14.8855 13.6845 14.8331 13.7345 14.7822 13.7866C14.7313 13.7345 14.6789 13.6843 14.6252 13.6363ZM18.1546 14.3522C19.0973 15.1508 18.9962 16.4896 18.2891 17.2173C18.2888 17.2175 18.2886 17.2177 18.2884 17.218L14.7832 20.8084L11.2753 17.2151C11.2752 17.215 11.2751 17.2149 11.2749 17.2148C10.5677 16.4887 10.4678 15.1495 11.4104 14.3518L11.4108 14.3514C12.0745 13.7892 13.2018 13.82 13.9488 14.5846L14.7822 15.4378L15.6157 14.5846C16.3617 13.8211 17.4896 13.79 18.1545 14.3521" fill="#EB0203"></path>
                    </svg>
                    <svg class="inactive-content" width="100%" height="100%" viewBox="0 0 20 23" fill="none" xmlns="http://www.w3.org/2000/svg">
                    <path fill-rule="evenodd" clip-rule="evenodd" d="M6.18408 5.77914C6.18408 5.46223 6.44363 5.20532 6.7638 5.20532H12.3678C12.6879 5.20532 12.9475 5.46223 12.9475 5.77914C12.9475 6.09606 12.6879 6.35297 12.3678 6.35297H6.7638C6.44363 6.35297 6.18408 6.09606 6.18408 5.77914Z" fill="#EB0203"></path>
                    <path fill-rule="evenodd" clip-rule="evenodd" d="M6.18408 11.9034C6.18408 11.5865 6.44363 11.3296 6.7638 11.3296H12.3678C12.6879 11.3296 12.9475 11.5865 12.9475 11.9034C12.9475 12.2202 12.6879 12.4771 12.3678 12.4771H6.7638C6.44363 12.4771 6.18408 12.2202 6.18408 11.9034Z" fill="#EB0203"></path>
                    <path fill-rule="evenodd" clip-rule="evenodd" d="M6.18408 8.84116C6.18408 8.52424 6.44363 8.26733 6.7638 8.26733H12.3678C12.6879 8.26733 12.9475 8.52424 12.9475 8.84116C12.9475 9.15807 12.6879 9.41498 12.3678 9.41498H6.7638C6.44363 9.41498 6.18408 9.15807 6.18408 8.84116Z" fill="#EB0203"></path>
                    <path fill-rule="evenodd" clip-rule="evenodd" d="M6.18408 14.9655C6.18408 14.6486 6.44363 14.3917 6.7638 14.3917H10.1455C10.4657 14.3917 10.7252 14.6486 10.7252 14.9655C10.7252 15.2825 10.4657 15.5394 10.1455 15.5394H6.7638C6.44363 15.5394 6.18408 15.2825 6.18408 14.9655Z" fill="#EB0203"></path>
                    <path fill-rule="evenodd" clip-rule="evenodd" d="M3.67139 5.77914C3.67139 5.46223 3.93094 5.20532 4.25111 5.20532H4.63759C4.95776 5.20532 5.21731 5.46223 5.21731 5.77914C5.21731 6.09606 4.95776 6.35297 4.63759 6.35297H4.25111C3.93094 6.35297 3.67139 6.09606 3.67139 5.77914Z" fill="#EB0203"></path>
                    <path fill-rule="evenodd" clip-rule="evenodd" d="M3.67139 11.9034C3.67139 11.5865 3.93094 11.3296 4.25111 11.3296H4.63759C4.95776 11.3296 5.21731 11.5865 5.21731 11.9034C5.21731 12.2202 4.95776 12.4771 4.63759 12.4771H4.25111C3.93094 12.4771 3.67139 12.2202 3.67139 11.9034Z" fill="#EB0203"></path>
                    <path fill-rule="evenodd" clip-rule="evenodd" d="M3.67139 8.84116C3.67139 8.52424 3.93094 8.26733 4.25111 8.26733H4.63759C4.95776 8.26733 5.21731 8.52424 5.21731 8.84116C5.21731 9.15807 4.95776 9.41498 4.63759 9.41498H4.25111C3.93094 9.41498 3.67139 9.15807 3.67139 8.84116Z" fill="#EB0203"></path>
                    <path fill-rule="evenodd" clip-rule="evenodd" d="M3.67139 14.9655C3.67139 14.6486 3.93094 14.3917 4.25111 14.3917H4.63759C4.95776 14.3917 5.21731 14.6486 5.21731 14.9655C5.21731 15.2825 4.95776 15.5394 4.63759 15.5394H4.25111C3.93094 15.5394 3.67139 15.2825 3.67139 14.9655Z" fill="#EB0203"></path>
                    <path fill-rule="evenodd" clip-rule="evenodd" d="M0 1.76033C0 0.914738 0.692131 0.229248 1.54592 0.229248H15.0727C15.9265 0.229248 16.6186 0.914738 16.6186 1.76033V11.2818C16.6186 11.5989 16.3591 11.8559 16.0389 11.8559C15.7187 11.8559 15.4592 11.5989 15.4592 11.2818V1.76033C15.4592 1.54893 15.2862 1.37756 15.0727 1.37756H1.54592C1.33247 1.37756 1.15944 1.54893 1.15944 1.76033V18.985C1.15944 19.1964 1.33247 19.3678 1.54592 19.3678H9.27551C9.59568 19.3678 9.85523 19.6249 9.85523 19.942C9.85523 20.2591 9.59568 20.5161 9.27551 20.5161H1.54592C0.692131 20.5161 0 19.8306 0 18.985V1.76033Z" fill="#EB0203"></path>
                    <path fill-rule="evenodd" clip-rule="evenodd" d="M14.6254 13.8718C13.4921 12.8567 11.7821 12.7615 10.6574 13.7147C9.12472 15.0124 9.34891 17.128 10.4413 18.2493L14.0161 21.9126C14.2199 22.1217 14.493 22.2386 14.7824 22.2386C15.0739 22.2386 15.3449 22.1238 15.5487 21.9147L19.1235 18.2514C20.2139 17.13 20.4422 15.0144 18.9075 13.7147C17.7827 12.7634 16.0726 12.8569 14.9392 13.872C14.8856 13.92 14.8333 13.9701 14.7824 14.0222C14.7314 13.97 14.6791 13.9199 14.6254 13.8718ZM18.1546 14.588C19.0972 15.3869 18.9961 16.7262 18.2891 17.4541C18.2888 17.4543 18.2886 17.4546 18.2884 17.4548L14.7834 21.0466L11.2757 17.452C11.2756 17.4519 11.2755 17.4517 11.2753 17.4516C10.5681 16.7252 10.4682 15.3856 11.4108 14.5876L11.4112 14.5872C12.0748 14.0248 13.202 14.0556 13.949 14.8205L14.7824 15.674L15.6158 14.8205C16.3618 14.0567 17.4896 14.0256 18.1545 14.5879" fill="#EB0203"></path>
                    </svg>
                    </button>
                    </div>
                    </div>
                    
                    <p class="ct-tile--brand">Continente Equilíbrio</p>
                    <p class="ct-tile--quantity">emb. 1 lt</p>
                    </div>
                    <div class="ct-tile-bottom row no-gutters justify-content-between">
                    <div class="ct-price-wrap col-8 col-sm-12">
                    <div class="price js-product-price">
                    <div class="prices-wrapper">
                    <span class="sales ct-tile--price-primary ">
                    <span class="value" content="0.78">
                    <span class="ct-price-formatted">
                    €0,78
                    </span>
                    <span class="ct-m-unit">
                    /un
                    </span>
                    </span>
                    </span>
                    </div>
                    <div class="ct-tile--price-secondary">
                    <span class="ct-price-value">
                    €0,78
                    </span>
                    <span class="ct-m-unit">
                    /lt
                    </span>
                    </div>
                    </div>
                    </div>
                    <div class="ct-tile-buy-section d-flex justify-content-center no-gutters col-auto col-sm-12">
                    <div class="col-2 d-sm-flex d-none">
                    <button class="wishlist-toggler guest-mode inactive button button--tertiary" data-pid="6879889" data-add-url="https://www.continente.pt/on/demandware.store/Sites-continente-Site/default/Wishlist-AddProduct?pid=6879889" data-toggle="tooltip" aria-label="Adicionar aos favoritos " data-original-title="Adicionar aos favoritos" data-placement="top">
                    <svg class="active-content" width="100%" height="100%" viewBox="0 0 20 22" fill="none" xmlns="http://www.w3.org/2000/svg">
                    <path fill-rule="evenodd" clip-rule="evenodd" d="M0 1.53052C0 0.685236 0.692171 0 1.54601 0H15.0736C15.9274 0 16.6196 0.685235 16.6196 1.53052V13.4064L15.8127 13.922L14.2658 14.2658L12.7189 13.4064L10.6054 14.3818C10.4994 14.2451 10.3327 14.157 10.1452 14.157H6.76329C6.4431 14.157 6.18354 14.414 6.18354 14.731C6.18354 15.0479 6.4431 15.3049 6.76329 15.3049H10.1452C10.2478 15.3049 10.3441 15.2785 10.4277 15.2322L10.3126 16.8439L13.2345 20.2793H1.54601C0.69217 20.2793 0 19.5941 0 18.7488V1.53052ZM6.18354 5.5483C6.18354 5.23132 6.4431 4.97436 6.76329 4.97436H12.3676C12.6878 4.97436 12.9473 5.23132 12.9473 5.5483C12.9473 5.86528 12.6878 6.12224 12.3676 6.12224H6.76329C6.4431 6.12224 6.18354 5.86528 6.18354 5.5483ZM6.76329 11.0961C6.4431 11.0961 6.18354 11.3531 6.18354 11.6701C6.18354 11.987 6.4431 12.244 6.76329 12.244H12.3676C12.6878 12.244 12.9473 11.987 12.9473 11.6701C12.9473 11.3531 12.6878 11.0961 12.3676 11.0961H6.76329ZM6.18354 8.60985C6.18354 8.29287 6.4431 8.03591 6.76329 8.03591H12.3676C12.6878 8.03591 12.9473 8.29287 12.9473 8.60985C12.9473 8.92684 12.6878 9.1838 12.3676 9.1838H6.76329C6.4431 9.1838 6.18354 8.92684 6.18354 8.60985ZM3.67118 5.5483C3.67118 5.23132 3.93075 4.97436 4.25093 4.97436H4.63743C4.95762 4.97436 5.21719 5.23132 5.21719 5.5483C5.21719 5.86528 4.95762 6.12224 4.63743 6.12224H4.25093C3.93075 6.12224 3.67118 5.86528 3.67118 5.5483ZM4.25093 11.0961C3.93075 11.0961 3.67118 11.3531 3.67118 11.6701C3.67118 11.987 3.93075 12.244 4.25093 12.244H4.63743C4.95762 12.244 5.21719 11.987 5.21719 11.6701C5.21719 11.3531 4.95762 11.0961 4.63743 11.0961H4.25093ZM3.67118 8.60985C3.67118 8.29287 3.93075 8.03591 4.25093 8.03591H4.63743C4.95762 8.03591 5.21719 8.29287 5.21719 8.60985C5.21719 8.92684 4.95762 9.1838 4.63743 9.1838H4.25093C3.93075 9.1838 3.67118 8.92684 3.67118 8.60985ZM4.25093 14.157C3.93075 14.157 3.67118 14.414 3.67118 14.731C3.67118 15.0479 3.93075 15.3049 4.25093 15.3049H4.63743C4.95762 15.3049 5.21719 15.0479 5.21719 14.731C5.21719 14.414 4.95762 14.157 4.63743 14.157H4.25093Z" fill="#EB0203"></path>
                    <path fill-rule="evenodd" clip-rule="evenodd" d="M14.6252 13.6363C13.4918 12.6215 11.7817 12.5264 10.6569 13.4792C9.12421 14.7764 9.34841 16.8912 10.4409 18.0122L14.0159 21.6742C14.2197 21.8832 14.4928 22 14.7822 22C15.0737 22 15.3448 21.8852 15.5486 21.6762L19.1236 18.0142C20.214 16.8933 20.4423 14.7785 18.9075 13.4792C17.7827 12.5283 16.0724 12.6217 14.9391 13.6365C14.8855 13.6845 14.8331 13.7345 14.7822 13.7866C14.7313 13.7345 14.6789 13.6843 14.6252 13.6363ZM18.1546 14.3522C19.0973 15.1508 18.9962 16.4896 18.2891 17.2173C18.2888 17.2175 18.2886 17.2177 18.2884 17.218L14.7832 20.8084L11.2753 17.2151C11.2752 17.215 11.2751 17.2149 11.2749 17.2148C10.5677 16.4887 10.4678 15.1495 11.4104 14.3518L11.4108 14.3514C12.0745 13.7892 13.2018 13.82 13.9488 14.5846L14.7822 15.4378L15.6157 14.5846C16.3617 13.8211 17.4896 13.79 18.1545 14.3521" fill="#EB0203"></path>
                    </svg>
                    <svg class="inactive-content" width="100%" height="100%" viewBox="0 0 20 23" fill="none" xmlns="http://www.w3.org/2000/svg">
                    <path fill-rule="evenodd" clip-rule="evenodd" d="M6.18408 5.77914C6.18408 5.46223 6.44363 5.20532 6.7638 5.20532H12.3678C12.6879 5.20532 12.9475 5.46223 12.9475 5.77914C12.9475 6.09606 12.6879 6.35297 12.3678 6.35297H6.7638C6.44363 6.35297 6.18408 6.09606 6.18408 5.77914Z" fill="#EB0203"></path>
                    <path fill-rule="evenodd" clip-rule="evenodd" d="M6.18408 11.9034C6.18408 11.5865 6.44363 11.3296 6.7638 11.3296H12.3678C12.6879 11.3296 12.9475 11.5865 12.9475 11.9034C12.9475 12.2202 12.6879 12.4771 12.3678 12.4771H6.7638C6.44363 12.4771 6.18408 12.2202 6.18408 11.9034Z" fill="#EB0203"></path>
                    <path fill-rule="evenodd" clip-rule="evenodd" d="M6.18408 8.84116C6.18408 8.52424 6.44363 8.26733 6.7638 8.26733H12.3678C12.6879 8.26733 12.9475 8.52424 12.9475 8.84116C12.9475 9.15807 12.6879 9.41498 12.3678 9.41498H6.7638C6.44363 9.41498 6.18408 9.15807 6.18408 8.84116Z" fill="#EB0203"></path>
                    <path fill-rule="evenodd" clip-rule="evenodd" d="M6.18408 14.9655C6.18408 14.6486 6.44363 14.3917 6.7638 14.3917H10.1455C10.4657 14.3917 10.7252 14.6486 10.7252 14.9655C10.7252 15.2825 10.4657 15.5394 10.1455 15.5394H6.7638C6.44363 15.5394 6.18408 15.2825 6.18408 14.9655Z" fill="#EB0203"></path>
                    <path fill-rule="evenodd" clip-rule="evenodd" d="M3.67139 5.77914C3.67139 5.46223 3.93094 5.20532 4.25111 5.20532H4.63759C4.95776 5.20532 5.21731 5.46223 5.21731 5.77914C5.21731 6.09606 4.95776 6.35297 4.63759 6.35297H4.25111C3.93094 6.35297 3.67139 6.09606 3.67139 5.77914Z" fill="#EB0203"></path>
                    <path fill-rule="evenodd" clip-rule="evenodd" d="M3.67139 11.9034C3.67139 11.5865 3.93094 11.3296 4.25111 11.3296H4.63759C4.95776 11.3296 5.21731 11.5865 5.21731 11.9034C5.21731 12.2202 4.95776 12.4771 4.63759 12.4771H4.25111C3.93094 12.4771 3.67139 12.2202 3.67139 11.9034Z" fill="#EB0203"></path>
                    <path fill-rule="evenodd" clip-rule="evenodd" d="M3.67139 8.84116C3.67139 8.52424 3.93094 8.26733 4.25111 8.26733H4.63759C4.95776 8.26733 5.21731 8.52424 5.21731 8.84116C5.21731 9.15807 4.95776 9.41498 4.63759 9.41498H4.25111C3.93094 9.41498 3.67139 9.15807 3.67139 8.84116Z" fill="#EB0203"></path>
                    <path fill-rule="evenodd" clip-rule="evenodd" d="M3.67139 14.9655C3.67139 14.6486 3.93094 14.3917 4.25111 14.3917H4.63759C4.95776 14.3917 5.21731 14.6486 5.21731 14.9655C5.21731 15.2825 4.95776 15.5394 4.63759 15.5394H4.25111C3.93094 15.5394 3.67139 15.2825 3.67139 14.9655Z" fill="#EB0203"></path>
                    <path fill-rule="evenodd" clip-rule="evenodd" d="M0 1.76033C0 0.914738 0.692131 0.229248 1.54592 0.229248H15.0727C15.9265 0.229248 16.6186 0.914738 16.6186 1.76033V11.2818C16.6186 11.5989 16.3591 11.8559 16.0389 11.8559C15.7187 11.8559 15.4592 11.5989 15.4592 11.2818V1.76033C15.4592 1.54893 15.2862 1.37756 15.0727 1.37756H1.54592C1.33247 1.37756 1.15944 1.54893 1.15944 1.76033V18.985C1.15944 19.1964 1.33247 19.3678 1.54592 19.3678H9.27551C9.59568 19.3678 9.85523 19.6249 9.85523 19.942C9.85523 20.2591 9.59568 20.5161 9.27551 20.5161H1.54592C0.692131 20.5161 0 19.8306 0 18.985V1.76033Z" fill="#EB0203"></path>
                    <path fill-rule="evenodd" clip-rule="evenodd" d="M14.6254 13.8718C13.4921 12.8567 11.7821 12.7615 10.6574 13.7147C9.12472 15.0124 9.34891 17.128 10.4413 18.2493L14.0161 21.9126C14.2199 22.1217 14.493 22.2386 14.7824 22.2386C15.0739 22.2386 15.3449 22.1238 15.5487 21.9147L19.1235 18.2514C20.2139 17.13 20.4422 15.0144 18.9075 13.7147C17.7827 12.7634 16.0726 12.8569 14.9392 13.872C14.8856 13.92 14.8333 13.9701 14.7824 14.0222C14.7314 13.97 14.6791 13.9199 14.6254 13.8718ZM18.1546 14.588C19.0972 15.3869 18.9961 16.7262 18.2891 17.4541C18.2888 17.4543 18.2886 17.4546 18.2884 17.4548L14.7834 21.0466L11.2757 17.452C11.2756 17.4519 11.2755 17.4517 11.2753 17.4516C10.5681 16.7252 10.4682 15.3856 11.4108 14.5876L11.4112 14.5872C12.0748 14.0248 13.202 14.0556 13.949 14.8205L14.7824 15.674L15.6158 14.8205C16.3618 14.0567 17.4896 14.0256 18.1545 14.5879" fill="#EB0203"></path>
                    </svg>
                    </button>
                    </div>
                    <div class="col-sm-10 col-12">
                    <div class="ct-tile-quantity d-none" data-pid="6879889">
                    <input type="hidden" class="add-to-cart-url" value="https://www.continente.pt/on/demandware.store/Sites-continente-Site/default/Cart-AddProduct">
                    <div class="d-none tile-delete-confirmation-btn" data-pid="6879889" data-delay-time="3000" data-in-cart-msg="no carrinho" data-one-product-added="Adicionado ao carrinho" data-remove-from-cart-msg="Removido do carrinho" data-stay-open="6000.0" data-confirmation-image="{&quot;url&quot;:&quot;https://www.continente.pt/dw/image/v2/BDVS_PRD/on/demandware.static/-/Sites-col-master-catalog/default/dw6a5d60b5/images/col/687/6879889-hero.jpg?sw=87&amp;sh=80&quot;,&quot;fallbackimage&quot;:{&quot;url&quot;:&quot;https://www.continente.pt/dw/image/v2/BDVS_PRD/on/demandware.static/Sites-continente-Site/-/default/dw7c42b4da/images/noimagelarge_product.png?sw=87&amp;sh=80&quot;,&quot;title&quot;:&quot;Leite UHT Magro&quot;,&quot;alt&quot;:&quot;Leite UHT Magro&quot;},&quot;title&quot;:&quot;Leite UHT Magro&quot;,&quot;alt&quot;:&quot;Leite UHT Magro&quot;}"></div>
                    <div class="ct-tile-quantity-update quantity-update product-qty-vue" data-remove-action="https://www.continente.pt/on/demandware.store/Sites-continente-Site/default/Cart-RemoveProductLineItem" data-action="https://www.continente.pt/on/demandware.store/Sites-continente-Site/default/Cart-UpdateQuantity" data-dimension-update="https://www.continente.pt/on/demandware.store/Sites-continente-Site/default/Cart-DimensionUpdate" data-pid="6879889" data-uuid="e6b86fac866a4cc9886be8bcc9" data-add-delay="500.0" data-measure-options="{&quot;hasConversionRate&quot;:false,&quot;hasAlternativeSaleUnit&quot;:false,&quot;unitConversionRate&quot;:0,&quot;minOrderQuantity&quot;:6,&quot;stepQuantity&quot;:6,&quot;primaryunit&quot;:&quot;un&quot;,&quot;secondaryunit&quot;:&quot;lt&quot;,&quot;selectedunit&quot;:&quot;primary&quot;,&quot;maxNumberOfUnitsPerSale&quot;:54}" data-price-available="null" :data-has-error="isMaxQtyReached || isMinQtyReached || qtySelectedMoreThanOne">
                    <template v-show="prodUnits">
                    <div class="quantity-input-wrapper has-units">
                    <label class="visually-hidden" :for="'quantity-' + pid + additionalTag">
                    Quantidade no carrinho
                    </label>
                    <input :ref="'quantityInput-' + pid + additionalTag" class="add-to-cart-quantity form-control ct-form-input text-center" inputmode="numeric" :class="{'is-invalid': isInvalid}" :data-pid="pid + additionalTag" :name="'quantity-' + pid + additionalTag" type="text" aria-label="Insira a quantidade" title="" v-model="displayValue" @change="updateQuantity" @focus="updateQtyFormat" @blur="restoreQtyFormat" :disabled="!isPriceAvailable">
                    <span class="quantity-icon quantity-icon--minus">
                    <button class="decrease-quantity-btn" @click="updateQuantity" :disabled="!isPriceAvailable" role="button" aria-label="Reduzir quantidade">
                    <i class="css-math-minus"></i>
                    </button>
                    </span>
                    <span class="quantity-icon quantity-icon--plus">
                    <button class="increase-quantity-btn" @click="updateQuantity" :disabled="isMaxQtyReached || !isPriceAvailable" role="button" aria-label="Aumentar quantidade">
                    <i class="css-math-plus"></i>
                    </button>
                    <span class="quantity-btn-disabled-placeholder"></span>
                    </span>
                    <template v-if="isPDP">
                    <span class="quantity-error ct-span-error text-sm-center product-max-allocation" v-if="isMaxQtyReached">
                    Quantidade máxima atingida
                    </span>
                    <span class="quantity-error ct-span-product text-sm-center product-allocation" v-if="!isMinQtyReached &amp;&amp; !isMaxQtyReached">
                    {{quantitySelected}} no carrinho
                    </span>
                    <span class="quantity-error ct-span-error text-sm-center product-min-allocation" :data-pid="pid" v-if="isMinQtyReached &amp;&amp; !isMaxQtyReached">
                    Quantidade mínima atingida
                    </span>
                    </template>
                    </div>
                    <template v-if="showNotes">
                    <div class="add-note-link-container ">
                    <div class="add-note">
                    <a href="/produto/leite-uht-magro-continente-equilibrio-6879889.html?showNote=true" class="ct-add-note-redirect-pdp" aria-label="Adicionar comentário">
                    <span class="svg-wrapper svg-icon-notes" style="width:19px; height:20px">
                    <svg class="svg-inline icon-notes" viewBox="0 0 28 30" xmlns="http://www.w3.org/2000/svg" width="100%" height="100%"><path d="M21.738 0C22.985 0 24 1.04 24 2.319V12.47c0 .469-.37.848-.828.848-.457 0-.827-.38-.827-.848V2.32c0-.343-.273-.622-.607-.622H2.262c-.334 0-.607.279-.607.622V27.68c0 .343.273.622.607.622h7.81c.457 0 .827.38.827.849 0 .468-.37.848-.827.848h-7.81C1.015 30 0 28.96 0 27.681V2.32C0 1.04 1.015 0 2.262 0h19.476zm2.844 16.004l.227.007c.823.053 1.589.39 2.176.964.64.627.993 1.46.993 2.349 0 .888-.353 1.722-.993 2.348l-6.83 6.665c-.11.108-.247.186-.397.226l-5.032 1.363c-.078.021-.16.032-.241.032-.242 0-.478-.097-.647-.266-.23-.231-.314-.566-.218-.874l1.49-4.798c.044-.139.122-.266.227-.369l6.844-6.677c.64-.625 1.493-.97 2.401-.97zm-2.886 3.94l-4.922 4.802-.947 3.048 3.22-.872 4.897-4.78-2.248-2.197zm2.887-2.174c-.425 0-.824.162-1.124.455l-.484.472 2.248 2.197.484-.472c.62-.606.62-1.591 0-2.197l-.117-.104c-.283-.227-.636-.35-1.007-.35zm-10.839.022c.498 0 .904.396.904.883 0 .488-.406.884-.904.884H5.946c-.499 0-.904-.396-.904-.884 0-.487.405-.883.904-.883zm5.042-4.876c.498 0 .904.397.904.884s-.406.884-.904.884H5.946c-.499 0-.904-.397-.904-.884s.405-.884.904-.884zm0-4.875c.498 0 .904.396.904.884 0 .487-.406.883-.904.883H5.946c-.499 0-.904-.396-.904-.883 0-.488.405-.884.904-.884z" fill="#EB0203" fill-rule="evenodd"></path></svg>
                    </span>
                    <div class="available-note d-none"></div>
                    </a>
                    </div>
                    </div>
                    </template>
                    <div class="measurement-unit-section" v-if="isPriceAvailable &amp;&amp; prodUnits ? prodUnits.hasAlternativeUnit : false">
                    <div class="ct-form-radio" @click="setDimension">
                    <input type="radio" title="" class="ct-form-check-input product-measurement-unit" :data-type="prodUnits.selectedUnit == prodUnits.secondaryUnit ? 'primary' : ''" :id="prodUnits.secondaryUnit + '-' + pid + '-measurement-unit-ptile' + additionalTag" :name="'measurement-unit-' + pid + '-ptile' + additionalTag" :value="prodUnits.secondaryUnit" v-model="prodUnits.selectedUnit">
                    <label :class="prodUnits.secondaryUnit + '-label ct-form-check-label mb-0'" :for="prodUnits.secondaryUnit + '-' + pid + '-measurement-unit-ptile' + additionalTag">
                    {{prodUnits.secondaryUnit}}
                    </label>
                    <span class="checkmark"></span>
                    </div>
                    <div class="ct-form-radio" @click="setDimension">
                    <input type="radio" title="" class="ct-form-check-input product-measurement-unit" :data-type="prodUnits.selectedUnit == prodUnits.primaryUnit ? 'primary' : ''" :id="prodUnits.primaryUnit + '-' + pid + '-measurement-unit-ptile' + additionalTag" :name="'measurement-unit-' + pid + '-ptile' + additionalTag" :value="prodUnits.primaryUnit" v-model="prodUnits.selectedUnit">
                    <label :class="prodUnits.primaryUnit + '-label ct-form-check-label mb-0'" :for="prodUnits.primaryUnit + '-' + pid + '-measurement-unit-ptile' + additionalTag">
                    {{prodUnits.primaryUnit}}
                    </label>
                    <span class="checkmark"></span>
                    </div>
                    </div>
                    <template v-if="!isPDP &amp;&amp; isPriceAvailable">
                    <span class="quantity-error ct-span-error product-max-allocation" v-if="isMaxQtyReached">
                    Quantidade máxima atingida
                    </span>
                    <span class="quantity-error ct-span-product product-allocation" v-if="!isMinQtyReached &amp;&amp; !isMaxQtyReached">
                    {{quantitySelected}} no carrinho
                    </span>
                    <span class="quantity-error ct-span-error product-min-allocation" :data-pid="pid" v-if="isMinQtyReached &amp;&amp; !isMaxQtyReached">
                    Quantidade mínima atingida
                    </span>
                    </template>
                    </template>
                    </div>
                    <input class="quantity-value-mask d-none" name="quantity" type="number" min="0" value="">
                    </div>
                    <button type="button" class="add-to-cart button js-add-to-cart js-add-to-cart-tile 6879889 button--primary dynamic-layout-btn" data-toggle="modal" data-target="#chooseBonusProductModal" data-pid="6879889" data-quantity-value="null" aria-label="Carrinho">
                    <span class="d-block d-sm-none">
                    <span class="svg-wrapper svg-icon-cart" style="width:20px; height:20px">
                    <svg class="svg-inline icon-cart" xmlns="http://www.w3.org/2000/svg" viewBox="0 0 500 500" width="100%" height="100%"><path fill="#EB0203" fill-rule="evenodd" d="M 485.67317,94.386311 C 476.37798,83.847129 463.09468,78.03348 448.30404,78.03348 H 90.690813 L 87.079511,51.327997 C 83.185582,22.539551 62.962285,0 41.011841,0 H 14.727836 C 6.563151,0 0,6.5286975 0,14.580758 c 0,8.05206 6.5945535,14.580758 14.727836,14.580758 h 26.284005 c 4.710398,0 14.696435,9.855222 16.894619,26.021523 L 100.01739,368.0631 c 1.88416,13.77244 9.01256,26.70549 20.1605,36.37417 8.25889,7.15046 18.02511,11.9071 28.26237,13.89679 -4.17655,7.58572 -6.53175,16.25957 -6.53175,25.493 0,29.53459 24.27424,53.59751 54.13815,53.59751 29.8325,0 54.13814,-24.03184 54.13814,-53.59751 0,-8.79818 -2.19818,-17.09897 -5.9979,-24.43598 h 77.12488 c -3.79973,7.33701 -5.96652,15.6378 -5.96652,24.43598 0,29.53459 24.27424,53.59751 54.13817,53.59751 29.83249,0 54.13814,-24.03184 54.13814,-53.59751 0,-8.79818 -2.1982,-17.09897 -5.9979,-24.43598 h 38.56243 c 8.13328,0 14.72783,-6.5287 14.72783,-14.61183 0,-8.02098 -6.59455,-14.54967 -14.72783,-14.54967 H 159.24277 c -14.38241,0 -28.13677,-11.90711 -30.02092,-26.02153 l -3.07746,-22.88154 h 290.6314 c 14.03698,0 27.94834,-5.28513 39.06488,-14.95381 11.11652,-9.6376 18.27632,-22.57065 20.16048,-36.37417 l 21.10259,-156.78201 c 1.94694,-14.51858 -2.10398,-28.29103 -11.43057,-38.861299 z M 220.76053,443.82706 c 0,13.49265 -11.08513,24.46709 -24.68247,24.46709 -13.62874,0 -24.71387,-10.97444 -24.71387,-24.46709 0,-13.49262 11.08513,-24.43598 24.71387,-24.43598 13.59734,0 24.68247,10.94336 24.68247,24.43598 z m 173.43675,0 c 0,13.49265 -11.08512,24.46709 -24.68245,24.46709 -13.62876,0 -24.71388,-10.97444 -24.71388,-24.46709 0,-13.49262 11.08512,-24.43598 24.71388,-24.43598 13.59733,0 24.68245,10.94336 24.68245,24.43598 z m 73.7648,-314.46558 -21.13397,156.782 c -1.88416,14.11442 -15.63851,26.05261 -30.02091,26.05261 H 122.25046 L 94.616142,107.19499 H 448.33544 c 6.18632,0 11.61896,2.2695 15.23028,6.37326 3.64269,4.13484 5.21283,9.73086 4.39636,15.79323 z"></path></svg>
                    </span>
                    </span>
                    <span class="add-to-cart--text d-none d-sm-block">Carrinho</span>
                    </button>
                    </div>
                    </div>
                    </div>
                    </div>
                    
                    <div class="col-12 d-sm-none">
                    </div>
                    </div>
                    </div>
                    </div>
                    </div>
                    <div class="col-12 col-sm-3 col-lg-2 productTile" data-idx="15">
                    
                    <script type="text/javascript">//<!--
                    /* <![CDATA[ */
                    (function(){
                    try {
                        if(window.CQuotient) {
                        var cq_params = {};
                        
                        cq_params.cookieId = window.CQuotient.getCQCookieId();
                        cq_params.userId = window.CQuotient.getCQUserId();
                        cq_params.emailId = CQuotient.getCQHashedEmail();
                        cq_params.loginId = CQuotient.getCQHashedLogin();
                        cq_params.accumulate = true;
                        cq_params.products = [{
                            id: '2210947',
                            sku: ''
                        }];
                        cq_params.categoryId = 'laticinios';
                        cq_params.refinements = '[{\"name\":\"priceMin\",\"value\":\"0.01\"},{\"name\":\"priceMax\",\"value\":\"null\"},{\"name\":\"curr\",\"value\":\"EUR\"},{\"name\":\"Category\",\"value\":\"laticinios\"}]';
                        cq_params.personalized = 'false';
                        cq_params.sortingRule = 'FOOD-Laticinios';
                        cq_params.imageUUID = '__UNDEFINED__';
                        cq_params.realm = "BDVS";
                        cq_params.siteId = "continente";
                        cq_params.instanceType = "prd";
                        cq_params.queryLocale = "default";
                        cq_params.locale = window.CQuotient.locale;
                        
                        if(window.CQuotient.sendActivity)
                            window.CQuotient.sendActivity(CQuotient.clientId, 'viewCategory', cq_params);
                        else
                            window.CQuotient.activities.push({
                                activityType: 'viewCategory',
                                parameters: cq_params
                            });
                      }
                    } catch(err) {}
                    })();
                    /* ]]> */
                    // -->
                    </script>
                    <script type="text/javascript">//<!--
                    /* <![CDATA[ (viewCategoryProduct-active_data.js) */
                    (function(){
                    try {
                        if (dw.ac) {
                            var search_params = {};
                            search_params.persd = 'false';
                            search_params.refs = '[{\"name\":\"priceMin\",\"value\":\"0.01\"},{\"name\":\"priceMax\",\"value\":\"null\"},{\"name\":\"curr\",\"value\":\"EUR\"},{\"name\":\"Category\",\"value\":\"laticinios\"}]';
                            search_params.sort = 'FOOD-Laticinios';
                            search_params.imageUUID = '';
                            search_params.searchID = 'ff60679a-0a42-4d90-af85-afdcdfaee427';
                            search_params.locale = 'default';
                            search_params.queryLocale = 'default';
                            search_params.showProducts = 'true';
                            dw.ac.applyContext({category: "laticinios", searchData: search_params});
                            if (typeof dw.ac._scheduleDataSubmission === "function") {
                                dw.ac._scheduleDataSubmission();
                            }
                        }
                    } catch(err) {}
                    })();
                    /* ]]> */
                    // -->
                    </script>
                    <script type="text/javascript">//<!--
                    /* <![CDATA[ (viewProduct-active_data.js) */
                    dw.ac._capture({id: "2210947", type: "searchhit"});
                    /* ]]> */
                    // -->
                    </script>
                    <div class="product" data-pid="2210947">
                    <div class="product-tile pid-2210947 ct-product-tile data-layer-pushed" data-delay-time="3000" data-variants-mapping="[]" data-in-cart-msg="no carrinho" data-one-product-added="Adicionado ao carrinho" data-remove-from-cart-msg="Removido do carrinho" data-stay-open="6000.0" data-product-tile-impression="{&quot;name&quot;:&quot;2210947&quot;,&quot;id&quot;:&quot;2210947&quot;,&quot;price&quot;:0.85,&quot;brand&quot;:&quot;Mimosa&quot;,&quot;category&quot;:[{&quot;category_level_1&quot;:&quot;Laticínios e Ovos&quot;},{&quot;category_level_2&quot;:&quot;Leite&quot;},{&quot;category_level_3&quot;:&quot;Leite Magro&quot;}],&quot;variant&quot;:&quot;&quot;}">
                    <div class="ct-inner-tile-wrap row no-gutters justify-content-center align-content-start">
                    <div class="ct-product-tile-badge ct-product-tile-badge--promotional">
                    <img class="img-fluid lazyloaded" loading="lazy" data-src="https://www.continente.pt/dw/image/v2/BDVS_PRD/on/demandware.static/-/Sites-continente-Library/default/dwf5980f2e/images/badges/pvpr/col/pvpr.png?sw=60&amp;sh=42" alt="PVP Recomendado: €0,95/un" title="PVP Recomendado: €0,95/un" src="https://www.continente.pt/dw/image/v2/BDVS_PRD/on/demandware.static/-/Sites-continente-Library/default/dwf5980f2e/images/badges/pvpr/col/pvpr.png?sw=60&amp;sh=42">
                    <div class="ct-product-tile-badge-value-wrapper ct-product-tile-badge-value-wrapper--pvpr  ">
                    <span class="ct-product-tile-badge-value--pvpr">
                    10
                    </span>
                    <span class="ct-product-tile-badge-value--pvpr-quantifier ">
                    %
                    </span>
                    </div>
                    </div>
                    
                    <div class="ct-image-container col-4 col-sm" data-confirmation-image="{&quot;url&quot;:&quot;https://www.continente.pt/dw/image/v2/BDVS_PRD/on/demandware.static/-/Sites-col-master-catalog/default/dw3270cf1d/images/col/221/2210947-frente.jpg?sw=87&amp;sh=80&quot;,&quot;fallbackimage&quot;:{&quot;url&quot;:&quot;https://www.continente.pt/dw/image/v2/BDVS_PRD/on/demandware.static/Sites-continente-Site/-/default/dw7c42b4da/images/noimagelarge_product.png?sw=87&amp;sh=80&quot;,&quot;title&quot;:&quot;Leite UHT Magro&quot;,&quot;alt&quot;:&quot;Leite UHT Magro&quot;},&quot;title&quot;:&quot;Leite UHT Magro&quot;,&quot;alt&quot;:&quot;Leite UHT Magro&quot;}">
                    <a href="https://www.continente.pt/produto/leite-uht-magro-mimosa-2210947.html?cgid=laticinios">
                    <picture class="intrinsic intrinsic--square">
                    <img class="ct-tile-image lazyloaded" loading="lazy" onerror="this.onerror=null;this.src='/on/demandware.static/Sites-continente-Site/-/default/dw7c42b4da/images/noimagelarge_product.png';" data-src="https://www.continente.pt/dw/image/v2/BDVS_PRD/on/demandware.static/-/Sites-col-master-catalog/default/dw3270cf1d/images/col/221/2210947-frente.jpg?sw=280&amp;sh=280" alt="Leite UHT Magro" title="Leite UHT Magro" src="https://www.continente.pt/dw/image/v2/BDVS_PRD/on/demandware.static/-/Sites-col-master-catalog/default/dw3270cf1d/images/col/221/2210947-frente.jpg?sw=280&amp;sh=280">
                    </picture>
                    </a>
                    
                    <div class=" ct-product-tile-badge ct-product-tile-badge--general">
                    <img class="img-fluid ct-tooltip-trigger lazyloaded" loading="lazy" data-src="https://www.continente.pt/dw/image/v2/BDVS_PRD/on/demandware.static/-/Sites-continente-Library/default/dw62d4c957/images/badges/general/col/madein.png?sw=25&amp;sh=25" alt="Crachá do produto" title="" data-toggle="tooltip" data-placement="right" data-original-title="Produzido em Portugal" src="https://www.continente.pt/dw/image/v2/BDVS_PRD/on/demandware.static/-/Sites-continente-Library/default/dw62d4c957/images/badges/general/col/madein.png?sw=25&amp;sh=25">
                    </div>
                    <div class="color-swatches d-flex" style="margin-left: 5px;">
                    <div class="swatches d-flex">
                    </div>
                    </div>
                    </div>
                    <div class="ct-tile-body col col-sm-auto ">
                    <div class="ct-pdp-details">
                    <div class="ct-pdp-link">
                    <a class="ct-tile--description" href="https://www.continente.pt/produto/leite-uht-magro-mimosa-2210947.html?cgid=laticinios">Leite UHT Magro</a>
                    <div class="ct-tile--favorite-top d-sm-none">
                    <button class="wishlist-toggler guest-mode inactive button button--tertiary" data-pid="2210947" data-add-url="https://www.continente.pt/on/demandware.store/Sites-continente-Site/default/Wishlist-AddProduct?pid=2210947" data-toggle="tooltip" aria-label="Adicionar aos favoritos " data-original-title="Adicionar aos favoritos" data-placement="top">
                    <svg class="active-content" width="100%" height="100%" viewBox="0 0 20 22" fill="none" xmlns="http://www.w3.org/2000/svg">
                    <path fill-rule="evenodd" clip-rule="evenodd" d="M0 1.53052C0 0.685236 0.692171 0 1.54601 0H15.0736C15.9274 0 16.6196 0.685235 16.6196 1.53052V13.4064L15.8127 13.922L14.2658 14.2658L12.7189 13.4064L10.6054 14.3818C10.4994 14.2451 10.3327 14.157 10.1452 14.157H6.76329C6.4431 14.157 6.18354 14.414 6.18354 14.731C6.18354 15.0479 6.4431 15.3049 6.76329 15.3049H10.1452C10.2478 15.3049 10.3441 15.2785 10.4277 15.2322L10.3126 16.8439L13.2345 20.2793H1.54601C0.69217 20.2793 0 19.5941 0 18.7488V1.53052ZM6.18354 5.5483C6.18354 5.23132 6.4431 4.97436 6.76329 4.97436H12.3676C12.6878 4.97436 12.9473 5.23132 12.9473 5.5483C12.9473 5.86528 12.6878 6.12224 12.3676 6.12224H6.76329C6.4431 6.12224 6.18354 5.86528 6.18354 5.5483ZM6.76329 11.0961C6.4431 11.0961 6.18354 11.3531 6.18354 11.6701C6.18354 11.987 6.4431 12.244 6.76329 12.244H12.3676C12.6878 12.244 12.9473 11.987 12.9473 11.6701C12.9473 11.3531 12.6878 11.0961 12.3676 11.0961H6.76329ZM6.18354 8.60985C6.18354 8.29287 6.4431 8.03591 6.76329 8.03591H12.3676C12.6878 8.03591 12.9473 8.29287 12.9473 8.60985C12.9473 8.92684 12.6878 9.1838 12.3676 9.1838H6.76329C6.4431 9.1838 6.18354 8.92684 6.18354 8.60985ZM3.67118 5.5483C3.67118 5.23132 3.93075 4.97436 4.25093 4.97436H4.63743C4.95762 4.97436 5.21719 5.23132 5.21719 5.5483C5.21719 5.86528 4.95762 6.12224 4.63743 6.12224H4.25093C3.93075 6.12224 3.67118 5.86528 3.67118 5.5483ZM4.25093 11.0961C3.93075 11.0961 3.67118 11.3531 3.67118 11.6701C3.67118 11.987 3.93075 12.244 4.25093 12.244H4.63743C4.95762 12.244 5.21719 11.987 5.21719 11.6701C5.21719 11.3531 4.95762 11.0961 4.63743 11.0961H4.25093ZM3.67118 8.60985C3.67118 8.29287 3.93075 8.03591 4.25093 8.03591H4.63743C4.95762 8.03591 5.21719 8.29287 5.21719 8.60985C5.21719 8.92684 4.95762 9.1838 4.63743 9.1838H4.25093C3.93075 9.1838 3.67118 8.92684 3.67118 8.60985ZM4.25093 14.157C3.93075 14.157 3.67118 14.414 3.67118 14.731C3.67118 15.0479 3.93075 15.3049 4.25093 15.3049H4.63743C4.95762 15.3049 5.21719 15.0479 5.21719 14.731C5.21719 14.414 4.95762 14.157 4.63743 14.157H4.25093Z" fill="#EB0203"></path>
                    <path fill-rule="evenodd" clip-rule="evenodd" d="M14.6252 13.6363C13.4918 12.6215 11.7817 12.5264 10.6569 13.4792C9.12421 14.7764 9.34841 16.8912 10.4409 18.0122L14.0159 21.6742C14.2197 21.8832 14.4928 22 14.7822 22C15.0737 22 15.3448 21.8852 15.5486 21.6762L19.1236 18.0142C20.214 16.8933 20.4423 14.7785 18.9075 13.4792C17.7827 12.5283 16.0724 12.6217 14.9391 13.6365C14.8855 13.6845 14.8331 13.7345 14.7822 13.7866C14.7313 13.7345 14.6789 13.6843 14.6252 13.6363ZM18.1546 14.3522C19.0973 15.1508 18.9962 16.4896 18.2891 17.2173C18.2888 17.2175 18.2886 17.2177 18.2884 17.218L14.7832 20.8084L11.2753 17.2151C11.2752 17.215 11.2751 17.2149 11.2749 17.2148C10.5677 16.4887 10.4678 15.1495 11.4104 14.3518L11.4108 14.3514C12.0745 13.7892 13.2018 13.82 13.9488 14.5846L14.7822 15.4378L15.6157 14.5846C16.3617 13.8211 17.4896 13.79 18.1545 14.3521" fill="#EB0203"></path>
                    </svg>
                    <svg class="inactive-content" width="100%" height="100%" viewBox="0 0 20 23" fill="none" xmlns="http://www.w3.org/2000/svg">
                    <path fill-rule="evenodd" clip-rule="evenodd" d="M6.18408 5.77914C6.18408 5.46223 6.44363 5.20532 6.7638 5.20532H12.3678C12.6879 5.20532 12.9475 5.46223 12.9475 5.77914C12.9475 6.09606 12.6879 6.35297 12.3678 6.35297H6.7638C6.44363 6.35297 6.18408 6.09606 6.18408 5.77914Z" fill="#EB0203"></path>
                    <path fill-rule="evenodd" clip-rule="evenodd" d="M6.18408 11.9034C6.18408 11.5865 6.44363 11.3296 6.7638 11.3296H12.3678C12.6879 11.3296 12.9475 11.5865 12.9475 11.9034C12.9475 12.2202 12.6879 12.4771 12.3678 12.4771H6.7638C6.44363 12.4771 6.18408 12.2202 6.18408 11.9034Z" fill="#EB0203"></path>
                    <path fill-rule="evenodd" clip-rule="evenodd" d="M6.18408 8.84116C6.18408 8.52424 6.44363 8.26733 6.7638 8.26733H12.3678C12.6879 8.26733 12.9475 8.52424 12.9475 8.84116C12.9475 9.15807 12.6879 9.41498 12.3678 9.41498H6.7638C6.44363 9.41498 6.18408 9.15807 6.18408 8.84116Z" fill="#EB0203"></path>
                    <path fill-rule="evenodd" clip-rule="evenodd" d="M6.18408 14.9655C6.18408 14.6486 6.44363 14.3917 6.7638 14.3917H10.1455C10.4657 14.3917 10.7252 14.6486 10.7252 14.9655C10.7252 15.2825 10.4657 15.5394 10.1455 15.5394H6.7638C6.44363 15.5394 6.18408 15.2825 6.18408 14.9655Z" fill="#EB0203"></path>
                    <path fill-rule="evenodd" clip-rule="evenodd" d="M3.67139 5.77914C3.67139 5.46223 3.93094 5.20532 4.25111 5.20532H4.63759C4.95776 5.20532 5.21731 5.46223 5.21731 5.77914C5.21731 6.09606 4.95776 6.35297 4.63759 6.35297H4.25111C3.93094 6.35297 3.67139 6.09606 3.67139 5.77914Z" fill="#EB0203"></path>
                    <path fill-rule="evenodd" clip-rule="evenodd" d="M3.67139 11.9034C3.67139 11.5865 3.93094 11.3296 4.25111 11.3296H4.63759C4.95776 11.3296 5.21731 11.5865 5.21731 11.9034C5.21731 12.2202 4.95776 12.4771 4.63759 12.4771H4.25111C3.93094 12.4771 3.67139 12.2202 3.67139 11.9034Z" fill="#EB0203"></path>
                    <path fill-rule="evenodd" clip-rule="evenodd" d="M3.67139 8.84116C3.67139 8.52424 3.93094 8.26733 4.25111 8.26733H4.63759C4.95776 8.26733 5.21731 8.52424 5.21731 8.84116C5.21731 9.15807 4.95776 9.41498 4.63759 9.41498H4.25111C3.93094 9.41498 3.67139 9.15807 3.67139 8.84116Z" fill="#EB0203"></path>
                    <path fill-rule="evenodd" clip-rule="evenodd" d="M3.67139 14.9655C3.67139 14.6486 3.93094 14.3917 4.25111 14.3917H4.63759C4.95776 14.3917 5.21731 14.6486 5.21731 14.9655C5.21731 15.2825 4.95776 15.5394 4.63759 15.5394H4.25111C3.93094 15.5394 3.67139 15.2825 3.67139 14.9655Z" fill="#EB0203"></path>
                    <path fill-rule="evenodd" clip-rule="evenodd" d="M0 1.76033C0 0.914738 0.692131 0.229248 1.54592 0.229248H15.0727C15.9265 0.229248 16.6186 0.914738 16.6186 1.76033V11.2818C16.6186 11.5989 16.3591 11.8559 16.0389 11.8559C15.7187 11.8559 15.4592 11.5989 15.4592 11.2818V1.76033C15.4592 1.54893 15.2862 1.37756 15.0727 1.37756H1.54592C1.33247 1.37756 1.15944 1.54893 1.15944 1.76033V18.985C1.15944 19.1964 1.33247 19.3678 1.54592 19.3678H9.27551C9.59568 19.3678 9.85523 19.6249 9.85523 19.942C9.85523 20.2591 9.59568 20.5161 9.27551 20.5161H1.54592C0.692131 20.5161 0 19.8306 0 18.985V1.76033Z" fill="#EB0203"></path>
                    <path fill-rule="evenodd" clip-rule="evenodd" d="M14.6254 13.8718C13.4921 12.8567 11.7821 12.7615 10.6574 13.7147C9.12472 15.0124 9.34891 17.128 10.4413 18.2493L14.0161 21.9126C14.2199 22.1217 14.493 22.2386 14.7824 22.2386C15.0739 22.2386 15.3449 22.1238 15.5487 21.9147L19.1235 18.2514C20.2139 17.13 20.4422 15.0144 18.9075 13.7147C17.7827 12.7634 16.0726 12.8569 14.9392 13.872C14.8856 13.92 14.8333 13.9701 14.7824 14.0222C14.7314 13.97 14.6791 13.9199 14.6254 13.8718ZM18.1546 14.588C19.0972 15.3869 18.9961 16.7262 18.2891 17.4541C18.2888 17.4543 18.2886 17.4546 18.2884 17.4548L14.7834 21.0466L11.2757 17.452C11.2756 17.4519 11.2755 17.4517 11.2753 17.4516C10.5681 16.7252 10.4682 15.3856 11.4108 14.5876L11.4112 14.5872C12.0748 14.0248 13.202 14.0556 13.949 14.8205L14.7824 15.674L15.6158 14.8205C16.3618 14.0567 17.4896 14.0256 18.1545 14.5879" fill="#EB0203"></path>
                    </svg>
                    </button>
                    </div>
                    </div>
                    <p class="ct-tile--brand">Mimosa</p>
                    <p class="ct-tile--quantity">emb. 1 lt</p>
                    </div>
                    <div class="ct-tile-bottom row no-gutters justify-content-between">
                    <div class="ct-price-wrap col-8 col-sm-12">
                    <div class="price js-product-price">
                    <div class="prices-wrapper">
                    <span class="sales ct-tile--price-primary ">
                    <span class="value" content="0.85">
                    <span class="ct-price-formatted">
                    €0,85
                    </span>
                    <span class="ct-m-unit">
                    /un
                    </span>
                    </span>
                    </span>
                    </div>
                    <div class="ct-tile--price-secondary">
                    <span class="ct-price-value">
                    €0,85
                    </span>
                    <span class="ct-m-unit">
                    /lt
                    </span>
                    </div>
                    <p class="ct-discount-amount ct-discount-amount-pvpr">PVP Recomendado: €0,95/un</p>
                    </div>
                    </div>
                    <div class="ct-tile-buy-section d-flex justify-content-center no-gutters col-auto col-sm-12">
                    <div class="col-2 d-sm-flex d-none">
                    <button class="wishlist-toggler guest-mode inactive button button--tertiary" data-pid="2210947" data-add-url="https://www.continente.pt/on/demandware.store/Sites-continente-Site/default/Wishlist-AddProduct?pid=2210947" data-toggle="tooltip" aria-label="Adicionar aos favoritos " data-original-title="Adicionar aos favoritos" data-placement="top">
                    <svg class="active-content" width="100%" height="100%" viewBox="0 0 20 22" fill="none" xmlns="http://www.w3.org/2000/svg">
                    <path fill-rule="evenodd" clip-rule="evenodd" d="M0 1.53052C0 0.685236 0.692171 0 1.54601 0H15.0736C15.9274 0 16.6196 0.685235 16.6196 1.53052V13.4064L15.8127 13.922L14.2658 14.2658L12.7189 13.4064L10.6054 14.3818C10.4994 14.2451 10.3327 14.157 10.1452 14.157H6.76329C6.4431 14.157 6.18354 14.414 6.18354 14.731C6.18354 15.0479 6.4431 15.3049 6.76329 15.3049H10.1452C10.2478 15.3049 10.3441 15.2785 10.4277 15.2322L10.3126 16.8439L13.2345 20.2793H1.54601C0.69217 20.2793 0 19.5941 0 18.7488V1.53052ZM6.18354 5.5483C6.18354 5.23132 6.4431 4.97436 6.76329 4.97436H12.3676C12.6878 4.97436 12.9473 5.23132 12.9473 5.5483C12.9473 5.86528 12.6878 6.12224 12.3676 6.12224H6.76329C6.4431 6.12224 6.18354 5.86528 6.18354 5.5483ZM6.76329 11.0961C6.4431 11.0961 6.18354 11.3531 6.18354 11.6701C6.18354 11.987 6.4431 12.244 6.76329 12.244H12.3676C12.6878 12.244 12.9473 11.987 12.9473 11.6701C12.9473 11.3531 12.6878 11.0961 12.3676 11.0961H6.76329ZM6.18354 8.60985C6.18354 8.29287 6.4431 8.03591 6.76329 8.03591H12.3676C12.6878 8.03591 12.9473 8.29287 12.9473 8.60985C12.9473 8.92684 12.6878 9.1838 12.3676 9.1838H6.76329C6.4431 9.1838 6.18354 8.92684 6.18354 8.60985ZM3.67118 5.5483C3.67118 5.23132 3.93075 4.97436 4.25093 4.97436H4.63743C4.95762 4.97436 5.21719 5.23132 5.21719 5.5483C5.21719 5.86528 4.95762 6.12224 4.63743 6.12224H4.25093C3.93075 6.12224 3.67118 5.86528 3.67118 5.5483ZM4.25093 11.0961C3.93075 11.0961 3.67118 11.3531 3.67118 11.6701C3.67118 11.987 3.93075 12.244 4.25093 12.244H4.63743C4.95762 12.244 5.21719 11.987 5.21719 11.6701C5.21719 11.3531 4.95762 11.0961 4.63743 11.0961H4.25093ZM3.67118 8.60985C3.67118 8.29287 3.93075 8.03591 4.25093 8.03591H4.63743C4.95762 8.03591 5.21719 8.29287 5.21719 8.60985C5.21719 8.92684 4.95762 9.1838 4.63743 9.1838H4.25093C3.93075 9.1838 3.67118 8.92684 3.67118 8.60985ZM4.25093 14.157C3.93075 14.157 3.67118 14.414 3.67118 14.731C3.67118 15.0479 3.93075 15.3049 4.25093 15.3049H4.63743C4.95762 15.3049 5.21719 15.0479 5.21719 14.731C5.21719 14.414 4.95762 14.157 4.63743 14.157H4.25093Z" fill="#EB0203"></path>
                    <path fill-rule="evenodd" clip-rule="evenodd" d="M14.6252 13.6363C13.4918 12.6215 11.7817 12.5264 10.6569 13.4792C9.12421 14.7764 9.34841 16.8912 10.4409 18.0122L14.0159 21.6742C14.2197 21.8832 14.4928 22 14.7822 22C15.0737 22 15.3448 21.8852 15.5486 21.6762L19.1236 18.0142C20.214 16.8933 20.4423 14.7785 18.9075 13.4792C17.7827 12.5283 16.0724 12.6217 14.9391 13.6365C14.8855 13.6845 14.8331 13.7345 14.7822 13.7866C14.7313 13.7345 14.6789 13.6843 14.6252 13.6363ZM18.1546 14.3522C19.0973 15.1508 18.9962 16.4896 18.2891 17.2173C18.2888 17.2175 18.2886 17.2177 18.2884 17.218L14.7832 20.8084L11.2753 17.2151C11.2752 17.215 11.2751 17.2149 11.2749 17.2148C10.5677 16.4887 10.4678 15.1495 11.4104 14.3518L11.4108 14.3514C12.0745 13.7892 13.2018 13.82 13.9488 14.5846L14.7822 15.4378L15.6157 14.5846C16.3617 13.8211 17.4896 13.79 18.1545 14.3521" fill="#EB0203"></path>
                    </svg>
                    <svg class="inactive-content" width="100%" height="100%" viewBox="0 0 20 23" fill="none" xmlns="http://www.w3.org/2000/svg">
                    <path fill-rule="evenodd" clip-rule="evenodd" d="M6.18408 5.77914C6.18408 5.46223 6.44363 5.20532 6.7638 5.20532H12.3678C12.6879 5.20532 12.9475 5.46223 12.9475 5.77914C12.9475 6.09606 12.6879 6.35297 12.3678 6.35297H6.7638C6.44363 6.35297 6.18408 6.09606 6.18408 5.77914Z" fill="#EB0203"></path>
                    <path fill-rule="evenodd" clip-rule="evenodd" d="M6.18408 11.9034C6.18408 11.5865 6.44363 11.3296 6.7638 11.3296H12.3678C12.6879 11.3296 12.9475 11.5865 12.9475 11.9034C12.9475 12.2202 12.6879 12.4771 12.3678 12.4771H6.7638C6.44363 12.4771 6.18408 12.2202 6.18408 11.9034Z" fill="#EB0203"></path>
                    <path fill-rule="evenodd" clip-rule="evenodd" d="M6.18408 8.84116C6.18408 8.52424 6.44363 8.26733 6.7638 8.26733H12.3678C12.6879 8.26733 12.9475 8.52424 12.9475 8.84116C12.9475 9.15807 12.6879 9.41498 12.3678 9.41498H6.7638C6.44363 9.41498 6.18408 9.15807 6.18408 8.84116Z" fill="#EB0203"></path>
                    <path fill-rule="evenodd" clip-rule="evenodd" d="M6.18408 14.9655C6.18408 14.6486 6.44363 14.3917 6.7638 14.3917H10.1455C10.4657 14.3917 10.7252 14.6486 10.7252 14.9655C10.7252 15.2825 10.4657 15.5394 10.1455 15.5394H6.7638C6.44363 15.5394 6.18408 15.2825 6.18408 14.9655Z" fill="#EB0203"></path>
                    <path fill-rule="evenodd" clip-rule="evenodd" d="M3.67139 5.77914C3.67139 5.46223 3.93094 5.20532 4.25111 5.20532H4.63759C4.95776 5.20532 5.21731 5.46223 5.21731 5.77914C5.21731 6.09606 4.95776 6.35297 4.63759 6.35297H4.25111C3.93094 6.35297 3.67139 6.09606 3.67139 5.77914Z" fill="#EB0203"></path>
                    <path fill-rule="evenodd" clip-rule="evenodd" d="M3.67139 11.9034C3.67139 11.5865 3.93094 11.3296 4.25111 11.3296H4.63759C4.95776 11.3296 5.21731 11.5865 5.21731 11.9034C5.21731 12.2202 4.95776 12.4771 4.63759 12.4771H4.25111C3.93094 12.4771 3.67139 12.2202 3.67139 11.9034Z" fill="#EB0203"></path>
                    <path fill-rule="evenodd" clip-rule="evenodd" d="M3.67139 8.84116C3.67139 8.52424 3.93094 8.26733 4.25111 8.26733H4.63759C4.95776 8.26733 5.21731 8.52424 5.21731 8.84116C5.21731 9.15807 4.95776 9.41498 4.63759 9.41498H4.25111C3.93094 9.41498 3.67139 9.15807 3.67139 8.84116Z" fill="#EB0203"></path>
                    <path fill-rule="evenodd" clip-rule="evenodd" d="M3.67139 14.9655C3.67139 14.6486 3.93094 14.3917 4.25111 14.3917H4.63759C4.95776 14.3917 5.21731 14.6486 5.21731 14.9655C5.21731 15.2825 4.95776 15.5394 4.63759 15.5394H4.25111C3.93094 15.5394 3.67139 15.2825 3.67139 14.9655Z" fill="#EB0203"></path>
                    <path fill-rule="evenodd" clip-rule="evenodd" d="M0 1.76033C0 0.914738 0.692131 0.229248 1.54592 0.229248H15.0727C15.9265 0.229248 16.6186 0.914738 16.6186 1.76033V11.2818C16.6186 11.5989 16.3591 11.8559 16.0389 11.8559C15.7187 11.8559 15.4592 11.5989 15.4592 11.2818V1.76033C15.4592 1.54893 15.2862 1.37756 15.0727 1.37756H1.54592C1.33247 1.37756 1.15944 1.54893 1.15944 1.76033V18.985C1.15944 19.1964 1.33247 19.3678 1.54592 19.3678H9.27551C9.59568 19.3678 9.85523 19.6249 9.85523 19.942C9.85523 20.2591 9.59568 20.5161 9.27551 20.5161H1.54592C0.692131 20.5161 0 19.8306 0 18.985V1.76033Z" fill="#EB0203"></path>
                    <path fill-rule="evenodd" clip-rule="evenodd" d="M14.6254 13.8718C13.4921 12.8567 11.7821 12.7615 10.6574 13.7147C9.12472 15.0124 9.34891 17.128 10.4413 18.2493L14.0161 21.9126C14.2199 22.1217 14.493 22.2386 14.7824 22.2386C15.0739 22.2386 15.3449 22.1238 15.5487 21.9147L19.1235 18.2514C20.2139 17.13 20.4422 15.0144 18.9075 13.7147C17.7827 12.7634 16.0726 12.8569 14.9392 13.872C14.8856 13.92 14.8333 13.9701 14.7824 14.0222C14.7314 13.97 14.6791 13.9199 14.6254 13.8718ZM18.1546 14.588C19.0972 15.3869 18.9961 16.7262 18.2891 17.4541C18.2888 17.4543 18.2886 17.4546 18.2884 17.4548L14.7834 21.0466L11.2757 17.452C11.2756 17.4519 11.2755 17.4517 11.2753 17.4516C10.5681 16.7252 10.4682 15.3856 11.4108 14.5876L11.4112 14.5872C12.0748 14.0248 13.202 14.0556 13.949 14.8205L14.7824 15.674L15.6158 14.8205C16.3618 14.0567 17.4896 14.0256 18.1545 14.5879" fill="#EB0203"></path>
                    </svg>
                    </button>
                    </div>
                    <div class="col-sm-10 col-12">
                    <div class="ct-tile-quantity d-none" data-pid="2210947">
                    <input type="hidden" class="add-to-cart-url" value="https://www.continente.pt/on/demandware.store/Sites-continente-Site/default/Cart-AddProduct">
                    <div class="d-none tile-delete-confirmation-btn" data-pid="2210947" data-delay-time="3000" data-in-cart-msg="no carrinho" data-one-product-added="Adicionado ao carrinho" data-remove-from-cart-msg="Removido do carrinho" data-stay-open="6000.0" data-confirmation-image="{&quot;url&quot;:&quot;https://www.continente.pt/dw/image/v2/BDVS_PRD/on/demandware.static/-/Sites-col-master-catalog/default/dw3270cf1d/images/col/221/2210947-frente.jpg?sw=87&amp;sh=80&quot;,&quot;fallbackimage&quot;:{&quot;url&quot;:&quot;https://www.continente.pt/dw/image/v2/BDVS_PRD/on/demandware.static/Sites-continente-Site/-/default/dw7c42b4da/images/noimagelarge_product.png?sw=87&amp;sh=80&quot;,&quot;title&quot;:&quot;Leite UHT Magro&quot;,&quot;alt&quot;:&quot;Leite UHT Magro&quot;},&quot;title&quot;:&quot;Leite UHT Magro&quot;,&quot;alt&quot;:&quot;Leite UHT Magro&quot;}"></div>
                    <div class="ct-tile-quantity-update quantity-update product-qty-vue" data-remove-action="https://www.continente.pt/on/demandware.store/Sites-continente-Site/default/Cart-RemoveProductLineItem" data-action="https://www.continente.pt/on/demandware.store/Sites-continente-Site/default/Cart-UpdateQuantity" data-dimension-update="https://www.continente.pt/on/demandware.store/Sites-continente-Site/default/Cart-DimensionUpdate" data-pid="2210947" data-uuid="54455e0f1eb027ffd49e62f548" data-add-delay="500.0" data-measure-options="{&quot;hasConversionRate&quot;:false,&quot;hasAlternativeSaleUnit&quot;:false,&quot;unitConversionRate&quot;:0,&quot;minOrderQuantity&quot;:6,&quot;stepQuantity&quot;:6,&quot;primaryunit&quot;:&quot;un&quot;,&quot;secondaryunit&quot;:&quot;lt&quot;,&quot;selectedunit&quot;:&quot;primary&quot;,&quot;maxNumberOfUnitsPerSale&quot;:54}" data-price-available="null" :data-has-error="isMaxQtyReached || isMinQtyReached || qtySelectedMoreThanOne">
                    <template v-show="prodUnits">
                    <div class="quantity-input-wrapper has-units">
                    <label class="visually-hidden" :for="'quantity-' + pid + additionalTag">
                    Quantidade no carrinho
                    </label>
                    <input :ref="'quantityInput-' + pid + additionalTag" class="add-to-cart-quantity form-control ct-form-input text-center" inputmode="numeric" :class="{'is-invalid': isInvalid}" :data-pid="pid + additionalTag" :name="'quantity-' + pid + additionalTag" type="text" aria-label="Insira a quantidade" title="" v-model="displayValue" @change="updateQuantity" @focus="updateQtyFormat" @blur="restoreQtyFormat" :disabled="!isPriceAvailable">
                    <span class="quantity-icon quantity-icon--minus">
                    <button class="decrease-quantity-btn" @click="updateQuantity" :disabled="!isPriceAvailable" role="button" aria-label="Reduzir quantidade">
                    <i class="css-math-minus"></i>
                    </button>
                    </span>
                    <span class="quantity-icon quantity-icon--plus">
                    <button class="increase-quantity-btn" @click="updateQuantity" :disabled="isMaxQtyReached || !isPriceAvailable" role="button" aria-label="Aumentar quantidade">
                    <i class="css-math-plus"></i>
                    </button>
                    <span class="quantity-btn-disabled-placeholder"></span>
                    </span>
                    <template v-if="isPDP">
                    <span class="quantity-error ct-span-error text-sm-center product-max-allocation" v-if="isMaxQtyReached">
                    Quantidade máxima atingida
                    </span>
                    <span class="quantity-error ct-span-product text-sm-center product-allocation" v-if="!isMinQtyReached &amp;&amp; !isMaxQtyReached">
                    {{quantitySelected}} no carrinho
                    </span>
                    <span class="quantity-error ct-span-error text-sm-center product-min-allocation" :data-pid="pid" v-if="isMinQtyReached &amp;&amp; !isMaxQtyReached">
                    Quantidade mínima atingida
                    </span>
                    </template>
                    </div>
                    <template v-if="showNotes">
                    <div class="add-note-link-container ">
                    <div class="add-note">
                    <a href="/produto/leite-uht-magro-mimosa-2210947.html?showNote=true" class="ct-add-note-redirect-pdp" aria-label="Adicionar comentário">
                    <span class="svg-wrapper svg-icon-notes" style="width:19px; height:20px">
                    <svg class="svg-inline icon-notes" viewBox="0 0 28 30" xmlns="http://www.w3.org/2000/svg" width="100%" height="100%"><path d="M21.738 0C22.985 0 24 1.04 24 2.319V12.47c0 .469-.37.848-.828.848-.457 0-.827-.38-.827-.848V2.32c0-.343-.273-.622-.607-.622H2.262c-.334 0-.607.279-.607.622V27.68c0 .343.273.622.607.622h7.81c.457 0 .827.38.827.849 0 .468-.37.848-.827.848h-7.81C1.015 30 0 28.96 0 27.681V2.32C0 1.04 1.015 0 2.262 0h19.476zm2.844 16.004l.227.007c.823.053 1.589.39 2.176.964.64.627.993 1.46.993 2.349 0 .888-.353 1.722-.993 2.348l-6.83 6.665c-.11.108-.247.186-.397.226l-5.032 1.363c-.078.021-.16.032-.241.032-.242 0-.478-.097-.647-.266-.23-.231-.314-.566-.218-.874l1.49-4.798c.044-.139.122-.266.227-.369l6.844-6.677c.64-.625 1.493-.97 2.401-.97zm-2.886 3.94l-4.922 4.802-.947 3.048 3.22-.872 4.897-4.78-2.248-2.197zm2.887-2.174c-.425 0-.824.162-1.124.455l-.484.472 2.248 2.197.484-.472c.62-.606.62-1.591 0-2.197l-.117-.104c-.283-.227-.636-.35-1.007-.35zm-10.839.022c.498 0 .904.396.904.883 0 .488-.406.884-.904.884H5.946c-.499 0-.904-.396-.904-.884 0-.487.405-.883.904-.883zm5.042-4.876c.498 0 .904.397.904.884s-.406.884-.904.884H5.946c-.499 0-.904-.397-.904-.884s.405-.884.904-.884zm0-4.875c.498 0 .904.396.904.884 0 .487-.406.883-.904.883H5.946c-.499 0-.904-.396-.904-.883 0-.488.405-.884.904-.884z" fill="#EB0203" fill-rule="evenodd"></path></svg>
                    </span>
                    <div class="available-note d-none"></div>
                    </a>
                    </div>
                    </div>
                    </template>
                    <div class="measurement-unit-section" v-if="isPriceAvailable &amp;&amp; prodUnits ? prodUnits.hasAlternativeUnit : false">
                    <div class="ct-form-radio" @click="setDimension">
                    <input type="radio" title="" class="ct-form-check-input product-measurement-unit" :data-type="prodUnits.selectedUnit == prodUnits.secondaryUnit ? 'primary' : ''" :id="prodUnits.secondaryUnit + '-' + pid + '-measurement-unit-ptile' + additionalTag" :name="'measurement-unit-' + pid + '-ptile' + additionalTag" :value="prodUnits.secondaryUnit" v-model="prodUnits.selectedUnit">
                    <label :class="prodUnits.secondaryUnit + '-label ct-form-check-label mb-0'" :for="prodUnits.secondaryUnit + '-' + pid + '-measurement-unit-ptile' + additionalTag">
                    {{prodUnits.secondaryUnit}}
                    </label>
                    <span class="checkmark"></span>
                    </div>
                    <div class="ct-form-radio" @click="setDimension">
                    <input type="radio" title="" class="ct-form-check-input product-measurement-unit" :data-type="prodUnits.selectedUnit == prodUnits.primaryUnit ? 'primary' : ''" :id="prodUnits.primaryUnit + '-' + pid + '-measurement-unit-ptile' + additionalTag" :name="'measurement-unit-' + pid + '-ptile' + additionalTag" :value="prodUnits.primaryUnit" v-model="prodUnits.selectedUnit">
                    <label :class="prodUnits.primaryUnit + '-label ct-form-check-label mb-0'" :for="prodUnits.primaryUnit + '-' + pid + '-measurement-unit-ptile' + additionalTag">
                    {{prodUnits.primaryUnit}}
                    </label>
                    <span class="checkmark"></span>
                    </div>
                    </div>
                    <template v-if="!isPDP &amp;&amp; isPriceAvailable">
                    <span class="quantity-error ct-span-error product-max-allocation" v-if="isMaxQtyReached">
                    Quantidade máxima atingida
                    </span>
                    <span class="quantity-error ct-span-product product-allocation" v-if="!isMinQtyReached &amp;&amp; !isMaxQtyReached">
                    {{quantitySelected}} no carrinho
                    </span>
                    <span class="quantity-error ct-span-error product-min-allocation" :data-pid="pid" v-if="isMinQtyReached &amp;&amp; !isMaxQtyReached">
                    Quantidade mínima atingida
                    </span>
                    </template>
                    </template>
                    </div>
                    <input class="quantity-value-mask d-none" name="quantity" type="number" min="0" value="">
                    </div>
                    <button type="button" class="add-to-cart button js-add-to-cart js-add-to-cart-tile 2210947 button--primary dynamic-layout-btn" data-toggle="modal" data-target="#chooseBonusProductModal" data-pid="2210947" data-quantity-value="null" aria-label="Carrinho">
                    <span class="d-block d-sm-none">
                    <span class="svg-wrapper svg-icon-cart" style="width:20px; height:20px">
                    <svg class="svg-inline icon-cart" xmlns="http://www.w3.org/2000/svg" viewBox="0 0 500 500" width="100%" height="100%"><path fill="#EB0203" fill-rule="evenodd" d="M 485.67317,94.386311 C 476.37798,83.847129 463.09468,78.03348 448.30404,78.03348 H 90.690813 L 87.079511,51.327997 C 83.185582,22.539551 62.962285,0 41.011841,0 H 14.727836 C 6.563151,0 0,6.5286975 0,14.580758 c 0,8.05206 6.5945535,14.580758 14.727836,14.580758 h 26.284005 c 4.710398,0 14.696435,9.855222 16.894619,26.021523 L 100.01739,368.0631 c 1.88416,13.77244 9.01256,26.70549 20.1605,36.37417 8.25889,7.15046 18.02511,11.9071 28.26237,13.89679 -4.17655,7.58572 -6.53175,16.25957 -6.53175,25.493 0,29.53459 24.27424,53.59751 54.13815,53.59751 29.8325,0 54.13814,-24.03184 54.13814,-53.59751 0,-8.79818 -2.19818,-17.09897 -5.9979,-24.43598 h 77.12488 c -3.79973,7.33701 -5.96652,15.6378 -5.96652,24.43598 0,29.53459 24.27424,53.59751 54.13817,53.59751 29.83249,0 54.13814,-24.03184 54.13814,-53.59751 0,-8.79818 -2.1982,-17.09897 -5.9979,-24.43598 h 38.56243 c 8.13328,0 14.72783,-6.5287 14.72783,-14.61183 0,-8.02098 -6.59455,-14.54967 -14.72783,-14.54967 H 159.24277 c -14.38241,0 -28.13677,-11.90711 -30.02092,-26.02153 l -3.07746,-22.88154 h 290.6314 c 14.03698,0 27.94834,-5.28513 39.06488,-14.95381 11.11652,-9.6376 18.27632,-22.57065 20.16048,-36.37417 l 21.10259,-156.78201 c 1.94694,-14.51858 -2.10398,-28.29103 -11.43057,-38.861299 z M 220.76053,443.82706 c 0,13.49265 -11.08513,24.46709 -24.68247,24.46709 -13.62874,0 -24.71387,-10.97444 -24.71387,-24.46709 0,-13.49262 11.08513,-24.43598 24.71387,-24.43598 13.59734,0 24.68247,10.94336 24.68247,24.43598 z m 173.43675,0 c 0,13.49265 -11.08512,24.46709 -24.68245,24.46709 -13.62876,0 -24.71388,-10.97444 -24.71388,-24.46709 0,-13.49262 11.08512,-24.43598 24.71388,-24.43598 13.59733,0 24.68245,10.94336 24.68245,24.43598 z m 73.7648,-314.46558 -21.13397,156.782 c -1.88416,14.11442 -15.63851,26.05261 -30.02091,26.05261 H 122.25046 L 94.616142,107.19499 H 448.33544 c 6.18632,0 11.61896,2.2695 15.23028,6.37326 3.64269,4.13484 5.21283,9.73086 4.39636,15.79323 z"></path></svg>
                    </span>
                    </span>
                    <span class="add-to-cart--text d-none d-sm-block">Carrinho</span>
                    </button>
                    </div>
                    </div>
                    </div>
                    </div>
                    
                    <div class="col-12 d-sm-none">
                    </div>
                    </div>
                    </div>
                    </div>
                    </div>
                    <div class="col-12 col-sm-3 col-lg-2 productTile" data-idx="16">
                    
                    <script type="text/javascript">//<!--
                    /* <![CDATA[ */
                    (function(){
                    try {
                        if(window.CQuotient) {
                        var cq_params = {};
                        
                        cq_params.cookieId = window.CQuotient.getCQCookieId();
                        cq_params.userId = window.CQuotient.getCQUserId();
                        cq_params.emailId = CQuotient.getCQHashedEmail();
                        cq_params.loginId = CQuotient.getCQHashedLogin();
                        cq_params.accumulate = true;
                        cq_params.products = [{
                            id: '6078857',
                            sku: ''
                        }];
                        cq_params.categoryId = 'laticinios';
                        cq_params.refinements = '[{\"name\":\"priceMin\",\"value\":\"0.01\"},{\"name\":\"priceMax\",\"value\":\"null\"},{\"name\":\"curr\",\"value\":\"EUR\"},{\"name\":\"Category\",\"value\":\"laticinios\"}]';
                        cq_params.personalized = 'false';
                        cq_params.sortingRule = 'FOOD-Laticinios';
                        cq_params.imageUUID = '__UNDEFINED__';
                        cq_params.realm = "BDVS";
                        cq_params.siteId = "continente";
                        cq_params.instanceType = "prd";
                        cq_params.queryLocale = "default";
                        cq_params.locale = window.CQuotient.locale;
                        
                        if(window.CQuotient.sendActivity)
                            window.CQuotient.sendActivity(CQuotient.clientId, 'viewCategory', cq_params);
                        else
                            window.CQuotient.activities.push({
                                activityType: 'viewCategory',
                                parameters: cq_params
                            });
                      }
                    } catch(err) {}
                    })();
                    /* ]]> */
                    // -->
                    </script>
                    <script type="text/javascript">//<!--
                    /* <![CDATA[ (viewCategoryProduct-active_data.js) */
                    (function(){
                    try {
                        if (dw.ac) {
                            var search_params = {};
                            search_params.persd = 'false';
                            search_params.refs = '[{\"name\":\"priceMin\",\"value\":\"0.01\"},{\"name\":\"priceMax\",\"value\":\"null\"},{\"name\":\"curr\",\"value\":\"EUR\"},{\"name\":\"Category\",\"value\":\"laticinios\"}]';
                            search_params.sort = 'FOOD-Laticinios';
                            search_params.imageUUID = '';
                            search_params.searchID = 'ff60679a-0a42-4d90-af85-afdcdfaee427';
                            search_params.locale = 'default';
                            search_params.queryLocale = 'default';
                            search_params.showProducts = 'true';
                            dw.ac.applyContext({category: "laticinios", searchData: search_params});
                            if (typeof dw.ac._scheduleDataSubmission === "function") {
                                dw.ac._scheduleDataSubmission();
                            }
                        }
                    } catch(err) {}
                    })();
                    /* ]]> */
                    // -->
                    </script>
                    <script type="text/javascript">//<!--
                    /* <![CDATA[ (viewProduct-active_data.js) */
                    dw.ac._capture({id: "6078857", type: "searchhit"});
                    /* ]]> */
                    // -->
                    </script>
                    <div class="product" data-pid="6078857">
                    <div class="product-tile pid-6078857 ct-product-tile data-layer-pushed" data-delay-time="3000" data-variants-mapping="[]" data-in-cart-msg="no carrinho" data-one-product-added="Adicionado ao carrinho" data-remove-from-cart-msg="Removido do carrinho" data-stay-open="6000.0" data-product-tile-impression="{&quot;name&quot;:&quot;6078857&quot;,&quot;id&quot;:&quot;6078857&quot;,&quot;price&quot;:3.74,&quot;brand&quot;:&quot;Yoggi&quot;,&quot;category&quot;:[{&quot;category_level_1&quot;:&quot;Laticínios e Ovos&quot;},{&quot;category_level_2&quot;:&quot;Iogurtes&quot;},{&quot;category_level_3&quot;:&quot;Iogurtes Líquidos&quot;}],&quot;variant&quot;:&quot;&quot;}">
                    <div class="ct-inner-tile-wrap row no-gutters justify-content-center align-content-start">
                    <div class="ct-product-tile-badge ct-product-tile-badge--promotional">
                    <img class="img-fluid lazyloaded" loading="lazy" data-src="https://www.continente.pt/dw/image/v2/BDVS_PRD/on/demandware.static/-/Sites-continente-Library/default/dwf5980f2e/images/badges/pvpr/col/pvpr.png?sw=60&amp;sh=42" alt="PVP Recomendado: €4,91/un" title="PVP Recomendado: €4,91/un" src="https://www.continente.pt/dw/image/v2/BDVS_PRD/on/demandware.static/-/Sites-continente-Library/default/dwf5980f2e/images/badges/pvpr/col/pvpr.png?sw=60&amp;sh=42">
                    <div class="ct-product-tile-badge-value-wrapper ct-product-tile-badge-value-wrapper--pvpr  ">
                    <div class="ct-product-tile-badge-addition d-flex flex-column align-self-center text-center">
                    <span class="ct-product-tile-badge-addition--sign">
                    +
                    </span>
                    <span class="ct-product-tile-badge-addition--text">
                    DE
                    </span>
                    </div>
                    <span class="ct-product-tile-badge-value--pvpr">
                    20
                    </span>
                    <span class="ct-product-tile-badge-value--pvpr-quantifier ">
                    %
                    </span>
                    </div>
                    </div>
                    
                    <div class="ct-image-container col-4 col-sm" data-confirmation-image="{&quot;url&quot;:&quot;https://www.continente.pt/dw/image/v2/BDVS_PRD/on/demandware.static/-/Sites-col-master-catalog/default/dw9638a767/images/col/607/6078857-frente.jpg?sw=87&amp;sh=80&quot;,&quot;fallbackimage&quot;:{&quot;url&quot;:&quot;https://www.continente.pt/dw/image/v2/BDVS_PRD/on/demandware.static/Sites-continente-Site/-/default/dw7c42b4da/images/noimagelarge_product.png?sw=87&amp;sh=80&quot;,&quot;title&quot;:&quot;Iogurte Líquido Morango&quot;,&quot;alt&quot;:&quot;Iogurte Líquido Morango&quot;},&quot;title&quot;:&quot;Iogurte Líquido Morango&quot;,&quot;alt&quot;:&quot;Iogurte Líquido Morango&quot;}">
                    <a href="https://www.continente.pt/produto/iogurte-liquido-morango-yoggi-6078857.html?cgid=laticinios">
                    <picture class="intrinsic intrinsic--square">
                    <img class="ct-tile-image lazyloaded" loading="lazy" onerror="this.onerror=null;this.src='/on/demandware.static/Sites-continente-Site/-/default/dw7c42b4da/images/noimagelarge_product.png';" data-src="https://www.continente.pt/dw/image/v2/BDVS_PRD/on/demandware.static/-/Sites-col-master-catalog/default/dw9638a767/images/col/607/6078857-frente.jpg?sw=280&amp;sh=280" alt="Iogurte Líquido Morango" title="Iogurte Líquido Morango" src="https://www.continente.pt/dw/image/v2/BDVS_PRD/on/demandware.static/-/Sites-col-master-catalog/default/dw9638a767/images/col/607/6078857-frente.jpg?sw=280&amp;sh=280">
                    </picture>
                    </a>
                    <div class="color-swatches d-flex" style="margin-left: 5px;">
                    <div class="swatches d-flex">
                    </div>
                    </div>
                    </div>
                    <div class="ct-tile-body col col-sm-auto ">
                    <div class="ct-pdp-details">
                    <div class="ct-pdp-link">
                    <a class="ct-tile--description" href="https://www.continente.pt/produto/iogurte-liquido-morango-yoggi-6078857.html?cgid=laticinios">Iogurte Líquido Morango</a>
                    <div class="ct-tile--favorite-top d-sm-none">
                    <button class="wishlist-toggler guest-mode inactive button button--tertiary" data-pid="6078857" data-add-url="https://www.continente.pt/on/demandware.store/Sites-continente-Site/default/Wishlist-AddProduct?pid=6078857" data-toggle="tooltip" aria-label="Adicionar aos favoritos " data-original-title="Adicionar aos favoritos" data-placement="top">
                    <svg class="active-content" width="100%" height="100%" viewBox="0 0 20 22" fill="none" xmlns="http://www.w3.org/2000/svg">
                    <path fill-rule="evenodd" clip-rule="evenodd" d="M0 1.53052C0 0.685236 0.692171 0 1.54601 0H15.0736C15.9274 0 16.6196 0.685235 16.6196 1.53052V13.4064L15.8127 13.922L14.2658 14.2658L12.7189 13.4064L10.6054 14.3818C10.4994 14.2451 10.3327 14.157 10.1452 14.157H6.76329C6.4431 14.157 6.18354 14.414 6.18354 14.731C6.18354 15.0479 6.4431 15.3049 6.76329 15.3049H10.1452C10.2478 15.3049 10.3441 15.2785 10.4277 15.2322L10.3126 16.8439L13.2345 20.2793H1.54601C0.69217 20.2793 0 19.5941 0 18.7488V1.53052ZM6.18354 5.5483C6.18354 5.23132 6.4431 4.97436 6.76329 4.97436H12.3676C12.6878 4.97436 12.9473 5.23132 12.9473 5.5483C12.9473 5.86528 12.6878 6.12224 12.3676 6.12224H6.76329C6.4431 6.12224 6.18354 5.86528 6.18354 5.5483ZM6.76329 11.0961C6.4431 11.0961 6.18354 11.3531 6.18354 11.6701C6.18354 11.987 6.4431 12.244 6.76329 12.244H12.3676C12.6878 12.244 12.9473 11.987 12.9473 11.6701C12.9473 11.3531 12.6878 11.0961 12.3676 11.0961H6.76329ZM6.18354 8.60985C6.18354 8.29287 6.4431 8.03591 6.76329 8.03591H12.3676C12.6878 8.03591 12.9473 8.29287 12.9473 8.60985C12.9473 8.92684 12.6878 9.1838 12.3676 9.1838H6.76329C6.4431 9.1838 6.18354 8.92684 6.18354 8.60985ZM3.67118 5.5483C3.67118 5.23132 3.93075 4.97436 4.25093 4.97436H4.63743C4.95762 4.97436 5.21719 5.23132 5.21719 5.5483C5.21719 5.86528 4.95762 6.12224 4.63743 6.12224H4.25093C3.93075 6.12224 3.67118 5.86528 3.67118 5.5483ZM4.25093 11.0961C3.93075 11.0961 3.67118 11.3531 3.67118 11.6701C3.67118 11.987 3.93075 12.244 4.25093 12.244H4.63743C4.95762 12.244 5.21719 11.987 5.21719 11.6701C5.21719 11.3531 4.95762 11.0961 4.63743 11.0961H4.25093ZM3.67118 8.60985C3.67118 8.29287 3.93075 8.03591 4.25093 8.03591H4.63743C4.95762 8.03591 5.21719 8.29287 5.21719 8.60985C5.21719 8.92684 4.95762 9.1838 4.63743 9.1838H4.25093C3.93075 9.1838 3.67118 8.92684 3.67118 8.60985ZM4.25093 14.157C3.93075 14.157 3.67118 14.414 3.67118 14.731C3.67118 15.0479 3.93075 15.3049 4.25093 15.3049H4.63743C4.95762 15.3049 5.21719 15.0479 5.21719 14.731C5.21719 14.414 4.95762 14.157 4.63743 14.157H4.25093Z" fill="#EB0203"></path>
                    <path fill-rule="evenodd" clip-rule="evenodd" d="M14.6252 13.6363C13.4918 12.6215 11.7817 12.5264 10.6569 13.4792C9.12421 14.7764 9.34841 16.8912 10.4409 18.0122L14.0159 21.6742C14.2197 21.8832 14.4928 22 14.7822 22C15.0737 22 15.3448 21.8852 15.5486 21.6762L19.1236 18.0142C20.214 16.8933 20.4423 14.7785 18.9075 13.4792C17.7827 12.5283 16.0724 12.6217 14.9391 13.6365C14.8855 13.6845 14.8331 13.7345 14.7822 13.7866C14.7313 13.7345 14.6789 13.6843 14.6252 13.6363ZM18.1546 14.3522C19.0973 15.1508 18.9962 16.4896 18.2891 17.2173C18.2888 17.2175 18.2886 17.2177 18.2884 17.218L14.7832 20.8084L11.2753 17.2151C11.2752 17.215 11.2751 17.2149 11.2749 17.2148C10.5677 16.4887 10.4678 15.1495 11.4104 14.3518L11.4108 14.3514C12.0745 13.7892 13.2018 13.82 13.9488 14.5846L14.7822 15.4378L15.6157 14.5846C16.3617 13.8211 17.4896 13.79 18.1545 14.3521" fill="#EB0203"></path>
                    </svg>
                    <svg class="inactive-content" width="100%" height="100%" viewBox="0 0 20 23" fill="none" xmlns="http://www.w3.org/2000/svg">
                    <path fill-rule="evenodd" clip-rule="evenodd" d="M6.18408 5.77914C6.18408 5.46223 6.44363 5.20532 6.7638 5.20532H12.3678C12.6879 5.20532 12.9475 5.46223 12.9475 5.77914C12.9475 6.09606 12.6879 6.35297 12.3678 6.35297H6.7638C6.44363 6.35297 6.18408 6.09606 6.18408 5.77914Z" fill="#EB0203"></path>
                    <path fill-rule="evenodd" clip-rule="evenodd" d="M6.18408 11.9034C6.18408 11.5865 6.44363 11.3296 6.7638 11.3296H12.3678C12.6879 11.3296 12.9475 11.5865 12.9475 11.9034C12.9475 12.2202 12.6879 12.4771 12.3678 12.4771H6.7638C6.44363 12.4771 6.18408 12.2202 6.18408 11.9034Z" fill="#EB0203"></path>
                    <path fill-rule="evenodd" clip-rule="evenodd" d="M6.18408 8.84116C6.18408 8.52424 6.44363 8.26733 6.7638 8.26733H12.3678C12.6879 8.26733 12.9475 8.52424 12.9475 8.84116C12.9475 9.15807 12.6879 9.41498 12.3678 9.41498H6.7638C6.44363 9.41498 6.18408 9.15807 6.18408 8.84116Z" fill="#EB0203"></path>
                    <path fill-rule="evenodd" clip-rule="evenodd" d="M6.18408 14.9655C6.18408 14.6486 6.44363 14.3917 6.7638 14.3917H10.1455C10.4657 14.3917 10.7252 14.6486 10.7252 14.9655C10.7252 15.2825 10.4657 15.5394 10.1455 15.5394H6.7638C6.44363 15.5394 6.18408 15.2825 6.18408 14.9655Z" fill="#EB0203"></path>
                    <path fill-rule="evenodd" clip-rule="evenodd" d="M3.67139 5.77914C3.67139 5.46223 3.93094 5.20532 4.25111 5.20532H4.63759C4.95776 5.20532 5.21731 5.46223 5.21731 5.77914C5.21731 6.09606 4.95776 6.35297 4.63759 6.35297H4.25111C3.93094 6.35297 3.67139 6.09606 3.67139 5.77914Z" fill="#EB0203"></path>
                    <path fill-rule="evenodd" clip-rule="evenodd" d="M3.67139 11.9034C3.67139 11.5865 3.93094 11.3296 4.25111 11.3296H4.63759C4.95776 11.3296 5.21731 11.5865 5.21731 11.9034C5.21731 12.2202 4.95776 12.4771 4.63759 12.4771H4.25111C3.93094 12.4771 3.67139 12.2202 3.67139 11.9034Z" fill="#EB0203"></path>
                    <path fill-rule="evenodd" clip-rule="evenodd" d="M3.67139 8.84116C3.67139 8.52424 3.93094 8.26733 4.25111 8.26733H4.63759C4.95776 8.26733 5.21731 8.52424 5.21731 8.84116C5.21731 9.15807 4.95776 9.41498 4.63759 9.41498H4.25111C3.93094 9.41498 3.67139 9.15807 3.67139 8.84116Z" fill="#EB0203"></path>
                    <path fill-rule="evenodd" clip-rule="evenodd" d="M3.67139 14.9655C3.67139 14.6486 3.93094 14.3917 4.25111 14.3917H4.63759C4.95776 14.3917 5.21731 14.6486 5.21731 14.9655C5.21731 15.2825 4.95776 15.5394 4.63759 15.5394H4.25111C3.93094 15.5394 3.67139 15.2825 3.67139 14.9655Z" fill="#EB0203"></path>
                    <path fill-rule="evenodd" clip-rule="evenodd" d="M0 1.76033C0 0.914738 0.692131 0.229248 1.54592 0.229248H15.0727C15.9265 0.229248 16.6186 0.914738 16.6186 1.76033V11.2818C16.6186 11.5989 16.3591 11.8559 16.0389 11.8559C15.7187 11.8559 15.4592 11.5989 15.4592 11.2818V1.76033C15.4592 1.54893 15.2862 1.37756 15.0727 1.37756H1.54592C1.33247 1.37756 1.15944 1.54893 1.15944 1.76033V18.985C1.15944 19.1964 1.33247 19.3678 1.54592 19.3678H9.27551C9.59568 19.3678 9.85523 19.6249 9.85523 19.942C9.85523 20.2591 9.59568 20.5161 9.27551 20.5161H1.54592C0.692131 20.5161 0 19.8306 0 18.985V1.76033Z" fill="#EB0203"></path>
                    <path fill-rule="evenodd" clip-rule="evenodd" d="M14.6254 13.8718C13.4921 12.8567 11.7821 12.7615 10.6574 13.7147C9.12472 15.0124 9.34891 17.128 10.4413 18.2493L14.0161 21.9126C14.2199 22.1217 14.493 22.2386 14.7824 22.2386C15.0739 22.2386 15.3449 22.1238 15.5487 21.9147L19.1235 18.2514C20.2139 17.13 20.4422 15.0144 18.9075 13.7147C17.7827 12.7634 16.0726 12.8569 14.9392 13.872C14.8856 13.92 14.8333 13.9701 14.7824 14.0222C14.7314 13.97 14.6791 13.9199 14.6254 13.8718ZM18.1546 14.588C19.0972 15.3869 18.9961 16.7262 18.2891 17.4541C18.2888 17.4543 18.2886 17.4546 18.2884 17.4548L14.7834 21.0466L11.2757 17.452C11.2756 17.4519 11.2755 17.4517 11.2753 17.4516C10.5681 16.7252 10.4682 15.3856 11.4108 14.5876L11.4112 14.5872C12.0748 14.0248 13.202 14.0556 13.949 14.8205L14.7824 15.674L15.6158 14.8205C16.3618 14.0567 17.4896 14.0256 18.1545 14.5879" fill="#EB0203"></path>
                    </svg>
                    </button>
                    </div>
                    </div>
                    <p class="ct-tile--brand">Yoggi</p>
                    <p class="ct-tile--quantity">emb. 960 gr (8 un)</p>
                    </div>
                    <div class="ct-tile-bottom row no-gutters justify-content-between">
                    <div class="ct-price-wrap col-8 col-sm-12">
                    <div class="price js-product-price">
                    <div class="prices-wrapper">
                    <span class="sales ct-tile--price-primary ">
                    <span class="value" content="3.74">
                    <span class="ct-price-formatted">
                    €3,74
                    </span>
                    <span class="ct-m-unit">
                    /un
                    </span>
                    </span>
                    </span>
                    </div>
                    <div class="ct-tile--price-secondary">
                    <span class="ct-price-value">
                    €2,92
                    </span>
                    <span class="ct-m-unit">
                    /kg
                    </span>
                    </div>
                    <p class="ct-discount-amount ct-discount-amount-pvpr">PVP Recomendado: €4,91/un</p>
                    </div>
                    </div>
                    <div class="ct-tile-buy-section d-flex justify-content-center no-gutters col-auto col-sm-12">
                    <div class="col-2 d-sm-flex d-none">
                    <button class="wishlist-toggler guest-mode inactive button button--tertiary" data-pid="6078857" data-add-url="https://www.continente.pt/on/demandware.store/Sites-continente-Site/default/Wishlist-AddProduct?pid=6078857" data-toggle="tooltip" aria-label="Adicionar aos favoritos " data-original-title="Adicionar aos favoritos" data-placement="top">
                    <svg class="active-content" width="100%" height="100%" viewBox="0 0 20 22" fill="none" xmlns="http://www.w3.org/2000/svg">
                    <path fill-rule="evenodd" clip-rule="evenodd" d="M0 1.53052C0 0.685236 0.692171 0 1.54601 0H15.0736C15.9274 0 16.6196 0.685235 16.6196 1.53052V13.4064L15.8127 13.922L14.2658 14.2658L12.7189 13.4064L10.6054 14.3818C10.4994 14.2451 10.3327 14.157 10.1452 14.157H6.76329C6.4431 14.157 6.18354 14.414 6.18354 14.731C6.18354 15.0479 6.4431 15.3049 6.76329 15.3049H10.1452C10.2478 15.3049 10.3441 15.2785 10.4277 15.2322L10.3126 16.8439L13.2345 20.2793H1.54601C0.69217 20.2793 0 19.5941 0 18.7488V1.53052ZM6.18354 5.5483C6.18354 5.23132 6.4431 4.97436 6.76329 4.97436H12.3676C12.6878 4.97436 12.9473 5.23132 12.9473 5.5483C12.9473 5.86528 12.6878 6.12224 12.3676 6.12224H6.76329C6.4431 6.12224 6.18354 5.86528 6.18354 5.5483ZM6.76329 11.0961C6.4431 11.0961 6.18354 11.3531 6.18354 11.6701C6.18354 11.987 6.4431 12.244 6.76329 12.244H12.3676C12.6878 12.244 12.9473 11.987 12.9473 11.6701C12.9473 11.3531 12.6878 11.0961 12.3676 11.0961H6.76329ZM6.18354 8.60985C6.18354 8.29287 6.4431 8.03591 6.76329 8.03591H12.3676C12.6878 8.03591 12.9473 8.29287 12.9473 8.60985C12.9473 8.92684 12.6878 9.1838 12.3676 9.1838H6.76329C6.4431 9.1838 6.18354 8.92684 6.18354 8.60985ZM3.67118 5.5483C3.67118 5.23132 3.93075 4.97436 4.25093 4.97436H4.63743C4.95762 4.97436 5.21719 5.23132 5.21719 5.5483C5.21719 5.86528 4.95762 6.12224 4.63743 6.12224H4.25093C3.93075 6.12224 3.67118 5.86528 3.67118 5.5483ZM4.25093 11.0961C3.93075 11.0961 3.67118 11.3531 3.67118 11.6701C3.67118 11.987 3.93075 12.244 4.25093 12.244H4.63743C4.95762 12.244 5.21719 11.987 5.21719 11.6701C5.21719 11.3531 4.95762 11.0961 4.63743 11.0961H4.25093ZM3.67118 8.60985C3.67118 8.29287 3.93075 8.03591 4.25093 8.03591H4.63743C4.95762 8.03591 5.21719 8.29287 5.21719 8.60985C5.21719 8.92684 4.95762 9.1838 4.63743 9.1838H4.25093C3.93075 9.1838 3.67118 8.92684 3.67118 8.60985ZM4.25093 14.157C3.93075 14.157 3.67118 14.414 3.67118 14.731C3.67118 15.0479 3.93075 15.3049 4.25093 15.3049H4.63743C4.95762 15.3049 5.21719 15.0479 5.21719 14.731C5.21719 14.414 4.95762 14.157 4.63743 14.157H4.25093Z" fill="#EB0203"></path>
                    <path fill-rule="evenodd" clip-rule="evenodd" d="M14.6252 13.6363C13.4918 12.6215 11.7817 12.5264 10.6569 13.4792C9.12421 14.7764 9.34841 16.8912 10.4409 18.0122L14.0159 21.6742C14.2197 21.8832 14.4928 22 14.7822 22C15.0737 22 15.3448 21.8852 15.5486 21.6762L19.1236 18.0142C20.214 16.8933 20.4423 14.7785 18.9075 13.4792C17.7827 12.5283 16.0724 12.6217 14.9391 13.6365C14.8855 13.6845 14.8331 13.7345 14.7822 13.7866C14.7313 13.7345 14.6789 13.6843 14.6252 13.6363ZM18.1546 14.3522C19.0973 15.1508 18.9962 16.4896 18.2891 17.2173C18.2888 17.2175 18.2886 17.2177 18.2884 17.218L14.7832 20.8084L11.2753 17.2151C11.2752 17.215 11.2751 17.2149 11.2749 17.2148C10.5677 16.4887 10.4678 15.1495 11.4104 14.3518L11.4108 14.3514C12.0745 13.7892 13.2018 13.82 13.9488 14.5846L14.7822 15.4378L15.6157 14.5846C16.3617 13.8211 17.4896 13.79 18.1545 14.3521" fill="#EB0203"></path>
                    </svg>
                    <svg class="inactive-content" width="100%" height="100%" viewBox="0 0 20 23" fill="none" xmlns="http://www.w3.org/2000/svg">
                    <path fill-rule="evenodd" clip-rule="evenodd" d="M6.18408 5.77914C6.18408 5.46223 6.44363 5.20532 6.7638 5.20532H12.3678C12.6879 5.20532 12.9475 5.46223 12.9475 5.77914C12.9475 6.09606 12.6879 6.35297 12.3678 6.35297H6.7638C6.44363 6.35297 6.18408 6.09606 6.18408 5.77914Z" fill="#EB0203"></path>
                    <path fill-rule="evenodd" clip-rule="evenodd" d="M6.18408 11.9034C6.18408 11.5865 6.44363 11.3296 6.7638 11.3296H12.3678C12.6879 11.3296 12.9475 11.5865 12.9475 11.9034C12.9475 12.2202 12.6879 12.4771 12.3678 12.4771H6.7638C6.44363 12.4771 6.18408 12.2202 6.18408 11.9034Z" fill="#EB0203"></path>
                    <path fill-rule="evenodd" clip-rule="evenodd" d="M6.18408 8.84116C6.18408 8.52424 6.44363 8.26733 6.7638 8.26733H12.3678C12.6879 8.26733 12.9475 8.52424 12.9475 8.84116C12.9475 9.15807 12.6879 9.41498 12.3678 9.41498H6.7638C6.44363 9.41498 6.18408 9.15807 6.18408 8.84116Z" fill="#EB0203"></path>
                    <path fill-rule="evenodd" clip-rule="evenodd" d="M6.18408 14.9655C6.18408 14.6486 6.44363 14.3917 6.7638 14.3917H10.1455C10.4657 14.3917 10.7252 14.6486 10.7252 14.9655C10.7252 15.2825 10.4657 15.5394 10.1455 15.5394H6.7638C6.44363 15.5394 6.18408 15.2825 6.18408 14.9655Z" fill="#EB0203"></path>
                    <path fill-rule="evenodd" clip-rule="evenodd" d="M3.67139 5.77914C3.67139 5.46223 3.93094 5.20532 4.25111 5.20532H4.63759C4.95776 5.20532 5.21731 5.46223 5.21731 5.77914C5.21731 6.09606 4.95776 6.35297 4.63759 6.35297H4.25111C3.93094 6.35297 3.67139 6.09606 3.67139 5.77914Z" fill="#EB0203"></path>
                    <path fill-rule="evenodd" clip-rule="evenodd" d="M3.67139 11.9034C3.67139 11.5865 3.93094 11.3296 4.25111 11.3296H4.63759C4.95776 11.3296 5.21731 11.5865 5.21731 11.9034C5.21731 12.2202 4.95776 12.4771 4.63759 12.4771H4.25111C3.93094 12.4771 3.67139 12.2202 3.67139 11.9034Z" fill="#EB0203"></path>
                    <path fill-rule="evenodd" clip-rule="evenodd" d="M3.67139 8.84116C3.67139 8.52424 3.93094 8.26733 4.25111 8.26733H4.63759C4.95776 8.26733 5.21731 8.52424 5.21731 8.84116C5.21731 9.15807 4.95776 9.41498 4.63759 9.41498H4.25111C3.93094 9.41498 3.67139 9.15807 3.67139 8.84116Z" fill="#EB0203"></path>
                    <path fill-rule="evenodd" clip-rule="evenodd" d="M3.67139 14.9655C3.67139 14.6486 3.93094 14.3917 4.25111 14.3917H4.63759C4.95776 14.3917 5.21731 14.6486 5.21731 14.9655C5.21731 15.2825 4.95776 15.5394 4.63759 15.5394H4.25111C3.93094 15.5394 3.67139 15.2825 3.67139 14.9655Z" fill="#EB0203"></path>
                    <path fill-rule="evenodd" clip-rule="evenodd" d="M0 1.76033C0 0.914738 0.692131 0.229248 1.54592 0.229248H15.0727C15.9265 0.229248 16.6186 0.914738 16.6186 1.76033V11.2818C16.6186 11.5989 16.3591 11.8559 16.0389 11.8559C15.7187 11.8559 15.4592 11.5989 15.4592 11.2818V1.76033C15.4592 1.54893 15.2862 1.37756 15.0727 1.37756H1.54592C1.33247 1.37756 1.15944 1.54893 1.15944 1.76033V18.985C1.15944 19.1964 1.33247 19.3678 1.54592 19.3678H9.27551C9.59568 19.3678 9.85523 19.6249 9.85523 19.942C9.85523 20.2591 9.59568 20.5161 9.27551 20.5161H1.54592C0.692131 20.5161 0 19.8306 0 18.985V1.76033Z" fill="#EB0203"></path>
                    <path fill-rule="evenodd" clip-rule="evenodd" d="M14.6254 13.8718C13.4921 12.8567 11.7821 12.7615 10.6574 13.7147C9.12472 15.0124 9.34891 17.128 10.4413 18.2493L14.0161 21.9126C14.2199 22.1217 14.493 22.2386 14.7824 22.2386C15.0739 22.2386 15.3449 22.1238 15.5487 21.9147L19.1235 18.2514C20.2139 17.13 20.4422 15.0144 18.9075 13.7147C17.7827 12.7634 16.0726 12.8569 14.9392 13.872C14.8856 13.92 14.8333 13.9701 14.7824 14.0222C14.7314 13.97 14.6791 13.9199 14.6254 13.8718ZM18.1546 14.588C19.0972 15.3869 18.9961 16.7262 18.2891 17.4541C18.2888 17.4543 18.2886 17.4546 18.2884 17.4548L14.7834 21.0466L11.2757 17.452C11.2756 17.4519 11.2755 17.4517 11.2753 17.4516C10.5681 16.7252 10.4682 15.3856 11.4108 14.5876L11.4112 14.5872C12.0748 14.0248 13.202 14.0556 13.949 14.8205L14.7824 15.674L15.6158 14.8205C16.3618 14.0567 17.4896 14.0256 18.1545 14.5879" fill="#EB0203"></path>
                    </svg>
                    </button>
                    </div>
                    <div class="col-sm-10 col-12">
                    <div class="ct-tile-quantity d-none" data-pid="6078857">
                    <input type="hidden" class="add-to-cart-url" value="https://www.continente.pt/on/demandware.store/Sites-continente-Site/default/Cart-AddProduct">
                    <div class="d-none tile-delete-confirmation-btn" data-pid="6078857" data-delay-time="3000" data-in-cart-msg="no carrinho" data-one-product-added="Adicionado ao carrinho" data-remove-from-cart-msg="Removido do carrinho" data-stay-open="6000.0" data-confirmation-image="{&quot;url&quot;:&quot;https://www.continente.pt/dw/image/v2/BDVS_PRD/on/demandware.static/-/Sites-col-master-catalog/default/dw9638a767/images/col/607/6078857-frente.jpg?sw=87&amp;sh=80&quot;,&quot;fallbackimage&quot;:{&quot;url&quot;:&quot;https://www.continente.pt/dw/image/v2/BDVS_PRD/on/demandware.static/Sites-continente-Site/-/default/dw7c42b4da/images/noimagelarge_product.png?sw=87&amp;sh=80&quot;,&quot;title&quot;:&quot;Iogurte Líquido Morango&quot;,&quot;alt&quot;:&quot;Iogurte Líquido Morango&quot;},&quot;title&quot;:&quot;Iogurte Líquido Morango&quot;,&quot;alt&quot;:&quot;Iogurte Líquido Morango&quot;}"></div>
                    <div class="ct-tile-quantity-update quantity-update product-qty-vue" data-remove-action="https://www.continente.pt/on/demandware.store/Sites-continente-Site/default/Cart-RemoveProductLineItem" data-action="https://www.continente.pt/on/demandware.store/Sites-continente-Site/default/Cart-UpdateQuantity" data-dimension-update="https://www.continente.pt/on/demandware.store/Sites-continente-Site/default/Cart-DimensionUpdate" data-pid="6078857" data-uuid="bb2df0a63975061e6635e061c2" data-add-delay="500.0" data-measure-options="{&quot;hasConversionRate&quot;:false,&quot;hasAlternativeSaleUnit&quot;:false,&quot;unitConversionRate&quot;:0,&quot;minOrderQuantity&quot;:1,&quot;stepQuantity&quot;:1,&quot;primaryunit&quot;:&quot;un&quot;,&quot;secondaryunit&quot;:&quot;kg&quot;,&quot;selectedunit&quot;:&quot;primary&quot;,&quot;maxNumberOfUnitsPerSale&quot;:50}" data-price-available="null" :data-has-error="isMaxQtyReached || isMinQtyReached || qtySelectedMoreThanOne">
                    <template v-show="prodUnits">
                    <div class="quantity-input-wrapper has-units">
                    <label class="visually-hidden" :for="'quantity-' + pid + additionalTag">
                    Quantidade no carrinho
                    </label>
                    <input :ref="'quantityInput-' + pid + additionalTag" class="add-to-cart-quantity form-control ct-form-input text-center" inputmode="numeric" :class="{'is-invalid': isInvalid}" :data-pid="pid + additionalTag" :name="'quantity-' + pid + additionalTag" type="text" aria-label="Insira a quantidade" title="" v-model="displayValue" @change="updateQuantity" @focus="updateQtyFormat" @blur="restoreQtyFormat" :disabled="!isPriceAvailable">
                    <span class="quantity-icon quantity-icon--minus">
                    <button class="decrease-quantity-btn" @click="updateQuantity" :disabled="!isPriceAvailable" role="button" aria-label="Reduzir quantidade">
                    <i class="css-math-minus"></i>
                    </button>
                    </span>
                    <span class="quantity-icon quantity-icon--plus">
                    <button class="increase-quantity-btn" @click="updateQuantity" :disabled="isMaxQtyReached || !isPriceAvailable" role="button" aria-label="Aumentar quantidade">
                    <i class="css-math-plus"></i>
                    </button>
                    <span class="quantity-btn-disabled-placeholder"></span>
                    </span>
                    <template v-if="isPDP">
                    <span class="quantity-error ct-span-error text-sm-center product-max-allocation" v-if="isMaxQtyReached">
                    Quantidade máxima atingida
                    </span>
                    <span class="quantity-error ct-span-product text-sm-center product-allocation" v-if="!isMinQtyReached &amp;&amp; !isMaxQtyReached">
                    {{quantitySelected}} no carrinho
                    </span>
                    <span class="quantity-error ct-span-error text-sm-center product-min-allocation" :data-pid="pid" v-if="isMinQtyReached &amp;&amp; !isMaxQtyReached">
                    Quantidade mínima atingida
                    </span>
                    </template>
                    </div>
                    <template v-if="showNotes">
                    <div class="add-note-link-container ">
                    <div class="add-note">
                    <a href="/produto/iogurte-liquido-morango-yoggi-6078857.html?showNote=true" class="ct-add-note-redirect-pdp" aria-label="Adicionar comentário">
                    <span class="svg-wrapper svg-icon-notes" style="width:19px; height:20px">
                    <svg class="svg-inline icon-notes" viewBox="0 0 28 30" xmlns="http://www.w3.org/2000/svg" width="100%" height="100%"><path d="M21.738 0C22.985 0 24 1.04 24 2.319V12.47c0 .469-.37.848-.828.848-.457 0-.827-.38-.827-.848V2.32c0-.343-.273-.622-.607-.622H2.262c-.334 0-.607.279-.607.622V27.68c0 .343.273.622.607.622h7.81c.457 0 .827.38.827.849 0 .468-.37.848-.827.848h-7.81C1.015 30 0 28.96 0 27.681V2.32C0 1.04 1.015 0 2.262 0h19.476zm2.844 16.004l.227.007c.823.053 1.589.39 2.176.964.64.627.993 1.46.993 2.349 0 .888-.353 1.722-.993 2.348l-6.83 6.665c-.11.108-.247.186-.397.226l-5.032 1.363c-.078.021-.16.032-.241.032-.242 0-.478-.097-.647-.266-.23-.231-.314-.566-.218-.874l1.49-4.798c.044-.139.122-.266.227-.369l6.844-6.677c.64-.625 1.493-.97 2.401-.97zm-2.886 3.94l-4.922 4.802-.947 3.048 3.22-.872 4.897-4.78-2.248-2.197zm2.887-2.174c-.425 0-.824.162-1.124.455l-.484.472 2.248 2.197.484-.472c.62-.606.62-1.591 0-2.197l-.117-.104c-.283-.227-.636-.35-1.007-.35zm-10.839.022c.498 0 .904.396.904.883 0 .488-.406.884-.904.884H5.946c-.499 0-.904-.396-.904-.884 0-.487.405-.883.904-.883zm5.042-4.876c.498 0 .904.397.904.884s-.406.884-.904.884H5.946c-.499 0-.904-.397-.904-.884s.405-.884.904-.884zm0-4.875c.498 0 .904.396.904.884 0 .487-.406.883-.904.883H5.946c-.499 0-.904-.396-.904-.883 0-.488.405-.884.904-.884z" fill="#EB0203" fill-rule="evenodd"></path></svg>
                    </span>
                    <div class="available-note d-none"></div>
                    </a>
                    </div>
                    </div>
                    </template>
                    <div class="measurement-unit-section" v-if="isPriceAvailable &amp;&amp; prodUnits ? prodUnits.hasAlternativeUnit : false">
                    <div class="ct-form-radio" @click="setDimension">
                    <input type="radio" title="" class="ct-form-check-input product-measurement-unit" :data-type="prodUnits.selectedUnit == prodUnits.secondaryUnit ? 'primary' : ''" :id="prodUnits.secondaryUnit + '-' + pid + '-measurement-unit-ptile' + additionalTag" :name="'measurement-unit-' + pid + '-ptile' + additionalTag" :value="prodUnits.secondaryUnit" v-model="prodUnits.selectedUnit">
                    <label :class="prodUnits.secondaryUnit + '-label ct-form-check-label mb-0'" :for="prodUnits.secondaryUnit + '-' + pid + '-measurement-unit-ptile' + additionalTag">
                    {{prodUnits.secondaryUnit}}
                    </label>
                    <span class="checkmark"></span>
                    </div>
                    <div class="ct-form-radio" @click="setDimension">
                    <input type="radio" title="" class="ct-form-check-input product-measurement-unit" :data-type="prodUnits.selectedUnit == prodUnits.primaryUnit ? 'primary' : ''" :id="prodUnits.primaryUnit + '-' + pid + '-measurement-unit-ptile' + additionalTag" :name="'measurement-unit-' + pid + '-ptile' + additionalTag" :value="prodUnits.primaryUnit" v-model="prodUnits.selectedUnit">
                    <label :class="prodUnits.primaryUnit + '-label ct-form-check-label mb-0'" :for="prodUnits.primaryUnit + '-' + pid + '-measurement-unit-ptile' + additionalTag">
                    {{prodUnits.primaryUnit}}
                    </label>
                    <span class="checkmark"></span>
                    </div>
                    </div>
                    <template v-if="!isPDP &amp;&amp; isPriceAvailable">
                    <span class="quantity-error ct-span-error product-max-allocation" v-if="isMaxQtyReached">
                    Quantidade máxima atingida
                    </span>
                    <span class="quantity-error ct-span-product product-allocation" v-if="!isMinQtyReached &amp;&amp; !isMaxQtyReached">
                    {{quantitySelected}} no carrinho
                    </span>
                    <span class="quantity-error ct-span-error product-min-allocation" :data-pid="pid" v-if="isMinQtyReached &amp;&amp; !isMaxQtyReached">
                    Quantidade mínima atingida
                    </span>
                    </template>
                    </template>
                    </div>
                    <input class="quantity-value-mask d-none" name="quantity" type="number" min="0" value="">
                    </div>
                    <button type="button" class="add-to-cart button js-add-to-cart js-add-to-cart-tile 6078857 button--primary dynamic-layout-btn" data-toggle="modal" data-target="#chooseBonusProductModal" data-pid="6078857" data-quantity-value="null" aria-label="Carrinho">
                    <span class="d-block d-sm-none">
                    <span class="svg-wrapper svg-icon-cart" style="width:20px; height:20px">
                    <svg class="svg-inline icon-cart" xmlns="http://www.w3.org/2000/svg" viewBox="0 0 500 500" width="100%" height="100%"><path fill="#EB0203" fill-rule="evenodd" d="M 485.67317,94.386311 C 476.37798,83.847129 463.09468,78.03348 448.30404,78.03348 H 90.690813 L 87.079511,51.327997 C 83.185582,22.539551 62.962285,0 41.011841,0 H 14.727836 C 6.563151,0 0,6.5286975 0,14.580758 c 0,8.05206 6.5945535,14.580758 14.727836,14.580758 h 26.284005 c 4.710398,0 14.696435,9.855222 16.894619,26.021523 L 100.01739,368.0631 c 1.88416,13.77244 9.01256,26.70549 20.1605,36.37417 8.25889,7.15046 18.02511,11.9071 28.26237,13.89679 -4.17655,7.58572 -6.53175,16.25957 -6.53175,25.493 0,29.53459 24.27424,53.59751 54.13815,53.59751 29.8325,0 54.13814,-24.03184 54.13814,-53.59751 0,-8.79818 -2.19818,-17.09897 -5.9979,-24.43598 h 77.12488 c -3.79973,7.33701 -5.96652,15.6378 -5.96652,24.43598 0,29.53459 24.27424,53.59751 54.13817,53.59751 29.83249,0 54.13814,-24.03184 54.13814,-53.59751 0,-8.79818 -2.1982,-17.09897 -5.9979,-24.43598 h 38.56243 c 8.13328,0 14.72783,-6.5287 14.72783,-14.61183 0,-8.02098 -6.59455,-14.54967 -14.72783,-14.54967 H 159.24277 c -14.38241,0 -28.13677,-11.90711 -30.02092,-26.02153 l -3.07746,-22.88154 h 290.6314 c 14.03698,0 27.94834,-5.28513 39.06488,-14.95381 11.11652,-9.6376 18.27632,-22.57065 20.16048,-36.37417 l 21.10259,-156.78201 c 1.94694,-14.51858 -2.10398,-28.29103 -11.43057,-38.861299 z M 220.76053,443.82706 c 0,13.49265 -11.08513,24.46709 -24.68247,24.46709 -13.62874,0 -24.71387,-10.97444 -24.71387,-24.46709 0,-13.49262 11.08513,-24.43598 24.71387,-24.43598 13.59734,0 24.68247,10.94336 24.68247,24.43598 z m 173.43675,0 c 0,13.49265 -11.08512,24.46709 -24.68245,24.46709 -13.62876,0 -24.71388,-10.97444 -24.71388,-24.46709 0,-13.49262 11.08512,-24.43598 24.71388,-24.43598 13.59733,0 24.68245,10.94336 24.68245,24.43598 z m 73.7648,-314.46558 -21.13397,156.782 c -1.88416,14.11442 -15.63851,26.05261 -30.02091,26.05261 H 122.25046 L 94.616142,107.19499 H 448.33544 c 6.18632,0 11.61896,2.2695 15.23028,6.37326 3.64269,4.13484 5.21283,9.73086 4.39636,15.79323 z"></path></svg>
                    </span>
                    </span>
                    <span class="add-to-cart--text d-none d-sm-block">Carrinho</span>
                    </button>
                    </div>
                    </div>
                    </div>
                    </div>
                    
                    <div class="col-12 d-sm-none">
                    </div>
                    </div>
                    </div>
                    </div>
                    </div>
                    <div class="col-12 col-sm-3 col-lg-2 productTile" data-idx="17">
                    
                    <script type="text/javascript">//<!--
                    /* <![CDATA[ */
                    (function(){
                    try {
                        if(window.CQuotient) {
                        var cq_params = {};
                        
                        cq_params.cookieId = window.CQuotient.getCQCookieId();
                        cq_params.userId = window.CQuotient.getCQUserId();
                        cq_params.emailId = CQuotient.getCQHashedEmail();
                        cq_params.loginId = CQuotient.getCQHashedLogin();
                        cq_params.accumulate = true;
                        cq_params.products = [{
                            id: '2482134',
                            sku: ''
                        }];
                        cq_params.categoryId = 'laticinios';
                        cq_params.refinements = '[{\"name\":\"priceMin\",\"value\":\"0.01\"},{\"name\":\"priceMax\",\"value\":\"null\"},{\"name\":\"curr\",\"value\":\"EUR\"},{\"name\":\"Category\",\"value\":\"laticinios\"}]';
                        cq_params.personalized = 'false';
                        cq_params.sortingRule = 'FOOD-Laticinios';
                        cq_params.imageUUID = '__UNDEFINED__';
                        cq_params.realm = "BDVS";
                        cq_params.siteId = "continente";
                        cq_params.instanceType = "prd";
                        cq_params.queryLocale = "default";
                        cq_params.locale = window.CQuotient.locale;
                        
                        if(window.CQuotient.sendActivity)
                            window.CQuotient.sendActivity(CQuotient.clientId, 'viewCategory', cq_params);
                        else
                            window.CQuotient.activities.push({
                                activityType: 'viewCategory',
                                parameters: cq_params
                            });
                      }
                    } catch(err) {}
                    })();
                    /* ]]> */
                    // -->
                    </script>
                    <script type="text/javascript">//<!--
                    /* <![CDATA[ (viewCategoryProduct-active_data.js) */
                    (function(){
                    try {
                        if (dw.ac) {
                            var search_params = {};
                            search_params.persd = 'false';
                            search_params.refs = '[{\"name\":\"priceMin\",\"value\":\"0.01\"},{\"name\":\"priceMax\",\"value\":\"null\"},{\"name\":\"curr\",\"value\":\"EUR\"},{\"name\":\"Category\",\"value\":\"laticinios\"}]';
                            search_params.sort = 'FOOD-Laticinios';
                            search_params.imageUUID = '';
                            search_params.searchID = 'ff60679a-0a42-4d90-af85-afdcdfaee427';
                            search_params.locale = 'default';
                            search_params.queryLocale = 'default';
                            search_params.showProducts = 'true';
                            dw.ac.applyContext({category: "laticinios", searchData: search_params});
                            if (typeof dw.ac._scheduleDataSubmission === "function") {
                                dw.ac._scheduleDataSubmission();
                            }
                        }
                    } catch(err) {}
                    })();
                    /* ]]> */
                    // -->
                    </script>
                    <script type="text/javascript">//<!--
                    /* <![CDATA[ (viewProduct-active_data.js) */
                    dw.ac._capture({id: "2482134", type: "searchhit"});
                    /* ]]> */
                    // -->
                    </script>
                    <div class="product" data-pid="2482134">
                    <div class="product-tile pid-2482134 ct-product-tile data-layer-pushed" data-delay-time="3000" data-variants-mapping="[]" data-in-cart-msg="no carrinho" data-one-product-added="Adicionado ao carrinho" data-remove-from-cart-msg="Removido do carrinho" data-stay-open="6000.0" data-product-tile-impression="{&quot;name&quot;:&quot;2482134&quot;,&quot;id&quot;:&quot;2482134&quot;,&quot;price&quot;:2.29,&quot;brand&quot;:&quot;Primor&quot;,&quot;category&quot;:[{&quot;category_level_1&quot;:&quot;Laticínios e Ovos&quot;},{&quot;category_level_2&quot;:&quot;Manteigas e Cremes para Barrar&quot;},{&quot;category_level_3&quot;:&quot;Manteigas&quot;}],&quot;variant&quot;:&quot;&quot;}">
                    <div class="ct-inner-tile-wrap row no-gutters justify-content-center align-content-start">
                    
                    <div class="ct-image-container col-4 col-sm" data-confirmation-image="{&quot;url&quot;:&quot;https://www.continente.pt/dw/image/v2/BDVS_PRD/on/demandware.static/-/Sites-col-master-catalog/default/dw8c1ca9e0/images/col/248/2482134-cima.jpg?sw=87&amp;sh=80&quot;,&quot;fallbackimage&quot;:{&quot;url&quot;:&quot;https://www.continente.pt/dw/image/v2/BDVS_PRD/on/demandware.static/Sites-continente-Site/-/default/dw7c42b4da/images/noimagelarge_product.png?sw=87&amp;sh=80&quot;,&quot;title&quot;:&quot;Manteiga com Sal&quot;,&quot;alt&quot;:&quot;Manteiga com Sal&quot;},&quot;title&quot;:&quot;Manteiga com Sal&quot;,&quot;alt&quot;:&quot;Manteiga com Sal&quot;}">
                    <a href="https://www.continente.pt/produto/manteiga-com-sal-primor-2482134.html?cgid=laticinios">
                    <picture class="intrinsic intrinsic--square">
                    <img class="ct-tile-image lazyloaded" loading="lazy" onerror="this.onerror=null;this.src='/on/demandware.static/Sites-continente-Site/-/default/dw7c42b4da/images/noimagelarge_product.png';" data-src="https://www.continente.pt/dw/image/v2/BDVS_PRD/on/demandware.static/-/Sites-col-master-catalog/default/dw8c1ca9e0/images/col/248/2482134-cima.jpg?sw=280&amp;sh=280" alt="Manteiga com Sal" title="Manteiga com Sal" src="https://www.continente.pt/dw/image/v2/BDVS_PRD/on/demandware.static/-/Sites-col-master-catalog/default/dw8c1ca9e0/images/col/248/2482134-cima.jpg?sw=280&amp;sh=280">
                    </picture>
                    </a>
                    <div class="color-swatches d-flex" style="margin-left: 5px;">
                    <div class="swatches d-flex">
                    </div>
                    </div>
                    </div>
                    <div class="ct-tile-body col col-sm-auto ">
                    <div class="ct-pdp-details">
                    <div class="ct-pdp-link">
                    <a class="ct-tile--description" href="https://www.continente.pt/produto/manteiga-com-sal-primor-2482134.html?cgid=laticinios">Manteiga com Sal</a>
                    <div class="ct-tile--favorite-top d-sm-none">
                    <button class="wishlist-toggler guest-mode inactive button button--tertiary" data-pid="2482134" data-add-url="https://www.continente.pt/on/demandware.store/Sites-continente-Site/default/Wishlist-AddProduct?pid=2482134" data-toggle="tooltip" aria-label="Adicionar aos favoritos " data-original-title="Adicionar aos favoritos" data-placement="top">
                    <svg class="active-content" width="100%" height="100%" viewBox="0 0 20 22" fill="none" xmlns="http://www.w3.org/2000/svg">
                    <path fill-rule="evenodd" clip-rule="evenodd" d="M0 1.53052C0 0.685236 0.692171 0 1.54601 0H15.0736C15.9274 0 16.6196 0.685235 16.6196 1.53052V13.4064L15.8127 13.922L14.2658 14.2658L12.7189 13.4064L10.6054 14.3818C10.4994 14.2451 10.3327 14.157 10.1452 14.157H6.76329C6.4431 14.157 6.18354 14.414 6.18354 14.731C6.18354 15.0479 6.4431 15.3049 6.76329 15.3049H10.1452C10.2478 15.3049 10.3441 15.2785 10.4277 15.2322L10.3126 16.8439L13.2345 20.2793H1.54601C0.69217 20.2793 0 19.5941 0 18.7488V1.53052ZM6.18354 5.5483C6.18354 5.23132 6.4431 4.97436 6.76329 4.97436H12.3676C12.6878 4.97436 12.9473 5.23132 12.9473 5.5483C12.9473 5.86528 12.6878 6.12224 12.3676 6.12224H6.76329C6.4431 6.12224 6.18354 5.86528 6.18354 5.5483ZM6.76329 11.0961C6.4431 11.0961 6.18354 11.3531 6.18354 11.6701C6.18354 11.987 6.4431 12.244 6.76329 12.244H12.3676C12.6878 12.244 12.9473 11.987 12.9473 11.6701C12.9473 11.3531 12.6878 11.0961 12.3676 11.0961H6.76329ZM6.18354 8.60985C6.18354 8.29287 6.4431 8.03591 6.76329 8.03591H12.3676C12.6878 8.03591 12.9473 8.29287 12.9473 8.60985C12.9473 8.92684 12.6878 9.1838 12.3676 9.1838H6.76329C6.4431 9.1838 6.18354 8.92684 6.18354 8.60985ZM3.67118 5.5483C3.67118 5.23132 3.93075 4.97436 4.25093 4.97436H4.63743C4.95762 4.97436 5.21719 5.23132 5.21719 5.5483C5.21719 5.86528 4.95762 6.12224 4.63743 6.12224H4.25093C3.93075 6.12224 3.67118 5.86528 3.67118 5.5483ZM4.25093 11.0961C3.93075 11.0961 3.67118 11.3531 3.67118 11.6701C3.67118 11.987 3.93075 12.244 4.25093 12.244H4.63743C4.95762 12.244 5.21719 11.987 5.21719 11.6701C5.21719 11.3531 4.95762 11.0961 4.63743 11.0961H4.25093ZM3.67118 8.60985C3.67118 8.29287 3.93075 8.03591 4.25093 8.03591H4.63743C4.95762 8.03591 5.21719 8.29287 5.21719 8.60985C5.21719 8.92684 4.95762 9.1838 4.63743 9.1838H4.25093C3.93075 9.1838 3.67118 8.92684 3.67118 8.60985ZM4.25093 14.157C3.93075 14.157 3.67118 14.414 3.67118 14.731C3.67118 15.0479 3.93075 15.3049 4.25093 15.3049H4.63743C4.95762 15.3049 5.21719 15.0479 5.21719 14.731C5.21719 14.414 4.95762 14.157 4.63743 14.157H4.25093Z" fill="#EB0203"></path>
                    <path fill-rule="evenodd" clip-rule="evenodd" d="M14.6252 13.6363C13.4918 12.6215 11.7817 12.5264 10.6569 13.4792C9.12421 14.7764 9.34841 16.8912 10.4409 18.0122L14.0159 21.6742C14.2197 21.8832 14.4928 22 14.7822 22C15.0737 22 15.3448 21.8852 15.5486 21.6762L19.1236 18.0142C20.214 16.8933 20.4423 14.7785 18.9075 13.4792C17.7827 12.5283 16.0724 12.6217 14.9391 13.6365C14.8855 13.6845 14.8331 13.7345 14.7822 13.7866C14.7313 13.7345 14.6789 13.6843 14.6252 13.6363ZM18.1546 14.3522C19.0973 15.1508 18.9962 16.4896 18.2891 17.2173C18.2888 17.2175 18.2886 17.2177 18.2884 17.218L14.7832 20.8084L11.2753 17.2151C11.2752 17.215 11.2751 17.2149 11.2749 17.2148C10.5677 16.4887 10.4678 15.1495 11.4104 14.3518L11.4108 14.3514C12.0745 13.7892 13.2018 13.82 13.9488 14.5846L14.7822 15.4378L15.6157 14.5846C16.3617 13.8211 17.4896 13.79 18.1545 14.3521" fill="#EB0203"></path>
                    </svg>
                    <svg class="inactive-content" width="100%" height="100%" viewBox="0 0 20 23" fill="none" xmlns="http://www.w3.org/2000/svg">
                    <path fill-rule="evenodd" clip-rule="evenodd" d="M6.18408 5.77914C6.18408 5.46223 6.44363 5.20532 6.7638 5.20532H12.3678C12.6879 5.20532 12.9475 5.46223 12.9475 5.77914C12.9475 6.09606 12.6879 6.35297 12.3678 6.35297H6.7638C6.44363 6.35297 6.18408 6.09606 6.18408 5.77914Z" fill="#EB0203"></path>
                    <path fill-rule="evenodd" clip-rule="evenodd" d="M6.18408 11.9034C6.18408 11.5865 6.44363 11.3296 6.7638 11.3296H12.3678C12.6879 11.3296 12.9475 11.5865 12.9475 11.9034C12.9475 12.2202 12.6879 12.4771 12.3678 12.4771H6.7638C6.44363 12.4771 6.18408 12.2202 6.18408 11.9034Z" fill="#EB0203"></path>
                    <path fill-rule="evenodd" clip-rule="evenodd" d="M6.18408 8.84116C6.18408 8.52424 6.44363 8.26733 6.7638 8.26733H12.3678C12.6879 8.26733 12.9475 8.52424 12.9475 8.84116C12.9475 9.15807 12.6879 9.41498 12.3678 9.41498H6.7638C6.44363 9.41498 6.18408 9.15807 6.18408 8.84116Z" fill="#EB0203"></path>
                    <path fill-rule="evenodd" clip-rule="evenodd" d="M6.18408 14.9655C6.18408 14.6486 6.44363 14.3917 6.7638 14.3917H10.1455C10.4657 14.3917 10.7252 14.6486 10.7252 14.9655C10.7252 15.2825 10.4657 15.5394 10.1455 15.5394H6.7638C6.44363 15.5394 6.18408 15.2825 6.18408 14.9655Z" fill="#EB0203"></path>
                    <path fill-rule="evenodd" clip-rule="evenodd" d="M3.67139 5.77914C3.67139 5.46223 3.93094 5.20532 4.25111 5.20532H4.63759C4.95776 5.20532 5.21731 5.46223 5.21731 5.77914C5.21731 6.09606 4.95776 6.35297 4.63759 6.35297H4.25111C3.93094 6.35297 3.67139 6.09606 3.67139 5.77914Z" fill="#EB0203"></path>
                    <path fill-rule="evenodd" clip-rule="evenodd" d="M3.67139 11.9034C3.67139 11.5865 3.93094 11.3296 4.25111 11.3296H4.63759C4.95776 11.3296 5.21731 11.5865 5.21731 11.9034C5.21731 12.2202 4.95776 12.4771 4.63759 12.4771H4.25111C3.93094 12.4771 3.67139 12.2202 3.67139 11.9034Z" fill="#EB0203"></path>
                    <path fill-rule="evenodd" clip-rule="evenodd" d="M3.67139 8.84116C3.67139 8.52424 3.93094 8.26733 4.25111 8.26733H4.63759C4.95776 8.26733 5.21731 8.52424 5.21731 8.84116C5.21731 9.15807 4.95776 9.41498 4.63759 9.41498H4.25111C3.93094 9.41498 3.67139 9.15807 3.67139 8.84116Z" fill="#EB0203"></path>
                    <path fill-rule="evenodd" clip-rule="evenodd" d="M3.67139 14.9655C3.67139 14.6486 3.93094 14.3917 4.25111 14.3917H4.63759C4.95776 14.3917 5.21731 14.6486 5.21731 14.9655C5.21731 15.2825 4.95776 15.5394 4.63759 15.5394H4.25111C3.93094 15.5394 3.67139 15.2825 3.67139 14.9655Z" fill="#EB0203"></path>
                    <path fill-rule="evenodd" clip-rule="evenodd" d="M0 1.76033C0 0.914738 0.692131 0.229248 1.54592 0.229248H15.0727C15.9265 0.229248 16.6186 0.914738 16.6186 1.76033V11.2818C16.6186 11.5989 16.3591 11.8559 16.0389 11.8559C15.7187 11.8559 15.4592 11.5989 15.4592 11.2818V1.76033C15.4592 1.54893 15.2862 1.37756 15.0727 1.37756H1.54592C1.33247 1.37756 1.15944 1.54893 1.15944 1.76033V18.985C1.15944 19.1964 1.33247 19.3678 1.54592 19.3678H9.27551C9.59568 19.3678 9.85523 19.6249 9.85523 19.942C9.85523 20.2591 9.59568 20.5161 9.27551 20.5161H1.54592C0.692131 20.5161 0 19.8306 0 18.985V1.76033Z" fill="#EB0203"></path>
                    <path fill-rule="evenodd" clip-rule="evenodd" d="M14.6254 13.8718C13.4921 12.8567 11.7821 12.7615 10.6574 13.7147C9.12472 15.0124 9.34891 17.128 10.4413 18.2493L14.0161 21.9126C14.2199 22.1217 14.493 22.2386 14.7824 22.2386C15.0739 22.2386 15.3449 22.1238 15.5487 21.9147L19.1235 18.2514C20.2139 17.13 20.4422 15.0144 18.9075 13.7147C17.7827 12.7634 16.0726 12.8569 14.9392 13.872C14.8856 13.92 14.8333 13.9701 14.7824 14.0222C14.7314 13.97 14.6791 13.9199 14.6254 13.8718ZM18.1546 14.588C19.0972 15.3869 18.9961 16.7262 18.2891 17.4541C18.2888 17.4543 18.2886 17.4546 18.2884 17.4548L14.7834 21.0466L11.2757 17.452C11.2756 17.4519 11.2755 17.4517 11.2753 17.4516C10.5681 16.7252 10.4682 15.3856 11.4108 14.5876L11.4112 14.5872C12.0748 14.0248 13.202 14.0556 13.949 14.8205L14.7824 15.674L15.6158 14.8205C16.3618 14.0567 17.4896 14.0256 18.1545 14.5879" fill="#EB0203"></path>
                    </svg>
                    </button>
                    </div>
                    </div>
                    <p class="ct-tile--brand">Primor</p>
                    <p class="ct-tile--quantity">emb. 250 gr</p>
                    </div>
                    <div class="ct-tile-bottom row no-gutters justify-content-between">
                    <div class="ct-price-wrap col-8 col-sm-12">
                    <div class="price js-product-price">
                    <div class="prices-wrapper">
                    <span class="sales ct-tile--price-primary ">
                    <span class="value" content="2.29">
                    <span class="ct-price-formatted">
                    €2,29
                    </span>
                    <span class="ct-m-unit">
                    /un
                    </span>
                    </span>
                    </span>
                    </div>
                    <div class="ct-tile--price-secondary">
                    <span class="ct-price-value">
                    €9,16
                    </span>
                    <span class="ct-m-unit">
                    /kg
                    </span>
                    </div>
                    </div>
                    </div>
                    <div class="ct-tile-buy-section d-flex justify-content-center no-gutters col-auto col-sm-12">
                    <div class="col-2 d-sm-flex d-none">
                    <button class="wishlist-toggler guest-mode inactive button button--tertiary" data-pid="2482134" data-add-url="https://www.continente.pt/on/demandware.store/Sites-continente-Site/default/Wishlist-AddProduct?pid=2482134" data-toggle="tooltip" aria-label="Adicionar aos favoritos " data-original-title="Adicionar aos favoritos" data-placement="top">
                    <svg class="active-content" width="100%" height="100%" viewBox="0 0 20 22" fill="none" xmlns="http://www.w3.org/2000/svg">
                    <path fill-rule="evenodd" clip-rule="evenodd" d="M0 1.53052C0 0.685236 0.692171 0 1.54601 0H15.0736C15.9274 0 16.6196 0.685235 16.6196 1.53052V13.4064L15.8127 13.922L14.2658 14.2658L12.7189 13.4064L10.6054 14.3818C10.4994 14.2451 10.3327 14.157 10.1452 14.157H6.76329C6.4431 14.157 6.18354 14.414 6.18354 14.731C6.18354 15.0479 6.4431 15.3049 6.76329 15.3049H10.1452C10.2478 15.3049 10.3441 15.2785 10.4277 15.2322L10.3126 16.8439L13.2345 20.2793H1.54601C0.69217 20.2793 0 19.5941 0 18.7488V1.53052ZM6.18354 5.5483C6.18354 5.23132 6.4431 4.97436 6.76329 4.97436H12.3676C12.6878 4.97436 12.9473 5.23132 12.9473 5.5483C12.9473 5.86528 12.6878 6.12224 12.3676 6.12224H6.76329C6.4431 6.12224 6.18354 5.86528 6.18354 5.5483ZM6.76329 11.0961C6.4431 11.0961 6.18354 11.3531 6.18354 11.6701C6.18354 11.987 6.4431 12.244 6.76329 12.244H12.3676C12.6878 12.244 12.9473 11.987 12.9473 11.6701C12.9473 11.3531 12.6878 11.0961 12.3676 11.0961H6.76329ZM6.18354 8.60985C6.18354 8.29287 6.4431 8.03591 6.76329 8.03591H12.3676C12.6878 8.03591 12.9473 8.29287 12.9473 8.60985C12.9473 8.92684 12.6878 9.1838 12.3676 9.1838H6.76329C6.4431 9.1838 6.18354 8.92684 6.18354 8.60985ZM3.67118 5.5483C3.67118 5.23132 3.93075 4.97436 4.25093 4.97436H4.63743C4.95762 4.97436 5.21719 5.23132 5.21719 5.5483C5.21719 5.86528 4.95762 6.12224 4.63743 6.12224H4.25093C3.93075 6.12224 3.67118 5.86528 3.67118 5.5483ZM4.25093 11.0961C3.93075 11.0961 3.67118 11.3531 3.67118 11.6701C3.67118 11.987 3.93075 12.244 4.25093 12.244H4.63743C4.95762 12.244 5.21719 11.987 5.21719 11.6701C5.21719 11.3531 4.95762 11.0961 4.63743 11.0961H4.25093ZM3.67118 8.60985C3.67118 8.29287 3.93075 8.03591 4.25093 8.03591H4.63743C4.95762 8.03591 5.21719 8.29287 5.21719 8.60985C5.21719 8.92684 4.95762 9.1838 4.63743 9.1838H4.25093C3.93075 9.1838 3.67118 8.92684 3.67118 8.60985ZM4.25093 14.157C3.93075 14.157 3.67118 14.414 3.67118 14.731C3.67118 15.0479 3.93075 15.3049 4.25093 15.3049H4.63743C4.95762 15.3049 5.21719 15.0479 5.21719 14.731C5.21719 14.414 4.95762 14.157 4.63743 14.157H4.25093Z" fill="#EB0203"></path>
                    <path fill-rule="evenodd" clip-rule="evenodd" d="M14.6252 13.6363C13.4918 12.6215 11.7817 12.5264 10.6569 13.4792C9.12421 14.7764 9.34841 16.8912 10.4409 18.0122L14.0159 21.6742C14.2197 21.8832 14.4928 22 14.7822 22C15.0737 22 15.3448 21.8852 15.5486 21.6762L19.1236 18.0142C20.214 16.8933 20.4423 14.7785 18.9075 13.4792C17.7827 12.5283 16.0724 12.6217 14.9391 13.6365C14.8855 13.6845 14.8331 13.7345 14.7822 13.7866C14.7313 13.7345 14.6789 13.6843 14.6252 13.6363ZM18.1546 14.3522C19.0973 15.1508 18.9962 16.4896 18.2891 17.2173C18.2888 17.2175 18.2886 17.2177 18.2884 17.218L14.7832 20.8084L11.2753 17.2151C11.2752 17.215 11.2751 17.2149 11.2749 17.2148C10.5677 16.4887 10.4678 15.1495 11.4104 14.3518L11.4108 14.3514C12.0745 13.7892 13.2018 13.82 13.9488 14.5846L14.7822 15.4378L15.6157 14.5846C16.3617 13.8211 17.4896 13.79 18.1545 14.3521" fill="#EB0203"></path>
                    </svg>
                    <svg class="inactive-content" width="100%" height="100%" viewBox="0 0 20 23" fill="none" xmlns="http://www.w3.org/2000/svg">
                    <path fill-rule="evenodd" clip-rule="evenodd" d="M6.18408 5.77914C6.18408 5.46223 6.44363 5.20532 6.7638 5.20532H12.3678C12.6879 5.20532 12.9475 5.46223 12.9475 5.77914C12.9475 6.09606 12.6879 6.35297 12.3678 6.35297H6.7638C6.44363 6.35297 6.18408 6.09606 6.18408 5.77914Z" fill="#EB0203"></path>
                    <path fill-rule="evenodd" clip-rule="evenodd" d="M6.18408 11.9034C6.18408 11.5865 6.44363 11.3296 6.7638 11.3296H12.3678C12.6879 11.3296 12.9475 11.5865 12.9475 11.9034C12.9475 12.2202 12.6879 12.4771 12.3678 12.4771H6.7638C6.44363 12.4771 6.18408 12.2202 6.18408 11.9034Z" fill="#EB0203"></path>
                    <path fill-rule="evenodd" clip-rule="evenodd" d="M6.18408 8.84116C6.18408 8.52424 6.44363 8.26733 6.7638 8.26733H12.3678C12.6879 8.26733 12.9475 8.52424 12.9475 8.84116C12.9475 9.15807 12.6879 9.41498 12.3678 9.41498H6.7638C6.44363 9.41498 6.18408 9.15807 6.18408 8.84116Z" fill="#EB0203"></path>
                    <path fill-rule="evenodd" clip-rule="evenodd" d="M6.18408 14.9655C6.18408 14.6486 6.44363 14.3917 6.7638 14.3917H10.1455C10.4657 14.3917 10.7252 14.6486 10.7252 14.9655C10.7252 15.2825 10.4657 15.5394 10.1455 15.5394H6.7638C6.44363 15.5394 6.18408 15.2825 6.18408 14.9655Z" fill="#EB0203"></path>
                    <path fill-rule="evenodd" clip-rule="evenodd" d="M3.67139 5.77914C3.67139 5.46223 3.93094 5.20532 4.25111 5.20532H4.63759C4.95776 5.20532 5.21731 5.46223 5.21731 5.77914C5.21731 6.09606 4.95776 6.35297 4.63759 6.35297H4.25111C3.93094 6.35297 3.67139 6.09606 3.67139 5.77914Z" fill="#EB0203"></path>
                    <path fill-rule="evenodd" clip-rule="evenodd" d="M3.67139 11.9034C3.67139 11.5865 3.93094 11.3296 4.25111 11.3296H4.63759C4.95776 11.3296 5.21731 11.5865 5.21731 11.9034C5.21731 12.2202 4.95776 12.4771 4.63759 12.4771H4.25111C3.93094 12.4771 3.67139 12.2202 3.67139 11.9034Z" fill="#EB0203"></path>
                    <path fill-rule="evenodd" clip-rule="evenodd" d="M3.67139 8.84116C3.67139 8.52424 3.93094 8.26733 4.25111 8.26733H4.63759C4.95776 8.26733 5.21731 8.52424 5.21731 8.84116C5.21731 9.15807 4.95776 9.41498 4.63759 9.41498H4.25111C3.93094 9.41498 3.67139 9.15807 3.67139 8.84116Z" fill="#EB0203"></path>
                    <path fill-rule="evenodd" clip-rule="evenodd" d="M3.67139 14.9655C3.67139 14.6486 3.93094 14.3917 4.25111 14.3917H4.63759C4.95776 14.3917 5.21731 14.6486 5.21731 14.9655C5.21731 15.2825 4.95776 15.5394 4.63759 15.5394H4.25111C3.93094 15.5394 3.67139 15.2825 3.67139 14.9655Z" fill="#EB0203"></path>
                    <path fill-rule="evenodd" clip-rule="evenodd" d="M0 1.76033C0 0.914738 0.692131 0.229248 1.54592 0.229248H15.0727C15.9265 0.229248 16.6186 0.914738 16.6186 1.76033V11.2818C16.6186 11.5989 16.3591 11.8559 16.0389 11.8559C15.7187 11.8559 15.4592 11.5989 15.4592 11.2818V1.76033C15.4592 1.54893 15.2862 1.37756 15.0727 1.37756H1.54592C1.33247 1.37756 1.15944 1.54893 1.15944 1.76033V18.985C1.15944 19.1964 1.33247 19.3678 1.54592 19.3678H9.27551C9.59568 19.3678 9.85523 19.6249 9.85523 19.942C9.85523 20.2591 9.59568 20.5161 9.27551 20.5161H1.54592C0.692131 20.5161 0 19.8306 0 18.985V1.76033Z" fill="#EB0203"></path>
                    <path fill-rule="evenodd" clip-rule="evenodd" d="M14.6254 13.8718C13.4921 12.8567 11.7821 12.7615 10.6574 13.7147C9.12472 15.0124 9.34891 17.128 10.4413 18.2493L14.0161 21.9126C14.2199 22.1217 14.493 22.2386 14.7824 22.2386C15.0739 22.2386 15.3449 22.1238 15.5487 21.9147L19.1235 18.2514C20.2139 17.13 20.4422 15.0144 18.9075 13.7147C17.7827 12.7634 16.0726 12.8569 14.9392 13.872C14.8856 13.92 14.8333 13.9701 14.7824 14.0222C14.7314 13.97 14.6791 13.9199 14.6254 13.8718ZM18.1546 14.588C19.0972 15.3869 18.9961 16.7262 18.2891 17.4541C18.2888 17.4543 18.2886 17.4546 18.2884 17.4548L14.7834 21.0466L11.2757 17.452C11.2756 17.4519 11.2755 17.4517 11.2753 17.4516C10.5681 16.7252 10.4682 15.3856 11.4108 14.5876L11.4112 14.5872C12.0748 14.0248 13.202 14.0556 13.949 14.8205L14.7824 15.674L15.6158 14.8205C16.3618 14.0567 17.4896 14.0256 18.1545 14.5879" fill="#EB0203"></path>
                    </svg>
                    </button>
                    </div>
                    
                    <div class="col-sm-10 col-12">
                    <div class="ct-tile-quantity d-none" data-pid="2482134">
                    <input type="hidden" class="add-to-cart-url" value="https://www.continente.pt/on/demandware.store/Sites-continente-Site/default/Cart-AddProduct">
                    <div class="d-none tile-delete-confirmation-btn" data-pid="2482134" data-delay-time="3000" data-in-cart-msg="no carrinho" data-one-product-added="Adicionado ao carrinho" data-remove-from-cart-msg="Removido do carrinho" data-stay-open="6000.0" data-confirmation-image="{&quot;url&quot;:&quot;https://www.continente.pt/dw/image/v2/BDVS_PRD/on/demandware.static/-/Sites-col-master-catalog/default/dw8c1ca9e0/images/col/248/2482134-cima.jpg?sw=87&amp;sh=80&quot;,&quot;fallbackimage&quot;:{&quot;url&quot;:&quot;https://www.continente.pt/dw/image/v2/BDVS_PRD/on/demandware.static/Sites-continente-Site/-/default/dw7c42b4da/images/noimagelarge_product.png?sw=87&amp;sh=80&quot;,&quot;title&quot;:&quot;Manteiga com Sal&quot;,&quot;alt&quot;:&quot;Manteiga com Sal&quot;},&quot;title&quot;:&quot;Manteiga com Sal&quot;,&quot;alt&quot;:&quot;Manteiga com Sal&quot;}"></div>
                    <div class="ct-tile-quantity-update quantity-update product-qty-vue" data-remove-action="https://www.continente.pt/on/demandware.store/Sites-continente-Site/default/Cart-RemoveProductLineItem" data-action="https://www.continente.pt/on/demandware.store/Sites-continente-Site/default/Cart-UpdateQuantity" data-dimension-update="https://www.continente.pt/on/demandware.store/Sites-continente-Site/default/Cart-DimensionUpdate" data-pid="2482134" data-uuid="c1f833e6c5226f7af1580aa1f6" data-add-delay="500.0" data-measure-options="{&quot;hasConversionRate&quot;:false,&quot;hasAlternativeSaleUnit&quot;:false,&quot;unitConversionRate&quot;:null,&quot;minOrderQuantity&quot;:1,&quot;stepQuantity&quot;:1,&quot;primaryunit&quot;:&quot;un&quot;,&quot;secondaryunit&quot;:&quot;kg&quot;,&quot;selectedunit&quot;:&quot;primary&quot;,&quot;maxNumberOfUnitsPerSale&quot;:50}" data-price-available="null" :data-has-error="isMaxQtyReached || isMinQtyReached || qtySelectedMoreThanOne">
                    <template v-show="prodUnits">
                    <div class="quantity-input-wrapper has-units">
                    <label class="visually-hidden" :for="'quantity-' + pid + additionalTag">
                    Quantidade no carrinho
                    </label>
                    <input :ref="'quantityInput-' + pid + additionalTag" class="add-to-cart-quantity form-control ct-form-input text-center" inputmode="numeric" :class="{'is-invalid': isInvalid}" :data-pid="pid + additionalTag" :name="'quantity-' + pid + additionalTag" type="text" aria-label="Insira a quantidade" title="" v-model="displayValue" @change="updateQuantity" @focus="updateQtyFormat" @blur="restoreQtyFormat" :disabled="!isPriceAvailable">
                    <span class="quantity-icon quantity-icon--minus">
                    <button class="decrease-quantity-btn" @click="updateQuantity" :disabled="!isPriceAvailable" role="button" aria-label="Reduzir quantidade">
                    <i class="css-math-minus"></i>
                    </button>
                    </span>
                    <span class="quantity-icon quantity-icon--plus">
                    <button class="increase-quantity-btn" @click="updateQuantity" :disabled="isMaxQtyReached || !isPriceAvailable" role="button" aria-label="Aumentar quantidade">
                    <i class="css-math-plus"></i>
                    </button>
                    <span class="quantity-btn-disabled-placeholder"></span>
                    </span>
                    <template v-if="isPDP">
                    <span class="quantity-error ct-span-error text-sm-center product-max-allocation" v-if="isMaxQtyReached">
                    Quantidade máxima atingida
                    </span>
                    <span class="quantity-error ct-span-product text-sm-center product-allocation" v-if="!isMinQtyReached &amp;&amp; !isMaxQtyReached">
                    {{quantitySelected}} no carrinho
                    </span>
                    <span class="quantity-error ct-span-error text-sm-center product-min-allocation" :data-pid="pid" v-if="isMinQtyReached &amp;&amp; !isMaxQtyReached">
                    Quantidade mínima atingida
                    </span>
                    </template>
                    </div>
                    <template v-if="showNotes">
                    <div class="add-note-link-container ">
                    <div class="add-note">
                    <a href="/produto/manteiga-com-sal-primor-2482134.html?showNote=true" class="ct-add-note-redirect-pdp" aria-label="Adicionar comentário">
                    <span class="svg-wrapper svg-icon-notes" style="width:19px; height:20px">
                    <svg class="svg-inline icon-notes" viewBox="0 0 28 30" xmlns="http://www.w3.org/2000/svg" width="100%" height="100%"><path d="M21.738 0C22.985 0 24 1.04 24 2.319V12.47c0 .469-.37.848-.828.848-.457 0-.827-.38-.827-.848V2.32c0-.343-.273-.622-.607-.622H2.262c-.334 0-.607.279-.607.622V27.68c0 .343.273.622.607.622h7.81c.457 0 .827.38.827.849 0 .468-.37.848-.827.848h-7.81C1.015 30 0 28.96 0 27.681V2.32C0 1.04 1.015 0 2.262 0h19.476zm2.844 16.004l.227.007c.823.053 1.589.39 2.176.964.64.627.993 1.46.993 2.349 0 .888-.353 1.722-.993 2.348l-6.83 6.665c-.11.108-.247.186-.397.226l-5.032 1.363c-.078.021-.16.032-.241.032-.242 0-.478-.097-.647-.266-.23-.231-.314-.566-.218-.874l1.49-4.798c.044-.139.122-.266.227-.369l6.844-6.677c.64-.625 1.493-.97 2.401-.97zm-2.886 3.94l-4.922 4.802-.947 3.048 3.22-.872 4.897-4.78-2.248-2.197zm2.887-2.174c-.425 0-.824.162-1.124.455l-.484.472 2.248 2.197.484-.472c.62-.606.62-1.591 0-2.197l-.117-.104c-.283-.227-.636-.35-1.007-.35zm-10.839.022c.498 0 .904.396.904.883 0 .488-.406.884-.904.884H5.946c-.499 0-.904-.396-.904-.884 0-.487.405-.883.904-.883zm5.042-4.876c.498 0 .904.397.904.884s-.406.884-.904.884H5.946c-.499 0-.904-.397-.904-.884s.405-.884.904-.884zm0-4.875c.498 0 .904.396.904.884 0 .487-.406.883-.904.883H5.946c-.499 0-.904-.396-.904-.883 0-.488.405-.884.904-.884z" fill="#EB0203" fill-rule="evenodd"></path></svg>
                    </span>
                    <div class="available-note d-none"></div>
                    </a>
                    </div>
                    </div>
                    </template>
                    <div class="measurement-unit-section" v-if="isPriceAvailable &amp;&amp; prodUnits ? prodUnits.hasAlternativeUnit : false">
                    <div class="ct-form-radio" @click="setDimension">
                    <input type="radio" title="" class="ct-form-check-input product-measurement-unit" :data-type="prodUnits.selectedUnit == prodUnits.secondaryUnit ? 'primary' : ''" :id="prodUnits.secondaryUnit + '-' + pid + '-measurement-unit-ptile' + additionalTag" :name="'measurement-unit-' + pid + '-ptile' + additionalTag" :value="prodUnits.secondaryUnit" v-model="prodUnits.selectedUnit">
                    <label :class="prodUnits.secondaryUnit + '-label ct-form-check-label mb-0'" :for="prodUnits.secondaryUnit + '-' + pid + '-measurement-unit-ptile' + additionalTag">
                    {{prodUnits.secondaryUnit}}
                    </label>
                    <span class="checkmark"></span>
                    </div>
                    <div class="ct-form-radio" @click="setDimension">
                    <input type="radio" title="" class="ct-form-check-input product-measurement-unit" :data-type="prodUnits.selectedUnit == prodUnits.primaryUnit ? 'primary' : ''" :id="prodUnits.primaryUnit + '-' + pid + '-measurement-unit-ptile' + additionalTag" :name="'measurement-unit-' + pid + '-ptile' + additionalTag" :value="prodUnits.primaryUnit" v-model="prodUnits.selectedUnit">
                    <label :class="prodUnits.primaryUnit + '-label ct-form-check-label mb-0'" :for="prodUnits.primaryUnit + '-' + pid + '-measurement-unit-ptile' + additionalTag">
                    {{prodUnits.primaryUnit}}
                    </label>
                    <span class="checkmark"></span>
                    </div>
                    </div>
                    <template v-if="!isPDP &amp;&amp; isPriceAvailable">
                    <span class="quantity-error ct-span-error product-max-allocation" v-if="isMaxQtyReached">
                    Quantidade máxima atingida
                    </span>
                    <span class="quantity-error ct-span-product product-allocation" v-if="!isMinQtyReached &amp;&amp; !isMaxQtyReached">
                    {{quantitySelected}} no carrinho
                    </span>
                    <span class="quantity-error ct-span-error product-min-allocation" :data-pid="pid" v-if="isMinQtyReached &amp;&amp; !isMaxQtyReached">
                    Quantidade mínima atingida
                    </span>
                    </template>
                    </template>
                    </div>
                    <input class="quantity-value-mask d-none" name="quantity" type="number" min="0" value="">
                    </div>
                    <button type="button" class="add-to-cart button js-add-to-cart js-add-to-cart-tile 2482134 button--primary dynamic-layout-btn" data-toggle="modal" data-target="#chooseBonusProductModal" data-pid="2482134" data-quantity-value="null" aria-label="Carrinho">
                    <span class="d-block d-sm-none">
                    <span class="svg-wrapper svg-icon-cart" style="width:20px; height:20px">
                    <svg class="svg-inline icon-cart" xmlns="http://www.w3.org/2000/svg" viewBox="0 0 500 500" width="100%" height="100%"><path fill="#EB0203" fill-rule="evenodd" d="M 485.67317,94.386311 C 476.37798,83.847129 463.09468,78.03348 448.30404,78.03348 H 90.690813 L 87.079511,51.327997 C 83.185582,22.539551 62.962285,0 41.011841,0 H 14.727836 C 6.563151,0 0,6.5286975 0,14.580758 c 0,8.05206 6.5945535,14.580758 14.727836,14.580758 h 26.284005 c 4.710398,0 14.696435,9.855222 16.894619,26.021523 L 100.01739,368.0631 c 1.88416,13.77244 9.01256,26.70549 20.1605,36.37417 8.25889,7.15046 18.02511,11.9071 28.26237,13.89679 -4.17655,7.58572 -6.53175,16.25957 -6.53175,25.493 0,29.53459 24.27424,53.59751 54.13815,53.59751 29.8325,0 54.13814,-24.03184 54.13814,-53.59751 0,-8.79818 -2.19818,-17.09897 -5.9979,-24.43598 h 77.12488 c -3.79973,7.33701 -5.96652,15.6378 -5.96652,24.43598 0,29.53459 24.27424,53.59751 54.13817,53.59751 29.83249,0 54.13814,-24.03184 54.13814,-53.59751 0,-8.79818 -2.1982,-17.09897 -5.9979,-24.43598 h 38.56243 c 8.13328,0 14.72783,-6.5287 14.72783,-14.61183 0,-8.02098 -6.59455,-14.54967 -14.72783,-14.54967 H 159.24277 c -14.38241,0 -28.13677,-11.90711 -30.02092,-26.02153 l -3.07746,-22.88154 h 290.6314 c 14.03698,0 27.94834,-5.28513 39.06488,-14.95381 11.11652,-9.6376 18.27632,-22.57065 20.16048,-36.37417 l 21.10259,-156.78201 c 1.94694,-14.51858 -2.10398,-28.29103 -11.43057,-38.861299 z M 220.76053,443.82706 c 0,13.49265 -11.08513,24.46709 -24.68247,24.46709 -13.62874,0 -24.71387,-10.97444 -24.71387,-24.46709 0,-13.49262 11.08513,-24.43598 24.71387,-24.43598 13.59734,0 24.68247,10.94336 24.68247,24.43598 z m 173.43675,0 c 0,13.49265 -11.08512,24.46709 -24.68245,24.46709 -13.62876,0 -24.71388,-10.97444 -24.71388,-24.46709 0,-13.49262 11.08512,-24.43598 24.71388,-24.43598 13.59733,0 24.68245,10.94336 24.68245,24.43598 z m 73.7648,-314.46558 -21.13397,156.782 c -1.88416,14.11442 -15.63851,26.05261 -30.02091,26.05261 H 122.25046 L 94.616142,107.19499 H 448.33544 c 6.18632,0 11.61896,2.2695 15.23028,6.37326 3.64269,4.13484 5.21283,9.73086 4.39636,15.79323 z"></path></svg>
                    </span>
                    </span>
                    <span class="add-to-cart--text d-none d-sm-block">Carrinho</span>
                    </button>
                    </div>
                    </div>
                    </div>
                    </div>
                    
                    <div class="col-12 d-sm-none">
                    </div>
                    </div>
                    </div>
                    </div>
                    </div>
                    <div class="col-12 col-sm-3 col-lg-2 productTile" data-idx="18">
                    
                    <script type="text/javascript">//<!--
                    /* <![CDATA[ */
                    (function(){
                    try {
                        if(window.CQuotient) {
                        var cq_params = {};
                        
                        cq_params.cookieId = window.CQuotient.getCQCookieId();
                        cq_params.userId = window.CQuotient.getCQUserId();
                        cq_params.emailId = CQuotient.getCQHashedEmail();
                        cq_params.loginId = CQuotient.getCQHashedLogin();
                        cq_params.accumulate = true;
                        cq_params.products = [{
                            id: '7453999',
                            sku: ''
                        }];
                        cq_params.categoryId = 'laticinios';
                        cq_params.refinements = '[{\"name\":\"priceMin\",\"value\":\"0.01\"},{\"name\":\"priceMax\",\"value\":\"null\"},{\"name\":\"curr\",\"value\":\"EUR\"},{\"name\":\"Category\",\"value\":\"laticinios\"}]';
                        cq_params.personalized = 'false';
                        cq_params.sortingRule = 'FOOD-Laticinios';
                        cq_params.imageUUID = '__UNDEFINED__';
                        cq_params.realm = "BDVS";
                        cq_params.siteId = "continente";
                        cq_params.instanceType = "prd";
                        cq_params.queryLocale = "default";
                        cq_params.locale = window.CQuotient.locale;
                        
                        if(window.CQuotient.sendActivity)
                            window.CQuotient.sendActivity(CQuotient.clientId, 'viewCategory', cq_params);
                        else
                            window.CQuotient.activities.push({
                                activityType: 'viewCategory',
                                parameters: cq_params
                            });
                      }
                    } catch(err) {}
                    })();
                    /* ]]> */
                    // -->
                    </script>
                    <script type="text/javascript">//<!--
                    /* <![CDATA[ (viewCategoryProduct-active_data.js) */
                    (function(){
                    try {
                        if (dw.ac) {
                            var search_params = {};
                            search_params.persd = 'false';
                            search_params.refs = '[{\"name\":\"priceMin\",\"value\":\"0.01\"},{\"name\":\"priceMax\",\"value\":\"null\"},{\"name\":\"curr\",\"value\":\"EUR\"},{\"name\":\"Category\",\"value\":\"laticinios\"}]';
                            search_params.sort = 'FOOD-Laticinios';
                            search_params.imageUUID = '';
                            search_params.searchID = 'ff60679a-0a42-4d90-af85-afdcdfaee427';
                            search_params.locale = 'default';
                            search_params.queryLocale = 'default';
                            search_params.showProducts = 'true';
                            dw.ac.applyContext({category: "laticinios", searchData: search_params});
                            if (typeof dw.ac._scheduleDataSubmission === "function") {
                                dw.ac._scheduleDataSubmission();
                            }
                        }
                    } catch(err) {}
                    })();
                    /* ]]> */
                    // -->
                    </script>
                    <script type="text/javascript">//<!--
                    /* <![CDATA[ (viewProduct-active_data.js) */
                    dw.ac._capture({id: "7453999", type: "searchhit"});
                    /* ]]> */
                    // -->
                    </script>
                    <div class="product" data-pid="7453999">
                    <div class="product-tile pid-7453999 ct-product-tile data-layer-pushed" data-delay-time="3000" data-variants-mapping="[]" data-in-cart-msg="no carrinho" data-one-product-added="Adicionado ao carrinho" data-remove-from-cart-msg="Removido do carrinho" data-stay-open="6000.0" data-product-tile-impression="{&quot;name&quot;:&quot;7453999&quot;,&quot;id&quot;:&quot;7453999&quot;,&quot;price&quot;:2.19,&quot;brand&quot;:&quot;Continente Bio&quot;,&quot;category&quot;:[{&quot;category_level_1&quot;:&quot;Laticínios e Ovos&quot;},{&quot;category_level_2&quot;:&quot;Ovos&quot;}],&quot;variant&quot;:&quot;&quot;}">
                    <div class="ct-inner-tile-wrap row no-gutters justify-content-center align-content-start">
                    
                    <div class="ct-image-container col-4 col-sm" data-confirmation-image="{&quot;url&quot;:&quot;https://www.continente.pt/dw/image/v2/BDVS_PRD/on/demandware.static/-/Sites-col-master-catalog/default/dwe8e16ee4/images/col/745/7453999-cima.jpg?sw=87&amp;sh=80&quot;,&quot;fallbackimage&quot;:{&quot;url&quot;:&quot;https://www.continente.pt/dw/image/v2/BDVS_PRD/on/demandware.static/Sites-continente-Site/-/default/dw7c42b4da/images/noimagelarge_product.png?sw=87&amp;sh=80&quot;,&quot;title&quot;:&quot;Ovos Biológicos&quot;,&quot;alt&quot;:&quot;Ovos Biológicos&quot;},&quot;title&quot;:&quot;Ovos Biológicos&quot;,&quot;alt&quot;:&quot;Ovos Biológicos&quot;}">
                    <a href="https://www.continente.pt/produto/ovos-biologicos-continente-bio-7453999.html?cgid=laticinios">
                    <picture class="intrinsic intrinsic--square">
                    <img class="ct-tile-image lazyloaded" loading="lazy" onerror="this.onerror=null;this.src='/on/demandware.static/Sites-continente-Site/-/default/dw7c42b4da/images/noimagelarge_product.png';" data-src="https://www.continente.pt/dw/image/v2/BDVS_PRD/on/demandware.static/-/Sites-col-master-catalog/default/dwe8e16ee4/images/col/745/7453999-cima.jpg?sw=280&amp;sh=280" alt="Ovos Biológicos" title="Ovos Biológicos" src="https://www.continente.pt/dw/image/v2/BDVS_PRD/on/demandware.static/-/Sites-col-master-catalog/default/dwe8e16ee4/images/col/745/7453999-cima.jpg?sw=280&amp;sh=280">
                    </picture>
                    </a>
                    <div class=" ct-product-tile-badge ct-product-tile-badge--general">
                    <img class="img-fluid ct-tooltip-trigger lazyloaded" loading="lazy" data-src="https://www.continente.pt/dw/image/v2/BDVS_PRD/on/demandware.static/-/Sites-continente-Library/default/dw817b962d/images/badges/general/col/biologico.png?sw=25&amp;sh=25" alt="Crachá do produto" title="" data-toggle="tooltip" data-placement="right" data-original-title="Biológico" src="https://www.continente.pt/dw/image/v2/BDVS_PRD/on/demandware.static/-/Sites-continente-Library/default/dw817b962d/images/badges/general/col/biologico.png?sw=25&amp;sh=25">
                    </div>
                    <div class="color-swatches d-flex" style="margin-left: 5px;">
                    <div class="swatches d-flex">
                    </div>
                    </div>
                    </div>
                    <div class="ct-tile-body col col-sm-auto ">
                    <div class="ct-pdp-details">
                    <div class="ct-pdp-link">
                    <a class="ct-tile--description" href="https://www.continente.pt/produto/ovos-biologicos-continente-bio-7453999.html?cgid=laticinios">Ovos Biológicos</a>
                    <div class="ct-tile--favorite-top d-sm-none">
                    <button class="wishlist-toggler guest-mode inactive button button--tertiary" data-pid="7453999" data-add-url="https://www.continente.pt/on/demandware.store/Sites-continente-Site/default/Wishlist-AddProduct?pid=7453999" data-toggle="tooltip" aria-label="Adicionar aos favoritos " data-original-title="Adicionar aos favoritos" data-placement="top">
                    <svg class="active-content" width="100%" height="100%" viewBox="0 0 20 22" fill="none" xmlns="http://www.w3.org/2000/svg">
                    <path fill-rule="evenodd" clip-rule="evenodd" d="M0 1.53052C0 0.685236 0.692171 0 1.54601 0H15.0736C15.9274 0 16.6196 0.685235 16.6196 1.53052V13.4064L15.8127 13.922L14.2658 14.2658L12.7189 13.4064L10.6054 14.3818C10.4994 14.2451 10.3327 14.157 10.1452 14.157H6.76329C6.4431 14.157 6.18354 14.414 6.18354 14.731C6.18354 15.0479 6.4431 15.3049 6.76329 15.3049H10.1452C10.2478 15.3049 10.3441 15.2785 10.4277 15.2322L10.3126 16.8439L13.2345 20.2793H1.54601C0.69217 20.2793 0 19.5941 0 18.7488V1.53052ZM6.18354 5.5483C6.18354 5.23132 6.4431 4.97436 6.76329 4.97436H12.3676C12.6878 4.97436 12.9473 5.23132 12.9473 5.5483C12.9473 5.86528 12.6878 6.12224 12.3676 6.12224H6.76329C6.4431 6.12224 6.18354 5.86528 6.18354 5.5483ZM6.76329 11.0961C6.4431 11.0961 6.18354 11.3531 6.18354 11.6701C6.18354 11.987 6.4431 12.244 6.76329 12.244H12.3676C12.6878 12.244 12.9473 11.987 12.9473 11.6701C12.9473 11.3531 12.6878 11.0961 12.3676 11.0961H6.76329ZM6.18354 8.60985C6.18354 8.29287 6.4431 8.03591 6.76329 8.03591H12.3676C12.6878 8.03591 12.9473 8.29287 12.9473 8.60985C12.9473 8.92684 12.6878 9.1838 12.3676 9.1838H6.76329C6.4431 9.1838 6.18354 8.92684 6.18354 8.60985ZM3.67118 5.5483C3.67118 5.23132 3.93075 4.97436 4.25093 4.97436H4.63743C4.95762 4.97436 5.21719 5.23132 5.21719 5.5483C5.21719 5.86528 4.95762 6.12224 4.63743 6.12224H4.25093C3.93075 6.12224 3.67118 5.86528 3.67118 5.5483ZM4.25093 11.0961C3.93075 11.0961 3.67118 11.3531 3.67118 11.6701C3.67118 11.987 3.93075 12.244 4.25093 12.244H4.63743C4.95762 12.244 5.21719 11.987 5.21719 11.6701C5.21719 11.3531 4.95762 11.0961 4.63743 11.0961H4.25093ZM3.67118 8.60985C3.67118 8.29287 3.93075 8.03591 4.25093 8.03591H4.63743C4.95762 8.03591 5.21719 8.29287 5.21719 8.60985C5.21719 8.92684 4.95762 9.1838 4.63743 9.1838H4.25093C3.93075 9.1838 3.67118 8.92684 3.67118 8.60985ZM4.25093 14.157C3.93075 14.157 3.67118 14.414 3.67118 14.731C3.67118 15.0479 3.93075 15.3049 4.25093 15.3049H4.63743C4.95762 15.3049 5.21719 15.0479 5.21719 14.731C5.21719 14.414 4.95762 14.157 4.63743 14.157H4.25093Z" fill="#EB0203"></path>
                    <path fill-rule="evenodd" clip-rule="evenodd" d="M14.6252 13.6363C13.4918 12.6215 11.7817 12.5264 10.6569 13.4792C9.12421 14.7764 9.34841 16.8912 10.4409 18.0122L14.0159 21.6742C14.2197 21.8832 14.4928 22 14.7822 22C15.0737 22 15.3448 21.8852 15.5486 21.6762L19.1236 18.0142C20.214 16.8933 20.4423 14.7785 18.9075 13.4792C17.7827 12.5283 16.0724 12.6217 14.9391 13.6365C14.8855 13.6845 14.8331 13.7345 14.7822 13.7866C14.7313 13.7345 14.6789 13.6843 14.6252 13.6363ZM18.1546 14.3522C19.0973 15.1508 18.9962 16.4896 18.2891 17.2173C18.2888 17.2175 18.2886 17.2177 18.2884 17.218L14.7832 20.8084L11.2753 17.2151C11.2752 17.215 11.2751 17.2149 11.2749 17.2148C10.5677 16.4887 10.4678 15.1495 11.4104 14.3518L11.4108 14.3514C12.0745 13.7892 13.2018 13.82 13.9488 14.5846L14.7822 15.4378L15.6157 14.5846C16.3617 13.8211 17.4896 13.79 18.1545 14.3521" fill="#EB0203"></path>
                    </svg>
                    <svg class="inactive-content" width="100%" height="100%" viewBox="0 0 20 23" fill="none" xmlns="http://www.w3.org/2000/svg">
                    <path fill-rule="evenodd" clip-rule="evenodd" d="M6.18408 5.77914C6.18408 5.46223 6.44363 5.20532 6.7638 5.20532H12.3678C12.6879 5.20532 12.9475 5.46223 12.9475 5.77914C12.9475 6.09606 12.6879 6.35297 12.3678 6.35297H6.7638C6.44363 6.35297 6.18408 6.09606 6.18408 5.77914Z" fill="#EB0203"></path>
                    <path fill-rule="evenodd" clip-rule="evenodd" d="M6.18408 11.9034C6.18408 11.5865 6.44363 11.3296 6.7638 11.3296H12.3678C12.6879 11.3296 12.9475 11.5865 12.9475 11.9034C12.9475 12.2202 12.6879 12.4771 12.3678 12.4771H6.7638C6.44363 12.4771 6.18408 12.2202 6.18408 11.9034Z" fill="#EB0203"></path>
                    <path fill-rule="evenodd" clip-rule="evenodd" d="M6.18408 8.84116C6.18408 8.52424 6.44363 8.26733 6.7638 8.26733H12.3678C12.6879 8.26733 12.9475 8.52424 12.9475 8.84116C12.9475 9.15807 12.6879 9.41498 12.3678 9.41498H6.7638C6.44363 9.41498 6.18408 9.15807 6.18408 8.84116Z" fill="#EB0203"></path>
                    <path fill-rule="evenodd" clip-rule="evenodd" d="M6.18408 14.9655C6.18408 14.6486 6.44363 14.3917 6.7638 14.3917H10.1455C10.4657 14.3917 10.7252 14.6486 10.7252 14.9655C10.7252 15.2825 10.4657 15.5394 10.1455 15.5394H6.7638C6.44363 15.5394 6.18408 15.2825 6.18408 14.9655Z" fill="#EB0203"></path>
                    <path fill-rule="evenodd" clip-rule="evenodd" d="M3.67139 5.77914C3.67139 5.46223 3.93094 5.20532 4.25111 5.20532H4.63759C4.95776 5.20532 5.21731 5.46223 5.21731 5.77914C5.21731 6.09606 4.95776 6.35297 4.63759 6.35297H4.25111C3.93094 6.35297 3.67139 6.09606 3.67139 5.77914Z" fill="#EB0203"></path>
                    <path fill-rule="evenodd" clip-rule="evenodd" d="M3.67139 11.9034C3.67139 11.5865 3.93094 11.3296 4.25111 11.3296H4.63759C4.95776 11.3296 5.21731 11.5865 5.21731 11.9034C5.21731 12.2202 4.95776 12.4771 4.63759 12.4771H4.25111C3.93094 12.4771 3.67139 12.2202 3.67139 11.9034Z" fill="#EB0203"></path>
                    <path fill-rule="evenodd" clip-rule="evenodd" d="M3.67139 8.84116C3.67139 8.52424 3.93094 8.26733 4.25111 8.26733H4.63759C4.95776 8.26733 5.21731 8.52424 5.21731 8.84116C5.21731 9.15807 4.95776 9.41498 4.63759 9.41498H4.25111C3.93094 9.41498 3.67139 9.15807 3.67139 8.84116Z" fill="#EB0203"></path>
                    <path fill-rule="evenodd" clip-rule="evenodd" d="M3.67139 14.9655C3.67139 14.6486 3.93094 14.3917 4.25111 14.3917H4.63759C4.95776 14.3917 5.21731 14.6486 5.21731 14.9655C5.21731 15.2825 4.95776 15.5394 4.63759 15.5394H4.25111C3.93094 15.5394 3.67139 15.2825 3.67139 14.9655Z" fill="#EB0203"></path>
                    <path fill-rule="evenodd" clip-rule="evenodd" d="M0 1.76033C0 0.914738 0.692131 0.229248 1.54592 0.229248H15.0727C15.9265 0.229248 16.6186 0.914738 16.6186 1.76033V11.2818C16.6186 11.5989 16.3591 11.8559 16.0389 11.8559C15.7187 11.8559 15.4592 11.5989 15.4592 11.2818V1.76033C15.4592 1.54893 15.2862 1.37756 15.0727 1.37756H1.54592C1.33247 1.37756 1.15944 1.54893 1.15944 1.76033V18.985C1.15944 19.1964 1.33247 19.3678 1.54592 19.3678H9.27551C9.59568 19.3678 9.85523 19.6249 9.85523 19.942C9.85523 20.2591 9.59568 20.5161 9.27551 20.5161H1.54592C0.692131 20.5161 0 19.8306 0 18.985V1.76033Z" fill="#EB0203"></path>
                    <path fill-rule="evenodd" clip-rule="evenodd" d="M14.6254 13.8718C13.4921 12.8567 11.7821 12.7615 10.6574 13.7147C9.12472 15.0124 9.34891 17.128 10.4413 18.2493L14.0161 21.9126C14.2199 22.1217 14.493 22.2386 14.7824 22.2386C15.0739 22.2386 15.3449 22.1238 15.5487 21.9147L19.1235 18.2514C20.2139 17.13 20.4422 15.0144 18.9075 13.7147C17.7827 12.7634 16.0726 12.8569 14.9392 13.872C14.8856 13.92 14.8333 13.9701 14.7824 14.0222C14.7314 13.97 14.6791 13.9199 14.6254 13.8718ZM18.1546 14.588C19.0972 15.3869 18.9961 16.7262 18.2891 17.4541C18.2888 17.4543 18.2886 17.4546 18.2884 17.4548L14.7834 21.0466L11.2757 17.452C11.2756 17.4519 11.2755 17.4517 11.2753 17.4516C10.5681 16.7252 10.4682 15.3856 11.4108 14.5876L11.4112 14.5872C12.0748 14.0248 13.202 14.0556 13.949 14.8205L14.7824 15.674L15.6158 14.8205C16.3618 14.0567 17.4896 14.0256 18.1545 14.5879" fill="#EB0203"></path>
                    </svg>
                    </button>
                    </div>
                    </div>
                    <p class="ct-tile--brand">Continente Bio</p>
                    <p class="ct-tile--quantity">emb. 6 un</p>
                    </div>
                    <div class="ct-tile-bottom row no-gutters justify-content-between">
                    <div class="ct-price-wrap col-8 col-sm-12">
                    <div class="price js-product-price">
                    <div class="prices-wrapper">
                    <span class="sales ct-tile--price-primary ">
                    <span class="value" content="2.19">
                    <span class="ct-price-formatted">
                    €2,19
                    </span>
                    <span class="ct-m-unit">
                    /un
                    </span>
                    </span>
                    </span>
                    </div>
                    <div class="ct-tile--price-secondary">
                    <span class="ct-price-value">
                    €4,38
                    </span>
                    <span class="ct-m-unit">
                    /doz
                    </span>
                    </div>
                    </div>
                    </div>
                    <div class="ct-tile-buy-section d-flex justify-content-center no-gutters col-auto col-sm-12">
                    <div class="col-2 d-sm-flex d-none">
                    <button class="wishlist-toggler guest-mode inactive button button--tertiary" data-pid="7453999" data-add-url="https://www.continente.pt/on/demandware.store/Sites-continente-Site/default/Wishlist-AddProduct?pid=7453999" data-toggle="tooltip" aria-label="Adicionar aos favoritos " data-original-title="Adicionar aos favoritos" data-placement="top">
                    <svg class="active-content" width="100%" height="100%" viewBox="0 0 20 22" fill="none" xmlns="http://www.w3.org/2000/svg">
                    <path fill-rule="evenodd" clip-rule="evenodd" d="M0 1.53052C0 0.685236 0.692171 0 1.54601 0H15.0736C15.9274 0 16.6196 0.685235 16.6196 1.53052V13.4064L15.8127 13.922L14.2658 14.2658L12.7189 13.4064L10.6054 14.3818C10.4994 14.2451 10.3327 14.157 10.1452 14.157H6.76329C6.4431 14.157 6.18354 14.414 6.18354 14.731C6.18354 15.0479 6.4431 15.3049 6.76329 15.3049H10.1452C10.2478 15.3049 10.3441 15.2785 10.4277 15.2322L10.3126 16.8439L13.2345 20.2793H1.54601C0.69217 20.2793 0 19.5941 0 18.7488V1.53052ZM6.18354 5.5483C6.18354 5.23132 6.4431 4.97436 6.76329 4.97436H12.3676C12.6878 4.97436 12.9473 5.23132 12.9473 5.5483C12.9473 5.86528 12.6878 6.12224 12.3676 6.12224H6.76329C6.4431 6.12224 6.18354 5.86528 6.18354 5.5483ZM6.76329 11.0961C6.4431 11.0961 6.18354 11.3531 6.18354 11.6701C6.18354 11.987 6.4431 12.244 6.76329 12.244H12.3676C12.6878 12.244 12.9473 11.987 12.9473 11.6701C12.9473 11.3531 12.6878 11.0961 12.3676 11.0961H6.76329ZM6.18354 8.60985C6.18354 8.29287 6.4431 8.03591 6.76329 8.03591H12.3676C12.6878 8.03591 12.9473 8.29287 12.9473 8.60985C12.9473 8.92684 12.6878 9.1838 12.3676 9.1838H6.76329C6.4431 9.1838 6.18354 8.92684 6.18354 8.60985ZM3.67118 5.5483C3.67118 5.23132 3.93075 4.97436 4.25093 4.97436H4.63743C4.95762 4.97436 5.21719 5.23132 5.21719 5.5483C5.21719 5.86528 4.95762 6.12224 4.63743 6.12224H4.25093C3.93075 6.12224 3.67118 5.86528 3.67118 5.5483ZM4.25093 11.0961C3.93075 11.0961 3.67118 11.3531 3.67118 11.6701C3.67118 11.987 3.93075 12.244 4.25093 12.244H4.63743C4.95762 12.244 5.21719 11.987 5.21719 11.6701C5.21719 11.3531 4.95762 11.0961 4.63743 11.0961H4.25093ZM3.67118 8.60985C3.67118 8.29287 3.93075 8.03591 4.25093 8.03591H4.63743C4.95762 8.03591 5.21719 8.29287 5.21719 8.60985C5.21719 8.92684 4.95762 9.1838 4.63743 9.1838H4.25093C3.93075 9.1838 3.67118 8.92684 3.67118 8.60985ZM4.25093 14.157C3.93075 14.157 3.67118 14.414 3.67118 14.731C3.67118 15.0479 3.93075 15.3049 4.25093 15.3049H4.63743C4.95762 15.3049 5.21719 15.0479 5.21719 14.731C5.21719 14.414 4.95762 14.157 4.63743 14.157H4.25093Z" fill="#EB0203"></path>
                    <path fill-rule="evenodd" clip-rule="evenodd" d="M14.6252 13.6363C13.4918 12.6215 11.7817 12.5264 10.6569 13.4792C9.12421 14.7764 9.34841 16.8912 10.4409 18.0122L14.0159 21.6742C14.2197 21.8832 14.4928 22 14.7822 22C15.0737 22 15.3448 21.8852 15.5486 21.6762L19.1236 18.0142C20.214 16.8933 20.4423 14.7785 18.9075 13.4792C17.7827 12.5283 16.0724 12.6217 14.9391 13.6365C14.8855 13.6845 14.8331 13.7345 14.7822 13.7866C14.7313 13.7345 14.6789 13.6843 14.6252 13.6363ZM18.1546 14.3522C19.0973 15.1508 18.9962 16.4896 18.2891 17.2173C18.2888 17.2175 18.2886 17.2177 18.2884 17.218L14.7832 20.8084L11.2753 17.2151C11.2752 17.215 11.2751 17.2149 11.2749 17.2148C10.5677 16.4887 10.4678 15.1495 11.4104 14.3518L11.4108 14.3514C12.0745 13.7892 13.2018 13.82 13.9488 14.5846L14.7822 15.4378L15.6157 14.5846C16.3617 13.8211 17.4896 13.79 18.1545 14.3521" fill="#EB0203"></path>
                    </svg>
                    <svg class="inactive-content" width="100%" height="100%" viewBox="0 0 20 23" fill="none" xmlns="http://www.w3.org/2000/svg">
                    <path fill-rule="evenodd" clip-rule="evenodd" d="M6.18408 5.77914C6.18408 5.46223 6.44363 5.20532 6.7638 5.20532H12.3678C12.6879 5.20532 12.9475 5.46223 12.9475 5.77914C12.9475 6.09606 12.6879 6.35297 12.3678 6.35297H6.7638C6.44363 6.35297 6.18408 6.09606 6.18408 5.77914Z" fill="#EB0203"></path>
                    <path fill-rule="evenodd" clip-rule="evenodd" d="M6.18408 11.9034C6.18408 11.5865 6.44363 11.3296 6.7638 11.3296H12.3678C12.6879 11.3296 12.9475 11.5865 12.9475 11.9034C12.9475 12.2202 12.6879 12.4771 12.3678 12.4771H6.7638C6.44363 12.4771 6.18408 12.2202 6.18408 11.9034Z" fill="#EB0203"></path>
                    <path fill-rule="evenodd" clip-rule="evenodd" d="M6.18408 8.84116C6.18408 8.52424 6.44363 8.26733 6.7638 8.26733H12.3678C12.6879 8.26733 12.9475 8.52424 12.9475 8.84116C12.9475 9.15807 12.6879 9.41498 12.3678 9.41498H6.7638C6.44363 9.41498 6.18408 9.15807 6.18408 8.84116Z" fill="#EB0203"></path>
                    <path fill-rule="evenodd" clip-rule="evenodd" d="M6.18408 14.9655C6.18408 14.6486 6.44363 14.3917 6.7638 14.3917H10.1455C10.4657 14.3917 10.7252 14.6486 10.7252 14.9655C10.7252 15.2825 10.4657 15.5394 10.1455 15.5394H6.7638C6.44363 15.5394 6.18408 15.2825 6.18408 14.9655Z" fill="#EB0203"></path>
                    <path fill-rule="evenodd" clip-rule="evenodd" d="M3.67139 5.77914C3.67139 5.46223 3.93094 5.20532 4.25111 5.20532H4.63759C4.95776 5.20532 5.21731 5.46223 5.21731 5.77914C5.21731 6.09606 4.95776 6.35297 4.63759 6.35297H4.25111C3.93094 6.35297 3.67139 6.09606 3.67139 5.77914Z" fill="#EB0203"></path>
                    <path fill-rule="evenodd" clip-rule="evenodd" d="M3.67139 11.9034C3.67139 11.5865 3.93094 11.3296 4.25111 11.3296H4.63759C4.95776 11.3296 5.21731 11.5865 5.21731 11.9034C5.21731 12.2202 4.95776 12.4771 4.63759 12.4771H4.25111C3.93094 12.4771 3.67139 12.2202 3.67139 11.9034Z" fill="#EB0203"></path>
                    <path fill-rule="evenodd" clip-rule="evenodd" d="M3.67139 8.84116C3.67139 8.52424 3.93094 8.26733 4.25111 8.26733H4.63759C4.95776 8.26733 5.21731 8.52424 5.21731 8.84116C5.21731 9.15807 4.95776 9.41498 4.63759 9.41498H4.25111C3.93094 9.41498 3.67139 9.15807 3.67139 8.84116Z" fill="#EB0203"></path>
                    <path fill-rule="evenodd" clip-rule="evenodd" d="M3.67139 14.9655C3.67139 14.6486 3.93094 14.3917 4.25111 14.3917H4.63759C4.95776 14.3917 5.21731 14.6486 5.21731 14.9655C5.21731 15.2825 4.95776 15.5394 4.63759 15.5394H4.25111C3.93094 15.5394 3.67139 15.2825 3.67139 14.9655Z" fill="#EB0203"></path>
                    <path fill-rule="evenodd" clip-rule="evenodd" d="M0 1.76033C0 0.914738 0.692131 0.229248 1.54592 0.229248H15.0727C15.9265 0.229248 16.6186 0.914738 16.6186 1.76033V11.2818C16.6186 11.5989 16.3591 11.8559 16.0389 11.8559C15.7187 11.8559 15.4592 11.5989 15.4592 11.2818V1.76033C15.4592 1.54893 15.2862 1.37756 15.0727 1.37756H1.54592C1.33247 1.37756 1.15944 1.54893 1.15944 1.76033V18.985C1.15944 19.1964 1.33247 19.3678 1.54592 19.3678H9.27551C9.59568 19.3678 9.85523 19.6249 9.85523 19.942C9.85523 20.2591 9.59568 20.5161 9.27551 20.5161H1.54592C0.692131 20.5161 0 19.8306 0 18.985V1.76033Z" fill="#EB0203"></path>
                    <path fill-rule="evenodd" clip-rule="evenodd" d="M14.6254 13.8718C13.4921 12.8567 11.7821 12.7615 10.6574 13.7147C9.12472 15.0124 9.34891 17.128 10.4413 18.2493L14.0161 21.9126C14.2199 22.1217 14.493 22.2386 14.7824 22.2386C15.0739 22.2386 15.3449 22.1238 15.5487 21.9147L19.1235 18.2514C20.2139 17.13 20.4422 15.0144 18.9075 13.7147C17.7827 12.7634 16.0726 12.8569 14.9392 13.872C14.8856 13.92 14.8333 13.9701 14.7824 14.0222C14.7314 13.97 14.6791 13.9199 14.6254 13.8718ZM18.1546 14.588C19.0972 15.3869 18.9961 16.7262 18.2891 17.4541C18.2888 17.4543 18.2886 17.4546 18.2884 17.4548L14.7834 21.0466L11.2757 17.452C11.2756 17.4519 11.2755 17.4517 11.2753 17.4516C10.5681 16.7252 10.4682 15.3856 11.4108 14.5876L11.4112 14.5872C12.0748 14.0248 13.202 14.0556 13.949 14.8205L14.7824 15.674L15.6158 14.8205C16.3618 14.0567 17.4896 14.0256 18.1545 14.5879" fill="#EB0203"></path>
                    </svg>
                    </button>
                    </div>
                    <div class="col-sm-10 col-12">
                    <div class="ct-tile-quantity d-none" data-pid="7453999">
                    <input type="hidden" class="add-to-cart-url" value="https://www.continente.pt/on/demandware.store/Sites-continente-Site/default/Cart-AddProduct">
                    <div class="d-none tile-delete-confirmation-btn" data-pid="7453999" data-delay-time="3000" data-in-cart-msg="no carrinho" data-one-product-added="Adicionado ao carrinho" data-remove-from-cart-msg="Removido do carrinho" data-stay-open="6000.0" data-confirmation-image="{&quot;url&quot;:&quot;https://www.continente.pt/dw/image/v2/BDVS_PRD/on/demandware.static/-/Sites-col-master-catalog/default/dwe8e16ee4/images/col/745/7453999-cima.jpg?sw=87&amp;sh=80&quot;,&quot;fallbackimage&quot;:{&quot;url&quot;:&quot;https://www.continente.pt/dw/image/v2/BDVS_PRD/on/demandware.static/Sites-continente-Site/-/default/dw7c42b4da/images/noimagelarge_product.png?sw=87&amp;sh=80&quot;,&quot;title&quot;:&quot;Ovos Biológicos&quot;,&quot;alt&quot;:&quot;Ovos Biológicos&quot;},&quot;title&quot;:&quot;Ovos Biológicos&quot;,&quot;alt&quot;:&quot;Ovos Biológicos&quot;}"></div>
                    <div class="ct-tile-quantity-update quantity-update product-qty-vue" data-remove-action="https://www.continente.pt/on/demandware.store/Sites-continente-Site/default/Cart-RemoveProductLineItem" data-action="https://www.continente.pt/on/demandware.store/Sites-continente-Site/default/Cart-UpdateQuantity" data-dimension-update="https://www.continente.pt/on/demandware.store/Sites-continente-Site/default/Cart-DimensionUpdate" data-pid="7453999" data-uuid="a33d815f358b7e87b2f60ec18c" data-add-delay="500.0" data-measure-options="{&quot;hasConversionRate&quot;:false,&quot;hasAlternativeSaleUnit&quot;:false,&quot;unitConversionRate&quot;:null,&quot;minOrderQuantity&quot;:1,&quot;stepQuantity&quot;:1,&quot;primaryunit&quot;:&quot;un&quot;,&quot;secondaryunit&quot;:&quot;doz&quot;,&quot;selectedunit&quot;:&quot;primary&quot;,&quot;maxNumberOfUnitsPerSale&quot;:50}" data-price-available="null" :data-has-error="isMaxQtyReached || isMinQtyReached || qtySelectedMoreThanOne">
                    <template v-show="prodUnits">
                    <div class="quantity-input-wrapper has-units">
                    <label class="visually-hidden" :for="'quantity-' + pid + additionalTag">
                    Quantidade no carrinho
                    </label>
                    <input :ref="'quantityInput-' + pid + additionalTag" class="add-to-cart-quantity form-control ct-form-input text-center" inputmode="numeric" :class="{'is-invalid': isInvalid}" :data-pid="pid + additionalTag" :name="'quantity-' + pid + additionalTag" type="text" aria-label="Insira a quantidade" title="" v-model="displayValue" @change="updateQuantity" @focus="updateQtyFormat" @blur="restoreQtyFormat" :disabled="!isPriceAvailable">
                    <span class="quantity-icon quantity-icon--minus">
                    <button class="decrease-quantity-btn" @click="updateQuantity" :disabled="!isPriceAvailable" role="button" aria-label="Reduzir quantidade">
                    <i class="css-math-minus"></i>
                    </button>
                    </span>
                    <span class="quantity-icon quantity-icon--plus">
                    <button class="increase-quantity-btn" @click="updateQuantity" :disabled="isMaxQtyReached || !isPriceAvailable" role="button" aria-label="Aumentar quantidade">
                    <i class="css-math-plus"></i>
                    </button>
                    <span class="quantity-btn-disabled-placeholder"></span>
                    </span>
                    <template v-if="isPDP">
                    <span class="quantity-error ct-span-error text-sm-center product-max-allocation" v-if="isMaxQtyReached">
                    Quantidade máxima atingida
                    </span>
                    <span class="quantity-error ct-span-product text-sm-center product-allocation" v-if="!isMinQtyReached &amp;&amp; !isMaxQtyReached">
                    {{quantitySelected}} no carrinho
                    </span>
                    <span class="quantity-error ct-span-error text-sm-center product-min-allocation" :data-pid="pid" v-if="isMinQtyReached &amp;&amp; !isMaxQtyReached">
                    Quantidade mínima atingida
                    </span>
                    </template>
                    </div>
                    <template v-if="showNotes">
                    <div class="add-note-link-container ">
                    <div class="add-note">
                    <a href="/produto/ovos-biologicos-continente-bio-7453999.html?showNote=true" class="ct-add-note-redirect-pdp" aria-label="Adicionar comentário">
                    <span class="svg-wrapper svg-icon-notes" style="width:19px; height:20px">
                    <svg class="svg-inline icon-notes" viewBox="0 0 28 30" xmlns="http://www.w3.org/2000/svg" width="100%" height="100%"><path d="M21.738 0C22.985 0 24 1.04 24 2.319V12.47c0 .469-.37.848-.828.848-.457 0-.827-.38-.827-.848V2.32c0-.343-.273-.622-.607-.622H2.262c-.334 0-.607.279-.607.622V27.68c0 .343.273.622.607.622h7.81c.457 0 .827.38.827.849 0 .468-.37.848-.827.848h-7.81C1.015 30 0 28.96 0 27.681V2.32C0 1.04 1.015 0 2.262 0h19.476zm2.844 16.004l.227.007c.823.053 1.589.39 2.176.964.64.627.993 1.46.993 2.349 0 .888-.353 1.722-.993 2.348l-6.83 6.665c-.11.108-.247.186-.397.226l-5.032 1.363c-.078.021-.16.032-.241.032-.242 0-.478-.097-.647-.266-.23-.231-.314-.566-.218-.874l1.49-4.798c.044-.139.122-.266.227-.369l6.844-6.677c.64-.625 1.493-.97 2.401-.97zm-2.886 3.94l-4.922 4.802-.947 3.048 3.22-.872 4.897-4.78-2.248-2.197zm2.887-2.174c-.425 0-.824.162-1.124.455l-.484.472 2.248 2.197.484-.472c.62-.606.62-1.591 0-2.197l-.117-.104c-.283-.227-.636-.35-1.007-.35zm-10.839.022c.498 0 .904.396.904.883 0 .488-.406.884-.904.884H5.946c-.499 0-.904-.396-.904-.884 0-.487.405-.883.904-.883zm5.042-4.876c.498 0 .904.397.904.884s-.406.884-.904.884H5.946c-.499 0-.904-.397-.904-.884s.405-.884.904-.884zm0-4.875c.498 0 .904.396.904.884 0 .487-.406.883-.904.883H5.946c-.499 0-.904-.396-.904-.883 0-.488.405-.884.904-.884z" fill="#EB0203" fill-rule="evenodd"></path></svg>
                    </span>
                    <div class="available-note d-none"></div>
                    </a>
                    </div>
                    </div>
                    </template>
                    <div class="measurement-unit-section" v-if="isPriceAvailable &amp;&amp; prodUnits ? prodUnits.hasAlternativeUnit : false">
                    <div class="ct-form-radio" @click="setDimension">
                    <input type="radio" title="" class="ct-form-check-input product-measurement-unit" :data-type="prodUnits.selectedUnit == prodUnits.secondaryUnit ? 'primary' : ''" :id="prodUnits.secondaryUnit + '-' + pid + '-measurement-unit-ptile' + additionalTag" :name="'measurement-unit-' + pid + '-ptile' + additionalTag" :value="prodUnits.secondaryUnit" v-model="prodUnits.selectedUnit">
                    <label :class="prodUnits.secondaryUnit + '-label ct-form-check-label mb-0'" :for="prodUnits.secondaryUnit + '-' + pid + '-measurement-unit-ptile' + additionalTag">
                    {{prodUnits.secondaryUnit}}
                    </label>
                    <span class="checkmark"></span>
                    </div>
                    <div class="ct-form-radio" @click="setDimension">
                    <input type="radio" title="" class="ct-form-check-input product-measurement-unit" :data-type="prodUnits.selectedUnit == prodUnits.primaryUnit ? 'primary' : ''" :id="prodUnits.primaryUnit + '-' + pid + '-measurement-unit-ptile' + additionalTag" :name="'measurement-unit-' + pid + '-ptile' + additionalTag" :value="prodUnits.primaryUnit" v-model="prodUnits.selectedUnit">
                    <label :class="prodUnits.primaryUnit + '-label ct-form-check-label mb-0'" :for="prodUnits.primaryUnit + '-' + pid + '-measurement-unit-ptile' + additionalTag">
                    {{prodUnits.primaryUnit}}
                    </label>
                    <span class="checkmark"></span>
                    </div>
                    </div>
                    <template v-if="!isPDP &amp;&amp; isPriceAvailable">
                    <span class="quantity-error ct-span-error product-max-allocation" v-if="isMaxQtyReached">
                    Quantidade máxima atingida
                    </span>
                    <span class="quantity-error ct-span-product product-allocation" v-if="!isMinQtyReached &amp;&amp; !isMaxQtyReached">
                    {{quantitySelected}} no carrinho
                    </span>
                    <span class="quantity-error ct-span-error product-min-allocation" :data-pid="pid" v-if="isMinQtyReached &amp;&amp; !isMaxQtyReached">
                    Quantidade mínima atingida
                    </span>
                    </template>
                    </template>
                    </div>
                    <input class="quantity-value-mask d-none" name="quantity" type="number" min="0" value="">
                    </div>
                    <button type="button" class="add-to-cart button js-add-to-cart js-add-to-cart-tile 7453999 button--primary dynamic-layout-btn" data-toggle="modal" data-target="#chooseBonusProductModal" data-pid="7453999" data-quantity-value="null" aria-label="Carrinho">
                    <span class="d-block d-sm-none">
                    <span class="svg-wrapper svg-icon-cart" style="width:20px; height:20px">
                    <svg class="svg-inline icon-cart" xmlns="http://www.w3.org/2000/svg" viewBox="0 0 500 500" width="100%" height="100%"><path fill="#EB0203" fill-rule="evenodd" d="M 485.67317,94.386311 C 476.37798,83.847129 463.09468,78.03348 448.30404,78.03348 H 90.690813 L 87.079511,51.327997 C 83.185582,22.539551 62.962285,0 41.011841,0 H 14.727836 C 6.563151,0 0,6.5286975 0,14.580758 c 0,8.05206 6.5945535,14.580758 14.727836,14.580758 h 26.284005 c 4.710398,0 14.696435,9.855222 16.894619,26.021523 L 100.01739,368.0631 c 1.88416,13.77244 9.01256,26.70549 20.1605,36.37417 8.25889,7.15046 18.02511,11.9071 28.26237,13.89679 -4.17655,7.58572 -6.53175,16.25957 -6.53175,25.493 0,29.53459 24.27424,53.59751 54.13815,53.59751 29.8325,0 54.13814,-24.03184 54.13814,-53.59751 0,-8.79818 -2.19818,-17.09897 -5.9979,-24.43598 h 77.12488 c -3.79973,7.33701 -5.96652,15.6378 -5.96652,24.43598 0,29.53459 24.27424,53.59751 54.13817,53.59751 29.83249,0 54.13814,-24.03184 54.13814,-53.59751 0,-8.79818 -2.1982,-17.09897 -5.9979,-24.43598 h 38.56243 c 8.13328,0 14.72783,-6.5287 14.72783,-14.61183 0,-8.02098 -6.59455,-14.54967 -14.72783,-14.54967 H 159.24277 c -14.38241,0 -28.13677,-11.90711 -30.02092,-26.02153 l -3.07746,-22.88154 h 290.6314 c 14.03698,0 27.94834,-5.28513 39.06488,-14.95381 11.11652,-9.6376 18.27632,-22.57065 20.16048,-36.37417 l 21.10259,-156.78201 c 1.94694,-14.51858 -2.10398,-28.29103 -11.43057,-38.861299 z M 220.76053,443.82706 c 0,13.49265 -11.08513,24.46709 -24.68247,24.46709 -13.62874,0 -24.71387,-10.97444 -24.71387,-24.46709 0,-13.49262 11.08513,-24.43598 24.71387,-24.43598 13.59734,0 24.68247,10.94336 24.68247,24.43598 z m 173.43675,0 c 0,13.49265 -11.08512,24.46709 -24.68245,24.46709 -13.62876,0 -24.71388,-10.97444 -24.71388,-24.46709 0,-13.49262 11.08512,-24.43598 24.71388,-24.43598 13.59733,0 24.68245,10.94336 24.68245,24.43598 z m 73.7648,-314.46558 -21.13397,156.782 c -1.88416,14.11442 -15.63851,26.05261 -30.02091,26.05261 H 122.25046 L 94.616142,107.19499 H 448.33544 c 6.18632,0 11.61896,2.2695 15.23028,6.37326 3.64269,4.13484 5.21283,9.73086 4.39636,15.79323 z"></path></svg>
                    </span>
                    </span>
                    <span class="add-to-cart--text d-none d-sm-block">Carrinho</span>
                    </button>
                    </div>
                    </div>
                    </div>
                    </div>
                    
                    <div class="col-12 d-sm-none">
                    </div>
                    </div>
                    </div>
                    </div>
                    </div>
                    <div class="col-12 col-sm-3 col-lg-2 productTile" data-idx="19">
                    
                    <script type="text/javascript">//<!--
                    /* <![CDATA[ */
                    (function(){
                    try {
                        if(window.CQuotient) {
                        var cq_params = {};
                        
                        cq_params.cookieId = window.CQuotient.getCQCookieId();
                        cq_params.userId = window.CQuotient.getCQUserId();
                        cq_params.emailId = CQuotient.getCQHashedEmail();
                        cq_params.loginId = CQuotient.getCQHashedLogin();
                        cq_params.accumulate = true;
                        cq_params.products = [{
                            id: '6184775',
                            sku: ''
                        }];
                        cq_params.categoryId = 'laticinios';
                        cq_params.refinements = '[{\"name\":\"priceMin\",\"value\":\"0.01\"},{\"name\":\"priceMax\",\"value\":\"null\"},{\"name\":\"curr\",\"value\":\"EUR\"},{\"name\":\"Category\",\"value\":\"laticinios\"}]';
                        cq_params.personalized = 'false';
                        cq_params.sortingRule = 'FOOD-Laticinios';
                        cq_params.imageUUID = '__UNDEFINED__';
                        cq_params.realm = "BDVS";
                        cq_params.siteId = "continente";
                        cq_params.instanceType = "prd";
                        cq_params.queryLocale = "default";
                        cq_params.locale = window.CQuotient.locale;
                        
                        if(window.CQuotient.sendActivity)
                            window.CQuotient.sendActivity(CQuotient.clientId, 'viewCategory', cq_params);
                        else
                            window.CQuotient.activities.push({
                                activityType: 'viewCategory',
                                parameters: cq_params
                            });
                      }
                    } catch(err) {}
                    })();
                    /* ]]> */
                    // -->
                    </script>
                    <script type="text/javascript">//<!--
                    /* <![CDATA[ (viewCategoryProduct-active_data.js) */
                    (function(){
                    try {
                        if (dw.ac) {
                            var search_params = {};
                            search_params.persd = 'false';
                            search_params.refs = '[{\"name\":\"priceMin\",\"value\":\"0.01\"},{\"name\":\"priceMax\",\"value\":\"null\"},{\"name\":\"curr\",\"value\":\"EUR\"},{\"name\":\"Category\",\"value\":\"laticinios\"}]';
                            search_params.sort = 'FOOD-Laticinios';
                            search_params.imageUUID = '';
                            search_params.searchID = 'ff60679a-0a42-4d90-af85-afdcdfaee427';
                            search_params.locale = 'default';
                            search_params.queryLocale = 'default';
                            search_params.showProducts = 'true';
                            dw.ac.applyContext({category: "laticinios", searchData: search_params});
                            if (typeof dw.ac._scheduleDataSubmission === "function") {
                                dw.ac._scheduleDataSubmission();
                            }
                        }
                    } catch(err) {}
                    })();
                    /* ]]> */
                    // -->
                    </script>
                    <script type="text/javascript">//<!--
                    /* <![CDATA[ (viewProduct-active_data.js) */
                    dw.ac._capture({id: "6184775", type: "searchhit"});
                    /* ]]> */
                    // -->
                    </script>
                    <div class="product" data-pid="6184775">
                    <div class="product-tile pid-6184775 ct-product-tile data-layer-pushed" data-delay-time="3000" data-variants-mapping="[]" data-in-cart-msg="no carrinho" data-one-product-added="Adicionado ao carrinho" data-remove-from-cart-msg="Removido do carrinho" data-stay-open="6000.0" data-product-tile-impression="{&quot;name&quot;:&quot;6184775&quot;,&quot;id&quot;:&quot;6184775&quot;,&quot;price&quot;:1.89,&quot;brand&quot;:&quot;Continente&quot;,&quot;category&quot;:[{&quot;category_level_1&quot;:&quot;Charcutaria e Queijos&quot;},{&quot;category_level_2&quot;:&quot;Queijos&quot;},{&quot;category_level_3&quot;:&quot;Fatiado&quot;}],&quot;variant&quot;:&quot;&quot;}">
                    <div class="ct-inner-tile-wrap row no-gutters justify-content-center align-content-start">
                    
                    <div class="ct-image-container col-4 col-sm" data-confirmation-image="{&quot;url&quot;:&quot;https://www.continente.pt/dw/image/v2/BDVS_PRD/on/demandware.static/-/Sites-col-master-catalog/default/dwd98f04ee/images/col/618/6184775-frente.jpg?sw=87&amp;sh=80&quot;,&quot;fallbackimage&quot;:{&quot;url&quot;:&quot;https://www.continente.pt/dw/image/v2/BDVS_PRD/on/demandware.static/Sites-continente-Site/-/default/dw7c42b4da/images/noimagelarge_product.png?sw=87&amp;sh=80&quot;,&quot;title&quot;:&quot;Queijo Flamengo Fatiado&quot;,&quot;alt&quot;:&quot;Queijo Flamengo Fatiado&quot;},&quot;title&quot;:&quot;Queijo Flamengo Fatiado&quot;,&quot;alt&quot;:&quot;Queijo Flamengo Fatiado&quot;}">
                    <a href="https://www.continente.pt/produto/queijo-flamengo-fatiado-continente-6184775.html?cgid=laticinios">
                    <picture class="intrinsic intrinsic--square">
                    <img class="ct-tile-image lazyloaded" loading="lazy" onerror="this.onerror=null;this.src='/on/demandware.static/Sites-continente-Site/-/default/dw7c42b4da/images/noimagelarge_product.png';" data-src="https://www.continente.pt/dw/image/v2/BDVS_PRD/on/demandware.static/-/Sites-col-master-catalog/default/dwd98f04ee/images/col/618/6184775-frente.jpg?sw=280&amp;sh=280" alt="Queijo Flamengo Fatiado" title="Queijo Flamengo Fatiado" src="https://www.continente.pt/dw/image/v2/BDVS_PRD/on/demandware.static/-/Sites-col-master-catalog/default/dwd98f04ee/images/col/618/6184775-frente.jpg?sw=280&amp;sh=280">
                    </picture>
                    </a>
                    <div class="color-swatches d-flex" style="margin-left: 5px;">
                    <div class="swatches d-flex">
                    </div>
                    </div>
                    </div>
                    <div class="ct-tile-body col col-sm-auto ">
                    <div class="ct-pdp-details">
                    <div class="ct-pdp-link">
                    <a class="ct-tile--description" href="https://www.continente.pt/produto/queijo-flamengo-fatiado-continente-6184775.html?cgid=laticinios">Queijo Flamengo Fatiado</a>
                    <div class="ct-tile--favorite-top d-sm-none">
                    <button class="wishlist-toggler guest-mode inactive button button--tertiary" data-pid="6184775" data-add-url="https://www.continente.pt/on/demandware.store/Sites-continente-Site/default/Wishlist-AddProduct?pid=6184775" data-toggle="tooltip" aria-label="Adicionar aos favoritos " data-original-title="Adicionar aos favoritos" data-placement="top">
                    <svg class="active-content" width="100%" height="100%" viewBox="0 0 20 22" fill="none" xmlns="http://www.w3.org/2000/svg">
                    <path fill-rule="evenodd" clip-rule="evenodd" d="M0 1.53052C0 0.685236 0.692171 0 1.54601 0H15.0736C15.9274 0 16.6196 0.685235 16.6196 1.53052V13.4064L15.8127 13.922L14.2658 14.2658L12.7189 13.4064L10.6054 14.3818C10.4994 14.2451 10.3327 14.157 10.1452 14.157H6.76329C6.4431 14.157 6.18354 14.414 6.18354 14.731C6.18354 15.0479 6.4431 15.3049 6.76329 15.3049H10.1452C10.2478 15.3049 10.3441 15.2785 10.4277 15.2322L10.3126 16.8439L13.2345 20.2793H1.54601C0.69217 20.2793 0 19.5941 0 18.7488V1.53052ZM6.18354 5.5483C6.18354 5.23132 6.4431 4.97436 6.76329 4.97436H12.3676C12.6878 4.97436 12.9473 5.23132 12.9473 5.5483C12.9473 5.86528 12.6878 6.12224 12.3676 6.12224H6.76329C6.4431 6.12224 6.18354 5.86528 6.18354 5.5483ZM6.76329 11.0961C6.4431 11.0961 6.18354 11.3531 6.18354 11.6701C6.18354 11.987 6.4431 12.244 6.76329 12.244H12.3676C12.6878 12.244 12.9473 11.987 12.9473 11.6701C12.9473 11.3531 12.6878 11.0961 12.3676 11.0961H6.76329ZM6.18354 8.60985C6.18354 8.29287 6.4431 8.03591 6.76329 8.03591H12.3676C12.6878 8.03591 12.9473 8.29287 12.9473 8.60985C12.9473 8.92684 12.6878 9.1838 12.3676 9.1838H6.76329C6.4431 9.1838 6.18354 8.92684 6.18354 8.60985ZM3.67118 5.5483C3.67118 5.23132 3.93075 4.97436 4.25093 4.97436H4.63743C4.95762 4.97436 5.21719 5.23132 5.21719 5.5483C5.21719 5.86528 4.95762 6.12224 4.63743 6.12224H4.25093C3.93075 6.12224 3.67118 5.86528 3.67118 5.5483ZM4.25093 11.0961C3.93075 11.0961 3.67118 11.3531 3.67118 11.6701C3.67118 11.987 3.93075 12.244 4.25093 12.244H4.63743C4.95762 12.244 5.21719 11.987 5.21719 11.6701C5.21719 11.3531 4.95762 11.0961 4.63743 11.0961H4.25093ZM3.67118 8.60985C3.67118 8.29287 3.93075 8.03591 4.25093 8.03591H4.63743C4.95762 8.03591 5.21719 8.29287 5.21719 8.60985C5.21719 8.92684 4.95762 9.1838 4.63743 9.1838H4.25093C3.93075 9.1838 3.67118 8.92684 3.67118 8.60985ZM4.25093 14.157C3.93075 14.157 3.67118 14.414 3.67118 14.731C3.67118 15.0479 3.93075 15.3049 4.25093 15.3049H4.63743C4.95762 15.3049 5.21719 15.0479 5.21719 14.731C5.21719 14.414 4.95762 14.157 4.63743 14.157H4.25093Z" fill="#EB0203"></path>
                    <path fill-rule="evenodd" clip-rule="evenodd" d="M14.6252 13.6363C13.4918 12.6215 11.7817 12.5264 10.6569 13.4792C9.12421 14.7764 9.34841 16.8912 10.4409 18.0122L14.0159 21.6742C14.2197 21.8832 14.4928 22 14.7822 22C15.0737 22 15.3448 21.8852 15.5486 21.6762L19.1236 18.0142C20.214 16.8933 20.4423 14.7785 18.9075 13.4792C17.7827 12.5283 16.0724 12.6217 14.9391 13.6365C14.8855 13.6845 14.8331 13.7345 14.7822 13.7866C14.7313 13.7345 14.6789 13.6843 14.6252 13.6363ZM18.1546 14.3522C19.0973 15.1508 18.9962 16.4896 18.2891 17.2173C18.2888 17.2175 18.2886 17.2177 18.2884 17.218L14.7832 20.8084L11.2753 17.2151C11.2752 17.215 11.2751 17.2149 11.2749 17.2148C10.5677 16.4887 10.4678 15.1495 11.4104 14.3518L11.4108 14.3514C12.0745 13.7892 13.2018 13.82 13.9488 14.5846L14.7822 15.4378L15.6157 14.5846C16.3617 13.8211 17.4896 13.79 18.1545 14.3521" fill="#EB0203"></path>
                    </svg>
                    <svg class="inactive-content" width="100%" height="100%" viewBox="0 0 20 23" fill="none" xmlns="http://www.w3.org/2000/svg">
                    <path fill-rule="evenodd" clip-rule="evenodd" d="M6.18408 5.77914C6.18408 5.46223 6.44363 5.20532 6.7638 5.20532H12.3678C12.6879 5.20532 12.9475 5.46223 12.9475 5.77914C12.9475 6.09606 12.6879 6.35297 12.3678 6.35297H6.7638C6.44363 6.35297 6.18408 6.09606 6.18408 5.77914Z" fill="#EB0203"></path>
                    <path fill-rule="evenodd" clip-rule="evenodd" d="M6.18408 11.9034C6.18408 11.5865 6.44363 11.3296 6.7638 11.3296H12.3678C12.6879 11.3296 12.9475 11.5865 12.9475 11.9034C12.9475 12.2202 12.6879 12.4771 12.3678 12.4771H6.7638C6.44363 12.4771 6.18408 12.2202 6.18408 11.9034Z" fill="#EB0203"></path>
                    <path fill-rule="evenodd" clip-rule="evenodd" d="M6.18408 8.84116C6.18408 8.52424 6.44363 8.26733 6.7638 8.26733H12.3678C12.6879 8.26733 12.9475 8.52424 12.9475 8.84116C12.9475 9.15807 12.6879 9.41498 12.3678 9.41498H6.7638C6.44363 9.41498 6.18408 9.15807 6.18408 8.84116Z" fill="#EB0203"></path>
                    <path fill-rule="evenodd" clip-rule="evenodd" d="M6.18408 14.9655C6.18408 14.6486 6.44363 14.3917 6.7638 14.3917H10.1455C10.4657 14.3917 10.7252 14.6486 10.7252 14.9655C10.7252 15.2825 10.4657 15.5394 10.1455 15.5394H6.7638C6.44363 15.5394 6.18408 15.2825 6.18408 14.9655Z" fill="#EB0203"></path>
                    <path fill-rule="evenodd" clip-rule="evenodd" d="M3.67139 5.77914C3.67139 5.46223 3.93094 5.20532 4.25111 5.20532H4.63759C4.95776 5.20532 5.21731 5.46223 5.21731 5.77914C5.21731 6.09606 4.95776 6.35297 4.63759 6.35297H4.25111C3.93094 6.35297 3.67139 6.09606 3.67139 5.77914Z" fill="#EB0203"></path>
                    <path fill-rule="evenodd" clip-rule="evenodd" d="M3.67139 11.9034C3.67139 11.5865 3.93094 11.3296 4.25111 11.3296H4.63759C4.95776 11.3296 5.21731 11.5865 5.21731 11.9034C5.21731 12.2202 4.95776 12.4771 4.63759 12.4771H4.25111C3.93094 12.4771 3.67139 12.2202 3.67139 11.9034Z" fill="#EB0203"></path>
                    <path fill-rule="evenodd" clip-rule="evenodd" d="M3.67139 8.84116C3.67139 8.52424 3.93094 8.26733 4.25111 8.26733H4.63759C4.95776 8.26733 5.21731 8.52424 5.21731 8.84116C5.21731 9.15807 4.95776 9.41498 4.63759 9.41498H4.25111C3.93094 9.41498 3.67139 9.15807 3.67139 8.84116Z" fill="#EB0203"></path>
                    <path fill-rule="evenodd" clip-rule="evenodd" d="M3.67139 14.9655C3.67139 14.6486 3.93094 14.3917 4.25111 14.3917H4.63759C4.95776 14.3917 5.21731 14.6486 5.21731 14.9655C5.21731 15.2825 4.95776 15.5394 4.63759 15.5394H4.25111C3.93094 15.5394 3.67139 15.2825 3.67139 14.9655Z" fill="#EB0203"></path>
                    <path fill-rule="evenodd" clip-rule="evenodd" d="M0 1.76033C0 0.914738 0.692131 0.229248 1.54592 0.229248H15.0727C15.9265 0.229248 16.6186 0.914738 16.6186 1.76033V11.2818C16.6186 11.5989 16.3591 11.8559 16.0389 11.8559C15.7187 11.8559 15.4592 11.5989 15.4592 11.2818V1.76033C15.4592 1.54893 15.2862 1.37756 15.0727 1.37756H1.54592C1.33247 1.37756 1.15944 1.54893 1.15944 1.76033V18.985C1.15944 19.1964 1.33247 19.3678 1.54592 19.3678H9.27551C9.59568 19.3678 9.85523 19.6249 9.85523 19.942C9.85523 20.2591 9.59568 20.5161 9.27551 20.5161H1.54592C0.692131 20.5161 0 19.8306 0 18.985V1.76033Z" fill="#EB0203"></path>
                    <path fill-rule="evenodd" clip-rule="evenodd" d="M14.6254 13.8718C13.4921 12.8567 11.7821 12.7615 10.6574 13.7147C9.12472 15.0124 9.34891 17.128 10.4413 18.2493L14.0161 21.9126C14.2199 22.1217 14.493 22.2386 14.7824 22.2386C15.0739 22.2386 15.3449 22.1238 15.5487 21.9147L19.1235 18.2514C20.2139 17.13 20.4422 15.0144 18.9075 13.7147C17.7827 12.7634 16.0726 12.8569 14.9392 13.872C14.8856 13.92 14.8333 13.9701 14.7824 14.0222C14.7314 13.97 14.6791 13.9199 14.6254 13.8718ZM18.1546 14.588C19.0972 15.3869 18.9961 16.7262 18.2891 17.4541C18.2888 17.4543 18.2886 17.4546 18.2884 17.4548L14.7834 21.0466L11.2757 17.452C11.2756 17.4519 11.2755 17.4517 11.2753 17.4516C10.5681 16.7252 10.4682 15.3856 11.4108 14.5876L11.4112 14.5872C12.0748 14.0248 13.202 14.0556 13.949 14.8205L14.7824 15.674L15.6158 14.8205C16.3618 14.0567 17.4896 14.0256 18.1545 14.5879" fill="#EB0203"></path>
                    </svg>
                    </button>
                    </div>
                    </div>
                    <p class="ct-tile--brand">Continente</p>
                    <p class="ct-tile--quantity">emb. 200 gr</p>
                    </div>
                    <div class="ct-tile-bottom row no-gutters justify-content-between">
                    <div class="ct-price-wrap col-8 col-sm-12">
                    <div class="price js-product-price">
                    <div class="prices-wrapper">
                    <span class="sales ct-tile--price-primary ">
                    <span class="value" content="1.89">
                    <span class="ct-price-formatted">
                    €1,89
                    </span>
                    <span class="ct-m-unit">
                    /un
                    </span>
                    </span>
                    </span>
                    </div>
                    <div class="ct-tile--price-secondary">
                    <span class="ct-price-value">
                    €9,45
                    </span>
                    <span class="ct-m-unit">
                    /kg
                    </span>
                    </div>
                    </div>
                    </div>
                    <div class="ct-tile-buy-section d-flex justify-content-center no-gutters col-auto col-sm-12">
                    <div class="col-2 d-sm-flex d-none">
                    <button class="wishlist-toggler guest-mode inactive button button--tertiary" data-pid="6184775" data-add-url="https://www.continente.pt/on/demandware.store/Sites-continente-Site/default/Wishlist-AddProduct?pid=6184775" data-toggle="tooltip" aria-label="Adicionar aos favoritos " data-original-title="Adicionar aos favoritos" data-placement="top">
                    <svg class="active-content" width="100%" height="100%" viewBox="0 0 20 22" fill="none" xmlns="http://www.w3.org/2000/svg">
                    <path fill-rule="evenodd" clip-rule="evenodd" d="M0 1.53052C0 0.685236 0.692171 0 1.54601 0H15.0736C15.9274 0 16.6196 0.685235 16.6196 1.53052V13.4064L15.8127 13.922L14.2658 14.2658L12.7189 13.4064L10.6054 14.3818C10.4994 14.2451 10.3327 14.157 10.1452 14.157H6.76329C6.4431 14.157 6.18354 14.414 6.18354 14.731C6.18354 15.0479 6.4431 15.3049 6.76329 15.3049H10.1452C10.2478 15.3049 10.3441 15.2785 10.4277 15.2322L10.3126 16.8439L13.2345 20.2793H1.54601C0.69217 20.2793 0 19.5941 0 18.7488V1.53052ZM6.18354 5.5483C6.18354 5.23132 6.4431 4.97436 6.76329 4.97436H12.3676C12.6878 4.97436 12.9473 5.23132 12.9473 5.5483C12.9473 5.86528 12.6878 6.12224 12.3676 6.12224H6.76329C6.4431 6.12224 6.18354 5.86528 6.18354 5.5483ZM6.76329 11.0961C6.4431 11.0961 6.18354 11.3531 6.18354 11.6701C6.18354 11.987 6.4431 12.244 6.76329 12.244H12.3676C12.6878 12.244 12.9473 11.987 12.9473 11.6701C12.9473 11.3531 12.6878 11.0961 12.3676 11.0961H6.76329ZM6.18354 8.60985C6.18354 8.29287 6.4431 8.03591 6.76329 8.03591H12.3676C12.6878 8.03591 12.9473 8.29287 12.9473 8.60985C12.9473 8.92684 12.6878 9.1838 12.3676 9.1838H6.76329C6.4431 9.1838 6.18354 8.92684 6.18354 8.60985ZM3.67118 5.5483C3.67118 5.23132 3.93075 4.97436 4.25093 4.97436H4.63743C4.95762 4.97436 5.21719 5.23132 5.21719 5.5483C5.21719 5.86528 4.95762 6.12224 4.63743 6.12224H4.25093C3.93075 6.12224 3.67118 5.86528 3.67118 5.5483ZM4.25093 11.0961C3.93075 11.0961 3.67118 11.3531 3.67118 11.6701C3.67118 11.987 3.93075 12.244 4.25093 12.244H4.63743C4.95762 12.244 5.21719 11.987 5.21719 11.6701C5.21719 11.3531 4.95762 11.0961 4.63743 11.0961H4.25093ZM3.67118 8.60985C3.67118 8.29287 3.93075 8.03591 4.25093 8.03591H4.63743C4.95762 8.03591 5.21719 8.29287 5.21719 8.60985C5.21719 8.92684 4.95762 9.1838 4.63743 9.1838H4.25093C3.93075 9.1838 3.67118 8.92684 3.67118 8.60985ZM4.25093 14.157C3.93075 14.157 3.67118 14.414 3.67118 14.731C3.67118 15.0479 3.93075 15.3049 4.25093 15.3049H4.63743C4.95762 15.3049 5.21719 15.0479 5.21719 14.731C5.21719 14.414 4.95762 14.157 4.63743 14.157H4.25093Z" fill="#EB0203"></path>
                    <path fill-rule="evenodd" clip-rule="evenodd" d="M14.6252 13.6363C13.4918 12.6215 11.7817 12.5264 10.6569 13.4792C9.12421 14.7764 9.34841 16.8912 10.4409 18.0122L14.0159 21.6742C14.2197 21.8832 14.4928 22 14.7822 22C15.0737 22 15.3448 21.8852 15.5486 21.6762L19.1236 18.0142C20.214 16.8933 20.4423 14.7785 18.9075 13.4792C17.7827 12.5283 16.0724 12.6217 14.9391 13.6365C14.8855 13.6845 14.8331 13.7345 14.7822 13.7866C14.7313 13.7345 14.6789 13.6843 14.6252 13.6363ZM18.1546 14.3522C19.0973 15.1508 18.9962 16.4896 18.2891 17.2173C18.2888 17.2175 18.2886 17.2177 18.2884 17.218L14.7832 20.8084L11.2753 17.2151C11.2752 17.215 11.2751 17.2149 11.2749 17.2148C10.5677 16.4887 10.4678 15.1495 11.4104 14.3518L11.4108 14.3514C12.0745 13.7892 13.2018 13.82 13.9488 14.5846L14.7822 15.4378L15.6157 14.5846C16.3617 13.8211 17.4896 13.79 18.1545 14.3521" fill="#EB0203"></path>
                    </svg>
                    <svg class="inactive-content" width="100%" height="100%" viewBox="0 0 20 23" fill="none" xmlns="http://www.w3.org/2000/svg">
                    <path fill-rule="evenodd" clip-rule="evenodd" d="M6.18408 5.77914C6.18408 5.46223 6.44363 5.20532 6.7638 5.20532H12.3678C12.6879 5.20532 12.9475 5.46223 12.9475 5.77914C12.9475 6.09606 12.6879 6.35297 12.3678 6.35297H6.7638C6.44363 6.35297 6.18408 6.09606 6.18408 5.77914Z" fill="#EB0203"></path>
                    <path fill-rule="evenodd" clip-rule="evenodd" d="M6.18408 11.9034C6.18408 11.5865 6.44363 11.3296 6.7638 11.3296H12.3678C12.6879 11.3296 12.9475 11.5865 12.9475 11.9034C12.9475 12.2202 12.6879 12.4771 12.3678 12.4771H6.7638C6.44363 12.4771 6.18408 12.2202 6.18408 11.9034Z" fill="#EB0203"></path>
                    <path fill-rule="evenodd" clip-rule="evenodd" d="M6.18408 8.84116C6.18408 8.52424 6.44363 8.26733 6.7638 8.26733H12.3678C12.6879 8.26733 12.9475 8.52424 12.9475 8.84116C12.9475 9.15807 12.6879 9.41498 12.3678 9.41498H6.7638C6.44363 9.41498 6.18408 9.15807 6.18408 8.84116Z" fill="#EB0203"></path>
                    <path fill-rule="evenodd" clip-rule="evenodd" d="M6.18408 14.9655C6.18408 14.6486 6.44363 14.3917 6.7638 14.3917H10.1455C10.4657 14.3917 10.7252 14.6486 10.7252 14.9655C10.7252 15.2825 10.4657 15.5394 10.1455 15.5394H6.7638C6.44363 15.5394 6.18408 15.2825 6.18408 14.9655Z" fill="#EB0203"></path>
                    <path fill-rule="evenodd" clip-rule="evenodd" d="M3.67139 5.77914C3.67139 5.46223 3.93094 5.20532 4.25111 5.20532H4.63759C4.95776 5.20532 5.21731 5.46223 5.21731 5.77914C5.21731 6.09606 4.95776 6.35297 4.63759 6.35297H4.25111C3.93094 6.35297 3.67139 6.09606 3.67139 5.77914Z" fill="#EB0203"></path>
                    <path fill-rule="evenodd" clip-rule="evenodd" d="M3.67139 11.9034C3.67139 11.5865 3.93094 11.3296 4.25111 11.3296H4.63759C4.95776 11.3296 5.21731 11.5865 5.21731 11.9034C5.21731 12.2202 4.95776 12.4771 4.63759 12.4771H4.25111C3.93094 12.4771 3.67139 12.2202 3.67139 11.9034Z" fill="#EB0203"></path>
                    <path fill-rule="evenodd" clip-rule="evenodd" d="M3.67139 8.84116C3.67139 8.52424 3.93094 8.26733 4.25111 8.26733H4.63759C4.95776 8.26733 5.21731 8.52424 5.21731 8.84116C5.21731 9.15807 4.95776 9.41498 4.63759 9.41498H4.25111C3.93094 9.41498 3.67139 9.15807 3.67139 8.84116Z" fill="#EB0203"></path>
                    <path fill-rule="evenodd" clip-rule="evenodd" d="M3.67139 14.9655C3.67139 14.6486 3.93094 14.3917 4.25111 14.3917H4.63759C4.95776 14.3917 5.21731 14.6486 5.21731 14.9655C5.21731 15.2825 4.95776 15.5394 4.63759 15.5394H4.25111C3.93094 15.5394 3.67139 15.2825 3.67139 14.9655Z" fill="#EB0203"></path>
                    <path fill-rule="evenodd" clip-rule="evenodd" d="M0 1.76033C0 0.914738 0.692131 0.229248 1.54592 0.229248H15.0727C15.9265 0.229248 16.6186 0.914738 16.6186 1.76033V11.2818C16.6186 11.5989 16.3591 11.8559 16.0389 11.8559C15.7187 11.8559 15.4592 11.5989 15.4592 11.2818V1.76033C15.4592 1.54893 15.2862 1.37756 15.0727 1.37756H1.54592C1.33247 1.37756 1.15944 1.54893 1.15944 1.76033V18.985C1.15944 19.1964 1.33247 19.3678 1.54592 19.3678H9.27551C9.59568 19.3678 9.85523 19.6249 9.85523 19.942C9.85523 20.2591 9.59568 20.5161 9.27551 20.5161H1.54592C0.692131 20.5161 0 19.8306 0 18.985V1.76033Z" fill="#EB0203"></path>
                    <path fill-rule="evenodd" clip-rule="evenodd" d="M14.6254 13.8718C13.4921 12.8567 11.7821 12.7615 10.6574 13.7147C9.12472 15.0124 9.34891 17.128 10.4413 18.2493L14.0161 21.9126C14.2199 22.1217 14.493 22.2386 14.7824 22.2386C15.0739 22.2386 15.3449 22.1238 15.5487 21.9147L19.1235 18.2514C20.2139 17.13 20.4422 15.0144 18.9075 13.7147C17.7827 12.7634 16.0726 12.8569 14.9392 13.872C14.8856 13.92 14.8333 13.9701 14.7824 14.0222C14.7314 13.97 14.6791 13.9199 14.6254 13.8718ZM18.1546 14.588C19.0972 15.3869 18.9961 16.7262 18.2891 17.4541C18.2888 17.4543 18.2886 17.4546 18.2884 17.4548L14.7834 21.0466L11.2757 17.452C11.2756 17.4519 11.2755 17.4517 11.2753 17.4516C10.5681 16.7252 10.4682 15.3856 11.4108 14.5876L11.4112 14.5872C12.0748 14.0248 13.202 14.0556 13.949 14.8205L14.7824 15.674L15.6158 14.8205C16.3618 14.0567 17.4896 14.0256 18.1545 14.5879" fill="#EB0203"></path>
                    </svg>
                    </button>
                    </div>
                    <div class="col-sm-10 col-12">
                    <div class="ct-tile-quantity d-none" data-pid="6184775">
                    <input type="hidden" class="add-to-cart-url" value="https://www.continente.pt/on/demandware.store/Sites-continente-Site/default/Cart-AddProduct">
                    <div class="d-none tile-delete-confirmation-btn" data-pid="6184775" data-delay-time="3000" data-in-cart-msg="no carrinho" data-one-product-added="Adicionado ao carrinho" data-remove-from-cart-msg="Removido do carrinho" data-stay-open="6000.0" data-confirmation-image="{&quot;url&quot;:&quot;https://www.continente.pt/dw/image/v2/BDVS_PRD/on/demandware.static/-/Sites-col-master-catalog/default/dwd98f04ee/images/col/618/6184775-frente.jpg?sw=87&amp;sh=80&quot;,&quot;fallbackimage&quot;:{&quot;url&quot;:&quot;https://www.continente.pt/dw/image/v2/BDVS_PRD/on/demandware.static/Sites-continente-Site/-/default/dw7c42b4da/images/noimagelarge_product.png?sw=87&amp;sh=80&quot;,&quot;title&quot;:&quot;Queijo Flamengo Fatiado&quot;,&quot;alt&quot;:&quot;Queijo Flamengo Fatiado&quot;},&quot;title&quot;:&quot;Queijo Flamengo Fatiado&quot;,&quot;alt&quot;:&quot;Queijo Flamengo Fatiado&quot;}"></div>
                    <div class="ct-tile-quantity-update quantity-update product-qty-vue" data-remove-action="https://www.continente.pt/on/demandware.store/Sites-continente-Site/default/Cart-RemoveProductLineItem" data-action="https://www.continente.pt/on/demandware.store/Sites-continente-Site/default/Cart-UpdateQuantity" data-dimension-update="https://www.continente.pt/on/demandware.store/Sites-continente-Site/default/Cart-DimensionUpdate" data-pid="6184775" data-uuid="e41e62c09e387bb56d5db14f2b" data-add-delay="500.0" data-measure-options="{&quot;hasConversionRate&quot;:false,&quot;hasAlternativeSaleUnit&quot;:false,&quot;unitConversionRate&quot;:0,&quot;minOrderQuantity&quot;:1,&quot;stepQuantity&quot;:1,&quot;primaryunit&quot;:&quot;un&quot;,&quot;secondaryunit&quot;:&quot;kg&quot;,&quot;selectedunit&quot;:&quot;primary&quot;,&quot;maxNumberOfUnitsPerSale&quot;:65}" data-price-available="null" :data-has-error="isMaxQtyReached || isMinQtyReached || qtySelectedMoreThanOne">
                    <template v-show="prodUnits">
                    <div class="quantity-input-wrapper has-units">
                    <label class="visually-hidden" :for="'quantity-' + pid + additionalTag">
                    Quantidade no carrinho
                    </label>
                    <input :ref="'quantityInput-' + pid + additionalTag" class="add-to-cart-quantity form-control ct-form-input text-center" inputmode="numeric" :class="{'is-invalid': isInvalid}" :data-pid="pid + additionalTag" :name="'quantity-' + pid + additionalTag" type="text" aria-label="Insira a quantidade" title="" v-model="displayValue" @change="updateQuantity" @focus="updateQtyFormat" @blur="restoreQtyFormat" :disabled="!isPriceAvailable">
                    <span class="quantity-icon quantity-icon--minus">
                    <button class="decrease-quantity-btn" @click="updateQuantity" :disabled="!isPriceAvailable" role="button" aria-label="Reduzir quantidade">
                    <i class="css-math-minus"></i>
                    </button>
                    </span>
                    <span class="quantity-icon quantity-icon--plus">
                    <button class="increase-quantity-btn" @click="updateQuantity" :disabled="isMaxQtyReached || !isPriceAvailable" role="button" aria-label="Aumentar quantidade">
                    <i class="css-math-plus"></i>
                    </button>
                    <span class="quantity-btn-disabled-placeholder"></span>
                    </span>
                    <template v-if="isPDP">
                    <span class="quantity-error ct-span-error text-sm-center product-max-allocation" v-if="isMaxQtyReached">
                    Quantidade máxima atingida
                    </span>
                    <span class="quantity-error ct-span-product text-sm-center product-allocation" v-if="!isMinQtyReached &amp;&amp; !isMaxQtyReached">
                    {{quantitySelected}} no carrinho
                    </span>
                    <span class="quantity-error ct-span-error text-sm-center product-min-allocation" :data-pid="pid" v-if="isMinQtyReached &amp;&amp; !isMaxQtyReached">
                    Quantidade mínima atingida
                    </span>
                    </template>
                    </div>
                    <template v-if="showNotes">
                    <div class="add-note-link-container ">
                    <div class="add-note">
                    <a href="/produto/queijo-flamengo-fatiado-continente-6184775.html?showNote=true" class="ct-add-note-redirect-pdp" aria-label="Adicionar comentário">
                    <span class="svg-wrapper svg-icon-notes" style="width:19px; height:20px">
                    <svg class="svg-inline icon-notes" viewBox="0 0 28 30" xmlns="http://www.w3.org/2000/svg" width="100%" height="100%"><path d="M21.738 0C22.985 0 24 1.04 24 2.319V12.47c0 .469-.37.848-.828.848-.457 0-.827-.38-.827-.848V2.32c0-.343-.273-.622-.607-.622H2.262c-.334 0-.607.279-.607.622V27.68c0 .343.273.622.607.622h7.81c.457 0 .827.38.827.849 0 .468-.37.848-.827.848h-7.81C1.015 30 0 28.96 0 27.681V2.32C0 1.04 1.015 0 2.262 0h19.476zm2.844 16.004l.227.007c.823.053 1.589.39 2.176.964.64.627.993 1.46.993 2.349 0 .888-.353 1.722-.993 2.348l-6.83 6.665c-.11.108-.247.186-.397.226l-5.032 1.363c-.078.021-.16.032-.241.032-.242 0-.478-.097-.647-.266-.23-.231-.314-.566-.218-.874l1.49-4.798c.044-.139.122-.266.227-.369l6.844-6.677c.64-.625 1.493-.97 2.401-.97zm-2.886 3.94l-4.922 4.802-.947 3.048 3.22-.872 4.897-4.78-2.248-2.197zm2.887-2.174c-.425 0-.824.162-1.124.455l-.484.472 2.248 2.197.484-.472c.62-.606.62-1.591 0-2.197l-.117-.104c-.283-.227-.636-.35-1.007-.35zm-10.839.022c.498 0 .904.396.904.883 0 .488-.406.884-.904.884H5.946c-.499 0-.904-.396-.904-.884 0-.487.405-.883.904-.883zm5.042-4.876c.498 0 .904.397.904.884s-.406.884-.904.884H5.946c-.499 0-.904-.397-.904-.884s.405-.884.904-.884zm0-4.875c.498 0 .904.396.904.884 0 .487-.406.883-.904.883H5.946c-.499 0-.904-.396-.904-.883 0-.488.405-.884.904-.884z" fill="#EB0203" fill-rule="evenodd"></path></svg>
                    </span>
                    <div class="available-note d-none"></div>
                    </a>
                    </div>
                    </div>
                    </template>
                    <div class="measurement-unit-section" v-if="isPriceAvailable &amp;&amp; prodUnits ? prodUnits.hasAlternativeUnit : false">
                    <div class="ct-form-radio" @click="setDimension">
                    <input type="radio" title="" class="ct-form-check-input product-measurement-unit" :data-type="prodUnits.selectedUnit == prodUnits.secondaryUnit ? 'primary' : ''" :id="prodUnits.secondaryUnit + '-' + pid + '-measurement-unit-ptile' + additionalTag" :name="'measurement-unit-' + pid + '-ptile' + additionalTag" :value="prodUnits.secondaryUnit" v-model="prodUnits.selectedUnit">
                    <label :class="prodUnits.secondaryUnit + '-label ct-form-check-label mb-0'" :for="prodUnits.secondaryUnit + '-' + pid + '-measurement-unit-ptile' + additionalTag">
                    {{prodUnits.secondaryUnit}}
                    </label>
                    <span class="checkmark"></span>
                    </div>
                    <div class="ct-form-radio" @click="setDimension">
                    <input type="radio" title="" class="ct-form-check-input product-measurement-unit" :data-type="prodUnits.selectedUnit == prodUnits.primaryUnit ? 'primary' : ''" :id="prodUnits.primaryUnit + '-' + pid + '-measurement-unit-ptile' + additionalTag" :name="'measurement-unit-' + pid + '-ptile' + additionalTag" :value="prodUnits.primaryUnit" v-model="prodUnits.selectedUnit">
                    <label :class="prodUnits.primaryUnit + '-label ct-form-check-label mb-0'" :for="prodUnits.primaryUnit + '-' + pid + '-measurement-unit-ptile' + additionalTag">
                    {{prodUnits.primaryUnit}}
                    </label>
                    <span class="checkmark"></span>
                    </div>
                    </div>
                    <template v-if="!isPDP &amp;&amp; isPriceAvailable">
                    <span class="quantity-error ct-span-error product-max-allocation" v-if="isMaxQtyReached">
                    Quantidade máxima atingida
                    </span>
                    <span class="quantity-error ct-span-product product-allocation" v-if="!isMinQtyReached &amp;&amp; !isMaxQtyReached">
                    {{quantitySelected}} no carrinho
                    </span>
                    <span class="quantity-error ct-span-error product-min-allocation" :data-pid="pid" v-if="isMinQtyReached &amp;&amp; !isMaxQtyReached">
                    Quantidade mínima atingida
                    </span>
                    </template>
                    </template>
                    </div>
                    <input class="quantity-value-mask d-none" name="quantity" type="number" min="0" value="">
                    </div>
                    <button type="button" class="add-to-cart button js-add-to-cart js-add-to-cart-tile 6184775 button--primary dynamic-layout-btn" data-toggle="modal" data-target="#chooseBonusProductModal" data-pid="6184775" data-quantity-value="null" aria-label="Carrinho">
                    <span class="d-block d-sm-none">
                    <span class="svg-wrapper svg-icon-cart" style="width:20px; height:20px">
                    <svg class="svg-inline icon-cart" xmlns="http://www.w3.org/2000/svg" viewBox="0 0 500 500" width="100%" height="100%"><path fill="#EB0203" fill-rule="evenodd" d="M 485.67317,94.386311 C 476.37798,83.847129 463.09468,78.03348 448.30404,78.03348 H 90.690813 L 87.079511,51.327997 C 83.185582,22.539551 62.962285,0 41.011841,0 H 14.727836 C 6.563151,0 0,6.5286975 0,14.580758 c 0,8.05206 6.5945535,14.580758 14.727836,14.580758 h 26.284005 c 4.710398,0 14.696435,9.855222 16.894619,26.021523 L 100.01739,368.0631 c 1.88416,13.77244 9.01256,26.70549 20.1605,36.37417 8.25889,7.15046 18.02511,11.9071 28.26237,13.89679 -4.17655,7.58572 -6.53175,16.25957 -6.53175,25.493 0,29.53459 24.27424,53.59751 54.13815,53.59751 29.8325,0 54.13814,-24.03184 54.13814,-53.59751 0,-8.79818 -2.19818,-17.09897 -5.9979,-24.43598 h 77.12488 c -3.79973,7.33701 -5.96652,15.6378 -5.96652,24.43598 0,29.53459 24.27424,53.59751 54.13817,53.59751 29.83249,0 54.13814,-24.03184 54.13814,-53.59751 0,-8.79818 -2.1982,-17.09897 -5.9979,-24.43598 h 38.56243 c 8.13328,0 14.72783,-6.5287 14.72783,-14.61183 0,-8.02098 -6.59455,-14.54967 -14.72783,-14.54967 H 159.24277 c -14.38241,0 -28.13677,-11.90711 -30.02092,-26.02153 l -3.07746,-22.88154 h 290.6314 c 14.03698,0 27.94834,-5.28513 39.06488,-14.95381 11.11652,-9.6376 18.27632,-22.57065 20.16048,-36.37417 l 21.10259,-156.78201 c 1.94694,-14.51858 -2.10398,-28.29103 -11.43057,-38.861299 z M 220.76053,443.82706 c 0,13.49265 -11.08513,24.46709 -24.68247,24.46709 -13.62874,0 -24.71387,-10.97444 -24.71387,-24.46709 0,-13.49262 11.08513,-24.43598 24.71387,-24.43598 13.59734,0 24.68247,10.94336 24.68247,24.43598 z m 173.43675,0 c 0,13.49265 -11.08512,24.46709 -24.68245,24.46709 -13.62876,0 -24.71388,-10.97444 -24.71388,-24.46709 0,-13.49262 11.08512,-24.43598 24.71388,-24.43598 13.59733,0 24.68245,10.94336 24.68245,24.43598 z m 73.7648,-314.46558 -21.13397,156.782 c -1.88416,14.11442 -15.63851,26.05261 -30.02091,26.05261 H 122.25046 L 94.616142,107.19499 H 448.33544 c 6.18632,0 11.61896,2.2695 15.23028,6.37326 3.64269,4.13484 5.21283,9.73086 4.39636,15.79323 z"></path></svg>
                    </span>
                    </span>
                    <span class="add-to-cart--text d-none d-sm-block">Carrinho</span>
                    </button>
                    </div>
                    </div>
                    </div>
                    </div>
                    
                    <div class="col-12 d-sm-none">
                    </div>
                    </div>
                    </div>
                    </div>
                    </div>
                    <div class="col-12 col-sm-3 col-lg-2 productTile" data-idx="20">
                    
                    <script type="text/javascript">//<!--
                    /* <![CDATA[ */
                    (function(){
                    try {
                        if(window.CQuotient) {
                        var cq_params = {};
                        
                        cq_params.cookieId = window.CQuotient.getCQCookieId();
                        cq_params.userId = window.CQuotient.getCQUserId();
                        cq_params.emailId = CQuotient.getCQHashedEmail();
                        cq_params.loginId = CQuotient.getCQHashedLogin();
                        cq_params.accumulate = true;
                        cq_params.products = [{
                            id: '5816598',
                            sku: ''
                        }];
                        cq_params.categoryId = 'laticinios';
                        cq_params.refinements = '[{\"name\":\"priceMin\",\"value\":\"0.01\"},{\"name\":\"priceMax\",\"value\":\"null\"},{\"name\":\"curr\",\"value\":\"EUR\"},{\"name\":\"Category\",\"value\":\"laticinios\"}]';
                        cq_params.personalized = 'false';
                        cq_params.sortingRule = 'FOOD-Laticinios';
                        cq_params.imageUUID = '__UNDEFINED__';
                        cq_params.realm = "BDVS";
                        cq_params.siteId = "continente";
                        cq_params.instanceType = "prd";
                        cq_params.queryLocale = "default";
                        cq_params.locale = window.CQuotient.locale;
                        
                        if(window.CQuotient.sendActivity)
                            window.CQuotient.sendActivity(CQuotient.clientId, 'viewCategory', cq_params);
                        else
                            window.CQuotient.activities.push({
                                activityType: 'viewCategory',
                                parameters: cq_params
                            });
                      }
                    } catch(err) {}
                    })();
                    /* ]]> */
                    // -->
                    </script>
                    <script type="text/javascript">//<!--
                    /* <![CDATA[ (viewCategoryProduct-active_data.js) */
                    (function(){
                    try {
                        if (dw.ac) {
                            var search_params = {};
                            search_params.persd = 'false';
                            search_params.refs = '[{\"name\":\"priceMin\",\"value\":\"0.01\"},{\"name\":\"priceMax\",\"value\":\"null\"},{\"name\":\"curr\",\"value\":\"EUR\"},{\"name\":\"Category\",\"value\":\"laticinios\"}]';
                            search_params.sort = 'FOOD-Laticinios';
                            search_params.imageUUID = '';
                            search_params.searchID = 'ff60679a-0a42-4d90-af85-afdcdfaee427';
                            search_params.locale = 'default';
                            search_params.queryLocale = 'default';
                            search_params.showProducts = 'true';
                            dw.ac.applyContext({category: "laticinios", searchData: search_params});
                            if (typeof dw.ac._scheduleDataSubmission === "function") {
                                dw.ac._scheduleDataSubmission();
                            }
                        }
                    } catch(err) {}
                    })();
                    /* ]]> */
                    // -->
                    </script>
                    <script type="text/javascript">//<!--
                    /* <![CDATA[ (viewProduct-active_data.js) */
                    dw.ac._capture({id: "5816598", type: "searchhit"});
                    /* ]]> */
                    // -->
                    </script>
                    <div class="product" data-pid="5816598">
                    <div class="product-tile pid-5816598 ct-product-tile data-layer-pushed" data-delay-time="3000" data-variants-mapping="[]" data-in-cart-msg="no carrinho" data-one-product-added="Adicionado ao carrinho" data-remove-from-cart-msg="Removido do carrinho" data-stay-open="6000.0" data-product-tile-impression="{&quot;name&quot;:&quot;5816598&quot;,&quot;id&quot;:&quot;5816598&quot;,&quot;price&quot;:1.04,&quot;brand&quot;:&quot;Terra Nostra&quot;,&quot;category&quot;:[{&quot;category_level_1&quot;:&quot;Laticínios e Ovos&quot;},{&quot;category_level_2&quot;:&quot;Leite&quot;},{&quot;category_level_3&quot;:&quot;Leite Magro&quot;}],&quot;variant&quot;:&quot;&quot;}">
                    <div class="ct-inner-tile-wrap row no-gutters justify-content-center align-content-start">
                    
                    <div class="ct-image-container col-4 col-sm" data-confirmation-image="{&quot;url&quot;:&quot;https://www.continente.pt/dw/image/v2/BDVS_PRD/on/demandware.static/-/Sites-col-master-catalog/default/dw93e779a6/images/col/581/5816598-frente.jpg?sw=87&amp;sh=80&quot;,&quot;fallbackimage&quot;:{&quot;url&quot;:&quot;https://www.continente.pt/dw/image/v2/BDVS_PRD/on/demandware.static/Sites-continente-Site/-/default/dw7c42b4da/images/noimagelarge_product.png?sw=87&amp;sh=80&quot;,&quot;title&quot;:&quot;Leite UHT Magro Pastagem&quot;,&quot;alt&quot;:&quot;Leite UHT Magro Pastagem&quot;},&quot;title&quot;:&quot;Leite UHT Magro Pastagem&quot;,&quot;alt&quot;:&quot;Leite UHT Magro Pastagem&quot;}">
                    <a href="https://www.continente.pt/produto/leite-uht-magro-pastagem-terra-nostra-5816598.html?cgid=laticinios">
                    <picture class="intrinsic intrinsic--square">
                    <img class="ct-tile-image lazyloaded" loading="lazy" onerror="this.onerror=null;this.src='/on/demandware.static/Sites-continente-Site/-/default/dw7c42b4da/images/noimagelarge_product.png';" data-src="https://www.continente.pt/dw/image/v2/BDVS_PRD/on/demandware.static/-/Sites-col-master-catalog/default/dw93e779a6/images/col/581/5816598-frente.jpg?sw=280&amp;sh=280" alt="Leite UHT Magro Pastagem" title="Leite UHT Magro Pastagem" src="https://www.continente.pt/dw/image/v2/BDVS_PRD/on/demandware.static/-/Sites-col-master-catalog/default/dw93e779a6/images/col/581/5816598-frente.jpg?sw=280&amp;sh=280">
                    </picture>
                    </a>
                    <div class=" ct-product-tile-badge ct-product-tile-badge--general">
                    <img class="img-fluid ct-tooltip-trigger lazyloaded" loading="lazy" data-src="https://www.continente.pt/dw/image/v2/BDVS_PRD/on/demandware.static/-/Sites-continente-Library/default/dw62d4c957/images/badges/general/col/madein.png?sw=25&amp;sh=25" alt="Crachá do produto" title="" data-toggle="tooltip" data-placement="right" data-original-title="Produzido em Portugal" src="https://www.continente.pt/dw/image/v2/BDVS_PRD/on/demandware.static/-/Sites-continente-Library/default/dw62d4c957/images/badges/general/col/madein.png?sw=25&amp;sh=25">
                    </div>
                    <div class="color-swatches d-flex" style="margin-left: 5px;">
                    <div class="swatches d-flex">
                    </div>
                    </div>
                    </div>
                    <div class="ct-tile-body col col-sm-auto ">
                    <div class="ct-pdp-details">
                    <div class="ct-pdp-link">
                    <a class="ct-tile--description" href="https://www.continente.pt/produto/leite-uht-magro-pastagem-terra-nostra-5816598.html?cgid=laticinios">Leite UHT Magro Pastagem</a>
                    <div class="ct-tile--favorite-top d-sm-none">
                    <button class="wishlist-toggler guest-mode inactive button button--tertiary" data-pid="5816598" data-add-url="https://www.continente.pt/on/demandware.store/Sites-continente-Site/default/Wishlist-AddProduct?pid=5816598" data-toggle="tooltip" aria-label="Adicionar aos favoritos " data-original-title="Adicionar aos favoritos" data-placement="top">
                    <svg class="active-content" width="100%" height="100%" viewBox="0 0 20 22" fill="none" xmlns="http://www.w3.org/2000/svg">
                    <path fill-rule="evenodd" clip-rule="evenodd" d="M0 1.53052C0 0.685236 0.692171 0 1.54601 0H15.0736C15.9274 0 16.6196 0.685235 16.6196 1.53052V13.4064L15.8127 13.922L14.2658 14.2658L12.7189 13.4064L10.6054 14.3818C10.4994 14.2451 10.3327 14.157 10.1452 14.157H6.76329C6.4431 14.157 6.18354 14.414 6.18354 14.731C6.18354 15.0479 6.4431 15.3049 6.76329 15.3049H10.1452C10.2478 15.3049 10.3441 15.2785 10.4277 15.2322L10.3126 16.8439L13.2345 20.2793H1.54601C0.69217 20.2793 0 19.5941 0 18.7488V1.53052ZM6.18354 5.5483C6.18354 5.23132 6.4431 4.97436 6.76329 4.97436H12.3676C12.6878 4.97436 12.9473 5.23132 12.9473 5.5483C12.9473 5.86528 12.6878 6.12224 12.3676 6.12224H6.76329C6.4431 6.12224 6.18354 5.86528 6.18354 5.5483ZM6.76329 11.0961C6.4431 11.0961 6.18354 11.3531 6.18354 11.6701C6.18354 11.987 6.4431 12.244 6.76329 12.244H12.3676C12.6878 12.244 12.9473 11.987 12.9473 11.6701C12.9473 11.3531 12.6878 11.0961 12.3676 11.0961H6.76329ZM6.18354 8.60985C6.18354 8.29287 6.4431 8.03591 6.76329 8.03591H12.3676C12.6878 8.03591 12.9473 8.29287 12.9473 8.60985C12.9473 8.92684 12.6878 9.1838 12.3676 9.1838H6.76329C6.4431 9.1838 6.18354 8.92684 6.18354 8.60985ZM3.67118 5.5483C3.67118 5.23132 3.93075 4.97436 4.25093 4.97436H4.63743C4.95762 4.97436 5.21719 5.23132 5.21719 5.5483C5.21719 5.86528 4.95762 6.12224 4.63743 6.12224H4.25093C3.93075 6.12224 3.67118 5.86528 3.67118 5.5483ZM4.25093 11.0961C3.93075 11.0961 3.67118 11.3531 3.67118 11.6701C3.67118 11.987 3.93075 12.244 4.25093 12.244H4.63743C4.95762 12.244 5.21719 11.987 5.21719 11.6701C5.21719 11.3531 4.95762 11.0961 4.63743 11.0961H4.25093ZM3.67118 8.60985C3.67118 8.29287 3.93075 8.03591 4.25093 8.03591H4.63743C4.95762 8.03591 5.21719 8.29287 5.21719 8.60985C5.21719 8.92684 4.95762 9.1838 4.63743 9.1838H4.25093C3.93075 9.1838 3.67118 8.92684 3.67118 8.60985ZM4.25093 14.157C3.93075 14.157 3.67118 14.414 3.67118 14.731C3.67118 15.0479 3.93075 15.3049 4.25093 15.3049H4.63743C4.95762 15.3049 5.21719 15.0479 5.21719 14.731C5.21719 14.414 4.95762 14.157 4.63743 14.157H4.25093Z" fill="#EB0203"></path>
                    <path fill-rule="evenodd" clip-rule="evenodd" d="M14.6252 13.6363C13.4918 12.6215 11.7817 12.5264 10.6569 13.4792C9.12421 14.7764 9.34841 16.8912 10.4409 18.0122L14.0159 21.6742C14.2197 21.8832 14.4928 22 14.7822 22C15.0737 22 15.3448 21.8852 15.5486 21.6762L19.1236 18.0142C20.214 16.8933 20.4423 14.7785 18.9075 13.4792C17.7827 12.5283 16.0724 12.6217 14.9391 13.6365C14.8855 13.6845 14.8331 13.7345 14.7822 13.7866C14.7313 13.7345 14.6789 13.6843 14.6252 13.6363ZM18.1546 14.3522C19.0973 15.1508 18.9962 16.4896 18.2891 17.2173C18.2888 17.2175 18.2886 17.2177 18.2884 17.218L14.7832 20.8084L11.2753 17.2151C11.2752 17.215 11.2751 17.2149 11.2749 17.2148C10.5677 16.4887 10.4678 15.1495 11.4104 14.3518L11.4108 14.3514C12.0745 13.7892 13.2018 13.82 13.9488 14.5846L14.7822 15.4378L15.6157 14.5846C16.3617 13.8211 17.4896 13.79 18.1545 14.3521" fill="#EB0203"></path>
                    </svg>
                    <svg class="inactive-content" width="100%" height="100%" viewBox="0 0 20 23" fill="none" xmlns="http://www.w3.org/2000/svg">
                    <path fill-rule="evenodd" clip-rule="evenodd" d="M6.18408 5.77914C6.18408 5.46223 6.44363 5.20532 6.7638 5.20532H12.3678C12.6879 5.20532 12.9475 5.46223 12.9475 5.77914C12.9475 6.09606 12.6879 6.35297 12.3678 6.35297H6.7638C6.44363 6.35297 6.18408 6.09606 6.18408 5.77914Z" fill="#EB0203"></path>
                    <path fill-rule="evenodd" clip-rule="evenodd" d="M6.18408 11.9034C6.18408 11.5865 6.44363 11.3296 6.7638 11.3296H12.3678C12.6879 11.3296 12.9475 11.5865 12.9475 11.9034C12.9475 12.2202 12.6879 12.4771 12.3678 12.4771H6.7638C6.44363 12.4771 6.18408 12.2202 6.18408 11.9034Z" fill="#EB0203"></path>
                    <path fill-rule="evenodd" clip-rule="evenodd" d="M6.18408 8.84116C6.18408 8.52424 6.44363 8.26733 6.7638 8.26733H12.3678C12.6879 8.26733 12.9475 8.52424 12.9475 8.84116C12.9475 9.15807 12.6879 9.41498 12.3678 9.41498H6.7638C6.44363 9.41498 6.18408 9.15807 6.18408 8.84116Z" fill="#EB0203"></path>
                    <path fill-rule="evenodd" clip-rule="evenodd" d="M6.18408 14.9655C6.18408 14.6486 6.44363 14.3917 6.7638 14.3917H10.1455C10.4657 14.3917 10.7252 14.6486 10.7252 14.9655C10.7252 15.2825 10.4657 15.5394 10.1455 15.5394H6.7638C6.44363 15.5394 6.18408 15.2825 6.18408 14.9655Z" fill="#EB0203"></path>
                    <path fill-rule="evenodd" clip-rule="evenodd" d="M3.67139 5.77914C3.67139 5.46223 3.93094 5.20532 4.25111 5.20532H4.63759C4.95776 5.20532 5.21731 5.46223 5.21731 5.77914C5.21731 6.09606 4.95776 6.35297 4.63759 6.35297H4.25111C3.93094 6.35297 3.67139 6.09606 3.67139 5.77914Z" fill="#EB0203"></path>
                    <path fill-rule="evenodd" clip-rule="evenodd" d="M3.67139 11.9034C3.67139 11.5865 3.93094 11.3296 4.25111 11.3296H4.63759C4.95776 11.3296 5.21731 11.5865 5.21731 11.9034C5.21731 12.2202 4.95776 12.4771 4.63759 12.4771H4.25111C3.93094 12.4771 3.67139 12.2202 3.67139 11.9034Z" fill="#EB0203"></path>
                    <path fill-rule="evenodd" clip-rule="evenodd" d="M3.67139 8.84116C3.67139 8.52424 3.93094 8.26733 4.25111 8.26733H4.63759C4.95776 8.26733 5.21731 8.52424 5.21731 8.84116C5.21731 9.15807 4.95776 9.41498 4.63759 9.41498H4.25111C3.93094 9.41498 3.67139 9.15807 3.67139 8.84116Z" fill="#EB0203"></path>
                    <path fill-rule="evenodd" clip-rule="evenodd" d="M3.67139 14.9655C3.67139 14.6486 3.93094 14.3917 4.25111 14.3917H4.63759C4.95776 14.3917 5.21731 14.6486 5.21731 14.9655C5.21731 15.2825 4.95776 15.5394 4.63759 15.5394H4.25111C3.93094 15.5394 3.67139 15.2825 3.67139 14.9655Z" fill="#EB0203"></path>
                    <path fill-rule="evenodd" clip-rule="evenodd" d="M0 1.76033C0 0.914738 0.692131 0.229248 1.54592 0.229248H15.0727C15.9265 0.229248 16.6186 0.914738 16.6186 1.76033V11.2818C16.6186 11.5989 16.3591 11.8559 16.0389 11.8559C15.7187 11.8559 15.4592 11.5989 15.4592 11.2818V1.76033C15.4592 1.54893 15.2862 1.37756 15.0727 1.37756H1.54592C1.33247 1.37756 1.15944 1.54893 1.15944 1.76033V18.985C1.15944 19.1964 1.33247 19.3678 1.54592 19.3678H9.27551C9.59568 19.3678 9.85523 19.6249 9.85523 19.942C9.85523 20.2591 9.59568 20.5161 9.27551 20.5161H1.54592C0.692131 20.5161 0 19.8306 0 18.985V1.76033Z" fill="#EB0203"></path>
                    <path fill-rule="evenodd" clip-rule="evenodd" d="M14.6254 13.8718C13.4921 12.8567 11.7821 12.7615 10.6574 13.7147C9.12472 15.0124 9.34891 17.128 10.4413 18.2493L14.0161 21.9126C14.2199 22.1217 14.493 22.2386 14.7824 22.2386C15.0739 22.2386 15.3449 22.1238 15.5487 21.9147L19.1235 18.2514C20.2139 17.13 20.4422 15.0144 18.9075 13.7147C17.7827 12.7634 16.0726 12.8569 14.9392 13.872C14.8856 13.92 14.8333 13.9701 14.7824 14.0222C14.7314 13.97 14.6791 13.9199 14.6254 13.8718ZM18.1546 14.588C19.0972 15.3869 18.9961 16.7262 18.2891 17.4541C18.2888 17.4543 18.2886 17.4546 18.2884 17.4548L14.7834 21.0466L11.2757 17.452C11.2756 17.4519 11.2755 17.4517 11.2753 17.4516C10.5681 16.7252 10.4682 15.3856 11.4108 14.5876L11.4112 14.5872C12.0748 14.0248 13.202 14.0556 13.949 14.8205L14.7824 15.674L15.6158 14.8205C16.3618 14.0567 17.4896 14.0256 18.1545 14.5879" fill="#EB0203"></path>
                    </svg>
                    </button>
                    </div>
                    </div>
                    <p class="ct-tile--brand">Terra Nostra</p>
                    <p class="ct-tile--quantity">emb. 1 lt</p>
                    </div>
                    <div class="ct-tile-bottom row no-gutters justify-content-between">
                    <div class="ct-price-wrap col-8 col-sm-12">
                    <div class="price js-product-price">
                    <div class="prices-wrapper">
                    <span class="sales ct-tile--price-primary ">
                    <span class="value" content="1.04">
                    <span class="ct-price-formatted">
                    €1,04
                    </span>
                    <span class="ct-m-unit">
                    /un
                    </span>
                    </span>
                    </span>
                    </div>
                    <div class="ct-tile--price-secondary">
                    <span class="ct-price-value">
                    €1,04
                    </span>
                    <span class="ct-m-unit">
                    /lt
                    </span>
                    </div>
                    </div>
                    </div>
                    <div class="ct-tile-buy-section d-flex justify-content-center no-gutters col-auto col-sm-12">
                    <div class="col-2 d-sm-flex d-none">
                    <button class="wishlist-toggler guest-mode inactive button button--tertiary" data-pid="5816598" data-add-url="https://www.continente.pt/on/demandware.store/Sites-continente-Site/default/Wishlist-AddProduct?pid=5816598" data-toggle="tooltip" aria-label="Adicionar aos favoritos " data-original-title="Adicionar aos favoritos" data-placement="top">
                    <svg class="active-content" width="100%" height="100%" viewBox="0 0 20 22" fill="none" xmlns="http://www.w3.org/2000/svg">
                    <path fill-rule="evenodd" clip-rule="evenodd" d="M0 1.53052C0 0.685236 0.692171 0 1.54601 0H15.0736C15.9274 0 16.6196 0.685235 16.6196 1.53052V13.4064L15.8127 13.922L14.2658 14.2658L12.7189 13.4064L10.6054 14.3818C10.4994 14.2451 10.3327 14.157 10.1452 14.157H6.76329C6.4431 14.157 6.18354 14.414 6.18354 14.731C6.18354 15.0479 6.4431 15.3049 6.76329 15.3049H10.1452C10.2478 15.3049 10.3441 15.2785 10.4277 15.2322L10.3126 16.8439L13.2345 20.2793H1.54601C0.69217 20.2793 0 19.5941 0 18.7488V1.53052ZM6.18354 5.5483C6.18354 5.23132 6.4431 4.97436 6.76329 4.97436H12.3676C12.6878 4.97436 12.9473 5.23132 12.9473 5.5483C12.9473 5.86528 12.6878 6.12224 12.3676 6.12224H6.76329C6.4431 6.12224 6.18354 5.86528 6.18354 5.5483ZM6.76329 11.0961C6.4431 11.0961 6.18354 11.3531 6.18354 11.6701C6.18354 11.987 6.4431 12.244 6.76329 12.244H12.3676C12.6878 12.244 12.9473 11.987 12.9473 11.6701C12.9473 11.3531 12.6878 11.0961 12.3676 11.0961H6.76329ZM6.18354 8.60985C6.18354 8.29287 6.4431 8.03591 6.76329 8.03591H12.3676C12.6878 8.03591 12.9473 8.29287 12.9473 8.60985C12.9473 8.92684 12.6878 9.1838 12.3676 9.1838H6.76329C6.4431 9.1838 6.18354 8.92684 6.18354 8.60985ZM3.67118 5.5483C3.67118 5.23132 3.93075 4.97436 4.25093 4.97436H4.63743C4.95762 4.97436 5.21719 5.23132 5.21719 5.5483C5.21719 5.86528 4.95762 6.12224 4.63743 6.12224H4.25093C3.93075 6.12224 3.67118 5.86528 3.67118 5.5483ZM4.25093 11.0961C3.93075 11.0961 3.67118 11.3531 3.67118 11.6701C3.67118 11.987 3.93075 12.244 4.25093 12.244H4.63743C4.95762 12.244 5.21719 11.987 5.21719 11.6701C5.21719 11.3531 4.95762 11.0961 4.63743 11.0961H4.25093ZM3.67118 8.60985C3.67118 8.29287 3.93075 8.03591 4.25093 8.03591H4.63743C4.95762 8.03591 5.21719 8.29287 5.21719 8.60985C5.21719 8.92684 4.95762 9.1838 4.63743 9.1838H4.25093C3.93075 9.1838 3.67118 8.92684 3.67118 8.60985ZM4.25093 14.157C3.93075 14.157 3.67118 14.414 3.67118 14.731C3.67118 15.0479 3.93075 15.3049 4.25093 15.3049H4.63743C4.95762 15.3049 5.21719 15.0479 5.21719 14.731C5.21719 14.414 4.95762 14.157 4.63743 14.157H4.25093Z" fill="#EB0203"></path>
                    <path fill-rule="evenodd" clip-rule="evenodd" d="M14.6252 13.6363C13.4918 12.6215 11.7817 12.5264 10.6569 13.4792C9.12421 14.7764 9.34841 16.8912 10.4409 18.0122L14.0159 21.6742C14.2197 21.8832 14.4928 22 14.7822 22C15.0737 22 15.3448 21.8852 15.5486 21.6762L19.1236 18.0142C20.214 16.8933 20.4423 14.7785 18.9075 13.4792C17.7827 12.5283 16.0724 12.6217 14.9391 13.6365C14.8855 13.6845 14.8331 13.7345 14.7822 13.7866C14.7313 13.7345 14.6789 13.6843 14.6252 13.6363ZM18.1546 14.3522C19.0973 15.1508 18.9962 16.4896 18.2891 17.2173C18.2888 17.2175 18.2886 17.2177 18.2884 17.218L14.7832 20.8084L11.2753 17.2151C11.2752 17.215 11.2751 17.2149 11.2749 17.2148C10.5677 16.4887 10.4678 15.1495 11.4104 14.3518L11.4108 14.3514C12.0745 13.7892 13.2018 13.82 13.9488 14.5846L14.7822 15.4378L15.6157 14.5846C16.3617 13.8211 17.4896 13.79 18.1545 14.3521" fill="#EB0203"></path>
                    </svg>
                    <svg class="inactive-content" width="100%" height="100%" viewBox="0 0 20 23" fill="none" xmlns="http://www.w3.org/2000/svg">
                    <path fill-rule="evenodd" clip-rule="evenodd" d="M6.18408 5.77914C6.18408 5.46223 6.44363 5.20532 6.7638 5.20532H12.3678C12.6879 5.20532 12.9475 5.46223 12.9475 5.77914C12.9475 6.09606 12.6879 6.35297 12.3678 6.35297H6.7638C6.44363 6.35297 6.18408 6.09606 6.18408 5.77914Z" fill="#EB0203"></path>
                    <path fill-rule="evenodd" clip-rule="evenodd" d="M6.18408 11.9034C6.18408 11.5865 6.44363 11.3296 6.7638 11.3296H12.3678C12.6879 11.3296 12.9475 11.5865 12.9475 11.9034C12.9475 12.2202 12.6879 12.4771 12.3678 12.4771H6.7638C6.44363 12.4771 6.18408 12.2202 6.18408 11.9034Z" fill="#EB0203"></path>
                    <path fill-rule="evenodd" clip-rule="evenodd" d="M6.18408 8.84116C6.18408 8.52424 6.44363 8.26733 6.7638 8.26733H12.3678C12.6879 8.26733 12.9475 8.52424 12.9475 8.84116C12.9475 9.15807 12.6879 9.41498 12.3678 9.41498H6.7638C6.44363 9.41498 6.18408 9.15807 6.18408 8.84116Z" fill="#EB0203"></path>
                    <path fill-rule="evenodd" clip-rule="evenodd" d="M6.18408 14.9655C6.18408 14.6486 6.44363 14.3917 6.7638 14.3917H10.1455C10.4657 14.3917 10.7252 14.6486 10.7252 14.9655C10.7252 15.2825 10.4657 15.5394 10.1455 15.5394H6.7638C6.44363 15.5394 6.18408 15.2825 6.18408 14.9655Z" fill="#EB0203"></path>
                    <path fill-rule="evenodd" clip-rule="evenodd" d="M3.67139 5.77914C3.67139 5.46223 3.93094 5.20532 4.25111 5.20532H4.63759C4.95776 5.20532 5.21731 5.46223 5.21731 5.77914C5.21731 6.09606 4.95776 6.35297 4.63759 6.35297H4.25111C3.93094 6.35297 3.67139 6.09606 3.67139 5.77914Z" fill="#EB0203"></path>
                    <path fill-rule="evenodd" clip-rule="evenodd" d="M3.67139 11.9034C3.67139 11.5865 3.93094 11.3296 4.25111 11.3296H4.63759C4.95776 11.3296 5.21731 11.5865 5.21731 11.9034C5.21731 12.2202 4.95776 12.4771 4.63759 12.4771H4.25111C3.93094 12.4771 3.67139 12.2202 3.67139 11.9034Z" fill="#EB0203"></path>
                    <path fill-rule="evenodd" clip-rule="evenodd" d="M3.67139 8.84116C3.67139 8.52424 3.93094 8.26733 4.25111 8.26733H4.63759C4.95776 8.26733 5.21731 8.52424 5.21731 8.84116C5.21731 9.15807 4.95776 9.41498 4.63759 9.41498H4.25111C3.93094 9.41498 3.67139 9.15807 3.67139 8.84116Z" fill="#EB0203"></path>
                    <path fill-rule="evenodd" clip-rule="evenodd" d="M3.67139 14.9655C3.67139 14.6486 3.93094 14.3917 4.25111 14.3917H4.63759C4.95776 14.3917 5.21731 14.6486 5.21731 14.9655C5.21731 15.2825 4.95776 15.5394 4.63759 15.5394H4.25111C3.93094 15.5394 3.67139 15.2825 3.67139 14.9655Z" fill="#EB0203"></path>
                    <path fill-rule="evenodd" clip-rule="evenodd" d="M0 1.76033C0 0.914738 0.692131 0.229248 1.54592 0.229248H15.0727C15.9265 0.229248 16.6186 0.914738 16.6186 1.76033V11.2818C16.6186 11.5989 16.3591 11.8559 16.0389 11.8559C15.7187 11.8559 15.4592 11.5989 15.4592 11.2818V1.76033C15.4592 1.54893 15.2862 1.37756 15.0727 1.37756H1.54592C1.33247 1.37756 1.15944 1.54893 1.15944 1.76033V18.985C1.15944 19.1964 1.33247 19.3678 1.54592 19.3678H9.27551C9.59568 19.3678 9.85523 19.6249 9.85523 19.942C9.85523 20.2591 9.59568 20.5161 9.27551 20.5161H1.54592C0.692131 20.5161 0 19.8306 0 18.985V1.76033Z" fill="#EB0203"></path>
                    <path fill-rule="evenodd" clip-rule="evenodd" d="M14.6254 13.8718C13.4921 12.8567 11.7821 12.7615 10.6574 13.7147C9.12472 15.0124 9.34891 17.128 10.4413 18.2493L14.0161 21.9126C14.2199 22.1217 14.493 22.2386 14.7824 22.2386C15.0739 22.2386 15.3449 22.1238 15.5487 21.9147L19.1235 18.2514C20.2139 17.13 20.4422 15.0144 18.9075 13.7147C17.7827 12.7634 16.0726 12.8569 14.9392 13.872C14.8856 13.92 14.8333 13.9701 14.7824 14.0222C14.7314 13.97 14.6791 13.9199 14.6254 13.8718ZM18.1546 14.588C19.0972 15.3869 18.9961 16.7262 18.2891 17.4541C18.2888 17.4543 18.2886 17.4546 18.2884 17.4548L14.7834 21.0466L11.2757 17.452C11.2756 17.4519 11.2755 17.4517 11.2753 17.4516C10.5681 16.7252 10.4682 15.3856 11.4108 14.5876L11.4112 14.5872C12.0748 14.0248 13.202 14.0556 13.949 14.8205L14.7824 15.674L15.6158 14.8205C16.3618 14.0567 17.4896 14.0256 18.1545 14.5879" fill="#EB0203"></path>
                    </svg>
                    </button>
                    </div>
                    <div class="col-sm-10 col-12">
                    <div class="ct-tile-quantity d-none" data-pid="5816598">
                    <input type="hidden" class="add-to-cart-url" value="https://www.continente.pt/on/demandware.store/Sites-continente-Site/default/Cart-AddProduct">
                    <div class="d-none tile-delete-confirmation-btn" data-pid="5816598" data-delay-time="3000" data-in-cart-msg="no carrinho" data-one-product-added="Adicionado ao carrinho" data-remove-from-cart-msg="Removido do carrinho" data-stay-open="6000.0" data-confirmation-image="{&quot;url&quot;:&quot;https://www.continente.pt/dw/image/v2/BDVS_PRD/on/demandware.static/-/Sites-col-master-catalog/default/dw93e779a6/images/col/581/5816598-frente.jpg?sw=87&amp;sh=80&quot;,&quot;fallbackimage&quot;:{&quot;url&quot;:&quot;https://www.continente.pt/dw/image/v2/BDVS_PRD/on/demandware.static/Sites-continente-Site/-/default/dw7c42b4da/images/noimagelarge_product.png?sw=87&amp;sh=80&quot;,&quot;title&quot;:&quot;Leite UHT Magro Pastagem&quot;,&quot;alt&quot;:&quot;Leite UHT Magro Pastagem&quot;},&quot;title&quot;:&quot;Leite UHT Magro Pastagem&quot;,&quot;alt&quot;:&quot;Leite UHT Magro Pastagem&quot;}"></div>
                    <div class="ct-tile-quantity-update quantity-update product-qty-vue" data-remove-action="https://www.continente.pt/on/demandware.store/Sites-continente-Site/default/Cart-RemoveProductLineItem" data-action="https://www.continente.pt/on/demandware.store/Sites-continente-Site/default/Cart-UpdateQuantity" data-dimension-update="https://www.continente.pt/on/demandware.store/Sites-continente-Site/default/Cart-DimensionUpdate" data-pid="5816598" data-uuid="8d8af8989f37ffa8003fd9b57e" data-add-delay="500.0" data-measure-options="{&quot;hasConversionRate&quot;:false,&quot;hasAlternativeSaleUnit&quot;:false,&quot;unitConversionRate&quot;:0,&quot;minOrderQuantity&quot;:6,&quot;stepQuantity&quot;:6,&quot;primaryunit&quot;:&quot;un&quot;,&quot;secondaryunit&quot;:&quot;lt&quot;,&quot;selectedunit&quot;:&quot;primary&quot;,&quot;maxNumberOfUnitsPerSale&quot;:54}" data-price-available="null" :data-has-error="isMaxQtyReached || isMinQtyReached || qtySelectedMoreThanOne">
                    <template v-show="prodUnits">
                    <div class="quantity-input-wrapper has-units">
                    <label class="visually-hidden" :for="'quantity-' + pid + additionalTag">
                    Quantidade no carrinho
                    </label>
                    <input :ref="'quantityInput-' + pid + additionalTag" class="add-to-cart-quantity form-control ct-form-input text-center" inputmode="numeric" :class="{'is-invalid': isInvalid}" :data-pid="pid + additionalTag" :name="'quantity-' + pid + additionalTag" type="text" aria-label="Insira a quantidade" title="" v-model="displayValue" @change="updateQuantity" @focus="updateQtyFormat" @blur="restoreQtyFormat" :disabled="!isPriceAvailable">
                    <span class="quantity-icon quantity-icon--minus">
                    <button class="decrease-quantity-btn" @click="updateQuantity" :disabled="!isPriceAvailable" role="button" aria-label="Reduzir quantidade">
                    <i class="css-math-minus"></i>
                    </button>
                    </span>
                    <span class="quantity-icon quantity-icon--plus">
                    <button class="increase-quantity-btn" @click="updateQuantity" :disabled="isMaxQtyReached || !isPriceAvailable" role="button" aria-label="Aumentar quantidade">
                    <i class="css-math-plus"></i>
                    </button>
                    <span class="quantity-btn-disabled-placeholder"></span>
                    </span>
                    <template v-if="isPDP">
                    <span class="quantity-error ct-span-error text-sm-center product-max-allocation" v-if="isMaxQtyReached">
                    Quantidade máxima atingida
                    </span>
                    <span class="quantity-error ct-span-product text-sm-center product-allocation" v-if="!isMinQtyReached &amp;&amp; !isMaxQtyReached">
                    {{quantitySelected}} no carrinho
                    </span>
                    <span class="quantity-error ct-span-error text-sm-center product-min-allocation" :data-pid="pid" v-if="isMinQtyReached &amp;&amp; !isMaxQtyReached">
                    Quantidade mínima atingida
                    </span>
                    </template>
                    </div>
                    <template v-if="showNotes">
                    <div class="add-note-link-container ">
                    <div class="add-note">
                    <a href="/produto/leite-uht-magro-pastagem-terra-nostra-5816598.html?showNote=true" class="ct-add-note-redirect-pdp" aria-label="Adicionar comentário">
                    <span class="svg-wrapper svg-icon-notes" style="width:19px; height:20px">
                    <svg class="svg-inline icon-notes" viewBox="0 0 28 30" xmlns="http://www.w3.org/2000/svg" width="100%" height="100%"><path d="M21.738 0C22.985 0 24 1.04 24 2.319V12.47c0 .469-.37.848-.828.848-.457 0-.827-.38-.827-.848V2.32c0-.343-.273-.622-.607-.622H2.262c-.334 0-.607.279-.607.622V27.68c0 .343.273.622.607.622h7.81c.457 0 .827.38.827.849 0 .468-.37.848-.827.848h-7.81C1.015 30 0 28.96 0 27.681V2.32C0 1.04 1.015 0 2.262 0h19.476zm2.844 16.004l.227.007c.823.053 1.589.39 2.176.964.64.627.993 1.46.993 2.349 0 .888-.353 1.722-.993 2.348l-6.83 6.665c-.11.108-.247.186-.397.226l-5.032 1.363c-.078.021-.16.032-.241.032-.242 0-.478-.097-.647-.266-.23-.231-.314-.566-.218-.874l1.49-4.798c.044-.139.122-.266.227-.369l6.844-6.677c.64-.625 1.493-.97 2.401-.97zm-2.886 3.94l-4.922 4.802-.947 3.048 3.22-.872 4.897-4.78-2.248-2.197zm2.887-2.174c-.425 0-.824.162-1.124.455l-.484.472 2.248 2.197.484-.472c.62-.606.62-1.591 0-2.197l-.117-.104c-.283-.227-.636-.35-1.007-.35zm-10.839.022c.498 0 .904.396.904.883 0 .488-.406.884-.904.884H5.946c-.499 0-.904-.396-.904-.884 0-.487.405-.883.904-.883zm5.042-4.876c.498 0 .904.397.904.884s-.406.884-.904.884H5.946c-.499 0-.904-.397-.904-.884s.405-.884.904-.884zm0-4.875c.498 0 .904.396.904.884 0 .487-.406.883-.904.883H5.946c-.499 0-.904-.396-.904-.883 0-.488.405-.884.904-.884z" fill="#EB0203" fill-rule="evenodd"></path></svg>
                    </span>
                    <div class="available-note d-none"></div>
                    </a>
                    </div>
                    </div>
                    </template>
                    <div class="measurement-unit-section" v-if="isPriceAvailable &amp;&amp; prodUnits ? prodUnits.hasAlternativeUnit : false">
                    <div class="ct-form-radio" @click="setDimension">
                    <input type="radio" title="" class="ct-form-check-input product-measurement-unit" :data-type="prodUnits.selectedUnit == prodUnits.secondaryUnit ? 'primary' : ''" :id="prodUnits.secondaryUnit + '-' + pid + '-measurement-unit-ptile' + additionalTag" :name="'measurement-unit-' + pid + '-ptile' + additionalTag" :value="prodUnits.secondaryUnit" v-model="prodUnits.selectedUnit">
                    <label :class="prodUnits.secondaryUnit + '-label ct-form-check-label mb-0'" :for="prodUnits.secondaryUnit + '-' + pid + '-measurement-unit-ptile' + additionalTag">
                    {{prodUnits.secondaryUnit}}
                    </label>
                    <span class="checkmark"></span>
                    </div>
                    <div class="ct-form-radio" @click="setDimension">
                    <input type="radio" title="" class="ct-form-check-input product-measurement-unit" :data-type="prodUnits.selectedUnit == prodUnits.primaryUnit ? 'primary' : ''" :id="prodUnits.primaryUnit + '-' + pid + '-measurement-unit-ptile' + additionalTag" :name="'measurement-unit-' + pid + '-ptile' + additionalTag" :value="prodUnits.primaryUnit" v-model="prodUnits.selectedUnit">
                    <label :class="prodUnits.primaryUnit + '-label ct-form-check-label mb-0'" :for="prodUnits.primaryUnit + '-' + pid + '-measurement-unit-ptile' + additionalTag">
                    {{prodUnits.primaryUnit}}
                    </label>
                    <span class="checkmark"></span>
                    </div>
                    </div>
                    <template v-if="!isPDP &amp;&amp; isPriceAvailable">
                    <span class="quantity-error ct-span-error product-max-allocation" v-if="isMaxQtyReached">
                    Quantidade máxima atingida
                    </span>
                    <span class="quantity-error ct-span-product product-allocation" v-if="!isMinQtyReached &amp;&amp; !isMaxQtyReached">
                    {{quantitySelected}} no carrinho
                    </span>
                    <span class="quantity-error ct-span-error product-min-allocation" :data-pid="pid" v-if="isMinQtyReached &amp;&amp; !isMaxQtyReached">
                    Quantidade mínima atingida
                    </span>
                    </template>
                    </template>
                    </div>
                    <input class="quantity-value-mask d-none" name="quantity" type="number" min="0" value="">
                    </div>
                    <button type="button" class="add-to-cart button js-add-to-cart js-add-to-cart-tile 5816598 button--primary dynamic-layout-btn" data-toggle="modal" data-target="#chooseBonusProductModal" data-pid="5816598" data-quantity-value="null" aria-label="Carrinho">
                    <span class="d-block d-sm-none">
                    <span class="svg-wrapper svg-icon-cart" style="width:20px; height:20px">
                    <svg class="svg-inline icon-cart" xmlns="http://www.w3.org/2000/svg" viewBox="0 0 500 500" width="100%" height="100%"><path fill="#EB0203" fill-rule="evenodd" d="M 485.67317,94.386311 C 476.37798,83.847129 463.09468,78.03348 448.30404,78.03348 H 90.690813 L 87.079511,51.327997 C 83.185582,22.539551 62.962285,0 41.011841,0 H 14.727836 C 6.563151,0 0,6.5286975 0,14.580758 c 0,8.05206 6.5945535,14.580758 14.727836,14.580758 h 26.284005 c 4.710398,0 14.696435,9.855222 16.894619,26.021523 L 100.01739,368.0631 c 1.88416,13.77244 9.01256,26.70549 20.1605,36.37417 8.25889,7.15046 18.02511,11.9071 28.26237,13.89679 -4.17655,7.58572 -6.53175,16.25957 -6.53175,25.493 0,29.53459 24.27424,53.59751 54.13815,53.59751 29.8325,0 54.13814,-24.03184 54.13814,-53.59751 0,-8.79818 -2.19818,-17.09897 -5.9979,-24.43598 h 77.12488 c -3.79973,7.33701 -5.96652,15.6378 -5.96652,24.43598 0,29.53459 24.27424,53.59751 54.13817,53.59751 29.83249,0 54.13814,-24.03184 54.13814,-53.59751 0,-8.79818 -2.1982,-17.09897 -5.9979,-24.43598 h 38.56243 c 8.13328,0 14.72783,-6.5287 14.72783,-14.61183 0,-8.02098 -6.59455,-14.54967 -14.72783,-14.54967 H 159.24277 c -14.38241,0 -28.13677,-11.90711 -30.02092,-26.02153 l -3.07746,-22.88154 h 290.6314 c 14.03698,0 27.94834,-5.28513 39.06488,-14.95381 11.11652,-9.6376 18.27632,-22.57065 20.16048,-36.37417 l 21.10259,-156.78201 c 1.94694,-14.51858 -2.10398,-28.29103 -11.43057,-38.861299 z M 220.76053,443.82706 c 0,13.49265 -11.08513,24.46709 -24.68247,24.46709 -13.62874,0 -24.71387,-10.97444 -24.71387,-24.46709 0,-13.49262 11.08513,-24.43598 24.71387,-24.43598 13.59734,0 24.68247,10.94336 24.68247,24.43598 z m 173.43675,0 c 0,13.49265 -11.08512,24.46709 -24.68245,24.46709 -13.62876,0 -24.71388,-10.97444 -24.71388,-24.46709 0,-13.49262 11.08512,-24.43598 24.71388,-24.43598 13.59733,0 24.68245,10.94336 24.68245,24.43598 z m 73.7648,-314.46558 -21.13397,156.782 c -1.88416,14.11442 -15.63851,26.05261 -30.02091,26.05261 H 122.25046 L 94.616142,107.19499 H 448.33544 c 6.18632,0 11.61896,2.2695 15.23028,6.37326 3.64269,4.13484 5.21283,9.73086 4.39636,15.79323 z"></path></svg>
                    </span>
                    </span>
                    <span class="add-to-cart--text d-none d-sm-block">Carrinho</span>
                    </button>
                    </div>
                    </div>
                    </div>
                    </div>
                    
                    <div class="col-12 d-sm-none">
                    </div>
                    </div>
                    </div>
                    </div>
                    </div>
                    <div class="col-12 col-sm-3 col-lg-2 productTile" data-idx="21">
                    
                    <script type="text/javascript">//<!--
                    /* <![CDATA[ */
                    (function(){
                    try {
                        if(window.CQuotient) {
                        var cq_params = {};
                        
                        cq_params.cookieId = window.CQuotient.getCQCookieId();
                        cq_params.userId = window.CQuotient.getCQUserId();
                        cq_params.emailId = CQuotient.getCQHashedEmail();
                        cq_params.loginId = CQuotient.getCQHashedLogin();
                        cq_params.accumulate = true;
                        cq_params.products = [{
                            id: '2705884',
                            sku: ''
                        }];
                        cq_params.categoryId = 'laticinios';
                        cq_params.refinements = '[{\"name\":\"priceMin\",\"value\":\"0.01\"},{\"name\":\"priceMax\",\"value\":\"null\"},{\"name\":\"curr\",\"value\":\"EUR\"},{\"name\":\"Category\",\"value\":\"laticinios\"}]';
                        cq_params.personalized = 'false';
                        cq_params.sortingRule = 'FOOD-Laticinios';
                        cq_params.imageUUID = '__UNDEFINED__';
                        cq_params.realm = "BDVS";
                        cq_params.siteId = "continente";
                        cq_params.instanceType = "prd";
                        cq_params.queryLocale = "default";
                        cq_params.locale = window.CQuotient.locale;
                        
                        if(window.CQuotient.sendActivity)
                            window.CQuotient.sendActivity(CQuotient.clientId, 'viewCategory', cq_params);
                        else
                            window.CQuotient.activities.push({
                                activityType: 'viewCategory',
                                parameters: cq_params
                            });
                      }
                    } catch(err) {}
                    })();
                    /* ]]> */
                    // -->
                    </script>
                    <script type="text/javascript">//<!--
                    /* <![CDATA[ (viewCategoryProduct-active_data.js) */
                    (function(){
                    try {
                        if (dw.ac) {
                            var search_params = {};
                            search_params.persd = 'false';
                            search_params.refs = '[{\"name\":\"priceMin\",\"value\":\"0.01\"},{\"name\":\"priceMax\",\"value\":\"null\"},{\"name\":\"curr\",\"value\":\"EUR\"},{\"name\":\"Category\",\"value\":\"laticinios\"}]';
                            search_params.sort = 'FOOD-Laticinios';
                            search_params.imageUUID = '';
                            search_params.searchID = 'ff60679a-0a42-4d90-af85-afdcdfaee427';
                            search_params.locale = 'default';
                            search_params.queryLocale = 'default';
                            search_params.showProducts = 'true';
                            dw.ac.applyContext({category: "laticinios", searchData: search_params});
                            if (typeof dw.ac._scheduleDataSubmission === "function") {
                                dw.ac._scheduleDataSubmission();
                            }
                        }
                    } catch(err) {}
                    })();
                    /* ]]> */
                    // -->
                    </script>
                    <script type="text/javascript">//<!--
                    /* <![CDATA[ (viewProduct-active_data.js) */
                    dw.ac._capture({id: "2705884", type: "searchhit"});
                    /* ]]> */
                    // -->
                    </script>
                    <div class="product" data-pid="2705884">
                    <div class="product-tile pid-2705884 ct-product-tile data-layer-pushed" data-delay-time="3000" data-variants-mapping="[]" data-in-cart-msg="no carrinho" data-one-product-added="Adicionado ao carrinho" data-remove-from-cart-msg="Removido do carrinho" data-stay-open="6000.0" data-product-tile-impression="{&quot;name&quot;:&quot;2705884&quot;,&quot;id&quot;:&quot;2705884&quot;,&quot;price&quot;:1.89,&quot;brand&quot;:&quot;Continente&quot;,&quot;category&quot;:[{&quot;category_level_1&quot;:&quot;Laticínios e Ovos&quot;},{&quot;category_level_2&quot;:&quot;Manteigas e Cremes para Barrar&quot;},{&quot;category_level_3&quot;:&quot;Manteigas&quot;}],&quot;variant&quot;:&quot;&quot;}">
                    <div class="ct-inner-tile-wrap row no-gutters justify-content-center align-content-start">
                    
                    <div class="ct-image-container col-4 col-sm" data-confirmation-image="{&quot;url&quot;:&quot;https://www.continente.pt/dw/image/v2/BDVS_PRD/on/demandware.static/-/Sites-col-master-catalog/default/dw62385db2/images/col/270/2705884-hero.jpg?sw=87&amp;sh=80&quot;,&quot;fallbackimage&quot;:{&quot;url&quot;:&quot;https://www.continente.pt/dw/image/v2/BDVS_PRD/on/demandware.static/Sites-continente-Site/-/default/dw7c42b4da/images/noimagelarge_product.png?sw=87&amp;sh=80&quot;,&quot;title&quot;:&quot;Manteiga com Sal Açores&quot;,&quot;alt&quot;:&quot;Manteiga com Sal Açores&quot;},&quot;title&quot;:&quot;Manteiga com Sal Açores&quot;,&quot;alt&quot;:&quot;Manteiga com Sal Açores&quot;}">
                    <a href="https://www.continente.pt/produto/manteiga-com-sal-acores-continente-2705884.html?cgid=laticinios">
                    <picture class="intrinsic intrinsic--square">
                    <img class="ct-tile-image lazyloaded" loading="lazy" onerror="this.onerror=null;this.src='/on/demandware.static/Sites-continente-Site/-/default/dw7c42b4da/images/noimagelarge_product.png';" data-src="https://www.continente.pt/dw/image/v2/BDVS_PRD/on/demandware.static/-/Sites-col-master-catalog/default/dw62385db2/images/col/270/2705884-hero.jpg?sw=280&amp;sh=280" alt="Manteiga com Sal Açores" title="Manteiga com Sal Açores" src="https://www.continente.pt/dw/image/v2/BDVS_PRD/on/demandware.static/-/Sites-col-master-catalog/default/dw62385db2/images/col/270/2705884-hero.jpg?sw=280&amp;sh=280">
                    </picture>
                    </a>
                    <div class="color-swatches d-flex" style="margin-left: 5px;">
                    <div class="swatches d-flex">
                    </div>
                    </div>
                    </div>
                    <div class="ct-tile-body col col-sm-auto ">
                    <div class="ct-pdp-details">
                    <div class="ct-pdp-link">
                    <a class="ct-tile--description" href="https://www.continente.pt/produto/manteiga-com-sal-acores-continente-2705884.html?cgid=laticinios">Manteiga com Sal Açores</a>
                    <div class="ct-tile--favorite-top d-sm-none">
                    <button class="wishlist-toggler guest-mode inactive button button--tertiary" data-pid="2705884" data-add-url="https://www.continente.pt/on/demandware.store/Sites-continente-Site/default/Wishlist-AddProduct?pid=2705884" data-toggle="tooltip" aria-label="Adicionar aos favoritos " data-original-title="Adicionar aos favoritos" data-placement="top">
                    <svg class="active-content" width="100%" height="100%" viewBox="0 0 20 22" fill="none" xmlns="http://www.w3.org/2000/svg">
                    <path fill-rule="evenodd" clip-rule="evenodd" d="M0 1.53052C0 0.685236 0.692171 0 1.54601 0H15.0736C15.9274 0 16.6196 0.685235 16.6196 1.53052V13.4064L15.8127 13.922L14.2658 14.2658L12.7189 13.4064L10.6054 14.3818C10.4994 14.2451 10.3327 14.157 10.1452 14.157H6.76329C6.4431 14.157 6.18354 14.414 6.18354 14.731C6.18354 15.0479 6.4431 15.3049 6.76329 15.3049H10.1452C10.2478 15.3049 10.3441 15.2785 10.4277 15.2322L10.3126 16.8439L13.2345 20.2793H1.54601C0.69217 20.2793 0 19.5941 0 18.7488V1.53052ZM6.18354 5.5483C6.18354 5.23132 6.4431 4.97436 6.76329 4.97436H12.3676C12.6878 4.97436 12.9473 5.23132 12.9473 5.5483C12.9473 5.86528 12.6878 6.12224 12.3676 6.12224H6.76329C6.4431 6.12224 6.18354 5.86528 6.18354 5.5483ZM6.76329 11.0961C6.4431 11.0961 6.18354 11.3531 6.18354 11.6701C6.18354 11.987 6.4431 12.244 6.76329 12.244H12.3676C12.6878 12.244 12.9473 11.987 12.9473 11.6701C12.9473 11.3531 12.6878 11.0961 12.3676 11.0961H6.76329ZM6.18354 8.60985C6.18354 8.29287 6.4431 8.03591 6.76329 8.03591H12.3676C12.6878 8.03591 12.9473 8.29287 12.9473 8.60985C12.9473 8.92684 12.6878 9.1838 12.3676 9.1838H6.76329C6.4431 9.1838 6.18354 8.92684 6.18354 8.60985ZM3.67118 5.5483C3.67118 5.23132 3.93075 4.97436 4.25093 4.97436H4.63743C4.95762 4.97436 5.21719 5.23132 5.21719 5.5483C5.21719 5.86528 4.95762 6.12224 4.63743 6.12224H4.25093C3.93075 6.12224 3.67118 5.86528 3.67118 5.5483ZM4.25093 11.0961C3.93075 11.0961 3.67118 11.3531 3.67118 11.6701C3.67118 11.987 3.93075 12.244 4.25093 12.244H4.63743C4.95762 12.244 5.21719 11.987 5.21719 11.6701C5.21719 11.3531 4.95762 11.0961 4.63743 11.0961H4.25093ZM3.67118 8.60985C3.67118 8.29287 3.93075 8.03591 4.25093 8.03591H4.63743C4.95762 8.03591 5.21719 8.29287 5.21719 8.60985C5.21719 8.92684 4.95762 9.1838 4.63743 9.1838H4.25093C3.93075 9.1838 3.67118 8.92684 3.67118 8.60985ZM4.25093 14.157C3.93075 14.157 3.67118 14.414 3.67118 14.731C3.67118 15.0479 3.93075 15.3049 4.25093 15.3049H4.63743C4.95762 15.3049 5.21719 15.0479 5.21719 14.731C5.21719 14.414 4.95762 14.157 4.63743 14.157H4.25093Z" fill="#EB0203"></path>
                    <path fill-rule="evenodd" clip-rule="evenodd" d="M14.6252 13.6363C13.4918 12.6215 11.7817 12.5264 10.6569 13.4792C9.12421 14.7764 9.34841 16.8912 10.4409 18.0122L14.0159 21.6742C14.2197 21.8832 14.4928 22 14.7822 22C15.0737 22 15.3448 21.8852 15.5486 21.6762L19.1236 18.0142C20.214 16.8933 20.4423 14.7785 18.9075 13.4792C17.7827 12.5283 16.0724 12.6217 14.9391 13.6365C14.8855 13.6845 14.8331 13.7345 14.7822 13.7866C14.7313 13.7345 14.6789 13.6843 14.6252 13.6363ZM18.1546 14.3522C19.0973 15.1508 18.9962 16.4896 18.2891 17.2173C18.2888 17.2175 18.2886 17.2177 18.2884 17.218L14.7832 20.8084L11.2753 17.2151C11.2752 17.215 11.2751 17.2149 11.2749 17.2148C10.5677 16.4887 10.4678 15.1495 11.4104 14.3518L11.4108 14.3514C12.0745 13.7892 13.2018 13.82 13.9488 14.5846L14.7822 15.4378L15.6157 14.5846C16.3617 13.8211 17.4896 13.79 18.1545 14.3521" fill="#EB0203"></path>
                    </svg>
                    <svg class="inactive-content" width="100%" height="100%" viewBox="0 0 20 23" fill="none" xmlns="http://www.w3.org/2000/svg">
                    <path fill-rule="evenodd" clip-rule="evenodd" d="M6.18408 5.77914C6.18408 5.46223 6.44363 5.20532 6.7638 5.20532H12.3678C12.6879 5.20532 12.9475 5.46223 12.9475 5.77914C12.9475 6.09606 12.6879 6.35297 12.3678 6.35297H6.7638C6.44363 6.35297 6.18408 6.09606 6.18408 5.77914Z" fill="#EB0203"></path>
                    <path fill-rule="evenodd" clip-rule="evenodd" d="M6.18408 11.9034C6.18408 11.5865 6.44363 11.3296 6.7638 11.3296H12.3678C12.6879 11.3296 12.9475 11.5865 12.9475 11.9034C12.9475 12.2202 12.6879 12.4771 12.3678 12.4771H6.7638C6.44363 12.4771 6.18408 12.2202 6.18408 11.9034Z" fill="#EB0203"></path>
                    <path fill-rule="evenodd" clip-rule="evenodd" d="M6.18408 8.84116C6.18408 8.52424 6.44363 8.26733 6.7638 8.26733H12.3678C12.6879 8.26733 12.9475 8.52424 12.9475 8.84116C12.9475 9.15807 12.6879 9.41498 12.3678 9.41498H6.7638C6.44363 9.41498 6.18408 9.15807 6.18408 8.84116Z" fill="#EB0203"></path>
                    <path fill-rule="evenodd" clip-rule="evenodd" d="M6.18408 14.9655C6.18408 14.6486 6.44363 14.3917 6.7638 14.3917H10.1455C10.4657 14.3917 10.7252 14.6486 10.7252 14.9655C10.7252 15.2825 10.4657 15.5394 10.1455 15.5394H6.7638C6.44363 15.5394 6.18408 15.2825 6.18408 14.9655Z" fill="#EB0203"></path>
                    <path fill-rule="evenodd" clip-rule="evenodd" d="M3.67139 5.77914C3.67139 5.46223 3.93094 5.20532 4.25111 5.20532H4.63759C4.95776 5.20532 5.21731 5.46223 5.21731 5.77914C5.21731 6.09606 4.95776 6.35297 4.63759 6.35297H4.25111C3.93094 6.35297 3.67139 6.09606 3.67139 5.77914Z" fill="#EB0203"></path>
                    <path fill-rule="evenodd" clip-rule="evenodd" d="M3.67139 11.9034C3.67139 11.5865 3.93094 11.3296 4.25111 11.3296H4.63759C4.95776 11.3296 5.21731 11.5865 5.21731 11.9034C5.21731 12.2202 4.95776 12.4771 4.63759 12.4771H4.25111C3.93094 12.4771 3.67139 12.2202 3.67139 11.9034Z" fill="#EB0203"></path>
                    <path fill-rule="evenodd" clip-rule="evenodd" d="M3.67139 8.84116C3.67139 8.52424 3.93094 8.26733 4.25111 8.26733H4.63759C4.95776 8.26733 5.21731 8.52424 5.21731 8.84116C5.21731 9.15807 4.95776 9.41498 4.63759 9.41498H4.25111C3.93094 9.41498 3.67139 9.15807 3.67139 8.84116Z" fill="#EB0203"></path>
                    <path fill-rule="evenodd" clip-rule="evenodd" d="M3.67139 14.9655C3.67139 14.6486 3.93094 14.3917 4.25111 14.3917H4.63759C4.95776 14.3917 5.21731 14.6486 5.21731 14.9655C5.21731 15.2825 4.95776 15.5394 4.63759 15.5394H4.25111C3.93094 15.5394 3.67139 15.2825 3.67139 14.9655Z" fill="#EB0203"></path>
                    <path fill-rule="evenodd" clip-rule="evenodd" d="M0 1.76033C0 0.914738 0.692131 0.229248 1.54592 0.229248H15.0727C15.9265 0.229248 16.6186 0.914738 16.6186 1.76033V11.2818C16.6186 11.5989 16.3591 11.8559 16.0389 11.8559C15.7187 11.8559 15.4592 11.5989 15.4592 11.2818V1.76033C15.4592 1.54893 15.2862 1.37756 15.0727 1.37756H1.54592C1.33247 1.37756 1.15944 1.54893 1.15944 1.76033V18.985C1.15944 19.1964 1.33247 19.3678 1.54592 19.3678H9.27551C9.59568 19.3678 9.85523 19.6249 9.85523 19.942C9.85523 20.2591 9.59568 20.5161 9.27551 20.5161H1.54592C0.692131 20.5161 0 19.8306 0 18.985V1.76033Z" fill="#EB0203"></path>
                    <path fill-rule="evenodd" clip-rule="evenodd" d="M14.6254 13.8718C13.4921 12.8567 11.7821 12.7615 10.6574 13.7147C9.12472 15.0124 9.34891 17.128 10.4413 18.2493L14.0161 21.9126C14.2199 22.1217 14.493 22.2386 14.7824 22.2386C15.0739 22.2386 15.3449 22.1238 15.5487 21.9147L19.1235 18.2514C20.2139 17.13 20.4422 15.0144 18.9075 13.7147C17.7827 12.7634 16.0726 12.8569 14.9392 13.872C14.8856 13.92 14.8333 13.9701 14.7824 14.0222C14.7314 13.97 14.6791 13.9199 14.6254 13.8718ZM18.1546 14.588C19.0972 15.3869 18.9961 16.7262 18.2891 17.4541C18.2888 17.4543 18.2886 17.4546 18.2884 17.4548L14.7834 21.0466L11.2757 17.452C11.2756 17.4519 11.2755 17.4517 11.2753 17.4516C10.5681 16.7252 10.4682 15.3856 11.4108 14.5876L11.4112 14.5872C12.0748 14.0248 13.202 14.0556 13.949 14.8205L14.7824 15.674L15.6158 14.8205C16.3618 14.0567 17.4896 14.0256 18.1545 14.5879" fill="#EB0203"></path>
                    </svg>
                    </button>
                    </div>
                    </div>
                    <p class="ct-tile--brand">Continente</p>
                    <p class="ct-tile--quantity">emb. 250 gr</p>
                    </div>
                    <div class="ct-tile-bottom row no-gutters justify-content-between">
                    <div class="ct-price-wrap col-8 col-sm-12">
                    <div class="price js-product-price">
                    <div class="prices-wrapper">
                     <span class="sales ct-tile--price-primary ">
                    <span class="value" content="1.89">
                    <span class="ct-price-formatted">
                    €1,89
                    </span>
                    <span class="ct-m-unit">
                    /un
                    </span>
                    </span>
                    </span>
                    </div>
                    <div class="ct-tile--price-secondary">
                    <span class="ct-price-value">
                    €7,56
                    </span>
                    <span class="ct-m-unit">
                    /kg
                    </span>
                    </div>
                    </div>
                    </div>
                    <div class="ct-tile-buy-section d-flex justify-content-center no-gutters col-auto col-sm-12">
                    <div class="col-2 d-sm-flex d-none">
                    <button class="wishlist-toggler guest-mode inactive button button--tertiary" data-pid="2705884" data-add-url="https://www.continente.pt/on/demandware.store/Sites-continente-Site/default/Wishlist-AddProduct?pid=2705884" data-toggle="tooltip" aria-label="Adicionar aos favoritos " data-original-title="Adicionar aos favoritos" data-placement="top">
                    <svg class="active-content" width="100%" height="100%" viewBox="0 0 20 22" fill="none" xmlns="http://www.w3.org/2000/svg">
                    <path fill-rule="evenodd" clip-rule="evenodd" d="M0 1.53052C0 0.685236 0.692171 0 1.54601 0H15.0736C15.9274 0 16.6196 0.685235 16.6196 1.53052V13.4064L15.8127 13.922L14.2658 14.2658L12.7189 13.4064L10.6054 14.3818C10.4994 14.2451 10.3327 14.157 10.1452 14.157H6.76329C6.4431 14.157 6.18354 14.414 6.18354 14.731C6.18354 15.0479 6.4431 15.3049 6.76329 15.3049H10.1452C10.2478 15.3049 10.3441 15.2785 10.4277 15.2322L10.3126 16.8439L13.2345 20.2793H1.54601C0.69217 20.2793 0 19.5941 0 18.7488V1.53052ZM6.18354 5.5483C6.18354 5.23132 6.4431 4.97436 6.76329 4.97436H12.3676C12.6878 4.97436 12.9473 5.23132 12.9473 5.5483C12.9473 5.86528 12.6878 6.12224 12.3676 6.12224H6.76329C6.4431 6.12224 6.18354 5.86528 6.18354 5.5483ZM6.76329 11.0961C6.4431 11.0961 6.18354 11.3531 6.18354 11.6701C6.18354 11.987 6.4431 12.244 6.76329 12.244H12.3676C12.6878 12.244 12.9473 11.987 12.9473 11.6701C12.9473 11.3531 12.6878 11.0961 12.3676 11.0961H6.76329ZM6.18354 8.60985C6.18354 8.29287 6.4431 8.03591 6.76329 8.03591H12.3676C12.6878 8.03591 12.9473 8.29287 12.9473 8.60985C12.9473 8.92684 12.6878 9.1838 12.3676 9.1838H6.76329C6.4431 9.1838 6.18354 8.92684 6.18354 8.60985ZM3.67118 5.5483C3.67118 5.23132 3.93075 4.97436 4.25093 4.97436H4.63743C4.95762 4.97436 5.21719 5.23132 5.21719 5.5483C5.21719 5.86528 4.95762 6.12224 4.63743 6.12224H4.25093C3.93075 6.12224 3.67118 5.86528 3.67118 5.5483ZM4.25093 11.0961C3.93075 11.0961 3.67118 11.3531 3.67118 11.6701C3.67118 11.987 3.93075 12.244 4.25093 12.244H4.63743C4.95762 12.244 5.21719 11.987 5.21719 11.6701C5.21719 11.3531 4.95762 11.0961 4.63743 11.0961H4.25093ZM3.67118 8.60985C3.67118 8.29287 3.93075 8.03591 4.25093 8.03591H4.63743C4.95762 8.03591 5.21719 8.29287 5.21719 8.60985C5.21719 8.92684 4.95762 9.1838 4.63743 9.1838H4.25093C3.93075 9.1838 3.67118 8.92684 3.67118 8.60985ZM4.25093 14.157C3.93075 14.157 3.67118 14.414 3.67118 14.731C3.67118 15.0479 3.93075 15.3049 4.25093 15.3049H4.63743C4.95762 15.3049 5.21719 15.0479 5.21719 14.731C5.21719 14.414 4.95762 14.157 4.63743 14.157H4.25093Z" fill="#EB0203"></path>
                    <path fill-rule="evenodd" clip-rule="evenodd" d="M14.6252 13.6363C13.4918 12.6215 11.7817 12.5264 10.6569 13.4792C9.12421 14.7764 9.34841 16.8912 10.4409 18.0122L14.0159 21.6742C14.2197 21.8832 14.4928 22 14.7822 22C15.0737 22 15.3448 21.8852 15.5486 21.6762L19.1236 18.0142C20.214 16.8933 20.4423 14.7785 18.9075 13.4792C17.7827 12.5283 16.0724 12.6217 14.9391 13.6365C14.8855 13.6845 14.8331 13.7345 14.7822 13.7866C14.7313 13.7345 14.6789 13.6843 14.6252 13.6363ZM18.1546 14.3522C19.0973 15.1508 18.9962 16.4896 18.2891 17.2173C18.2888 17.2175 18.2886 17.2177 18.2884 17.218L14.7832 20.8084L11.2753 17.2151C11.2752 17.215 11.2751 17.2149 11.2749 17.2148C10.5677 16.4887 10.4678 15.1495 11.4104 14.3518L11.4108 14.3514C12.0745 13.7892 13.2018 13.82 13.9488 14.5846L14.7822 15.4378L15.6157 14.5846C16.3617 13.8211 17.4896 13.79 18.1545 14.3521" fill="#EB0203"></path>
                    </svg>
                    <svg class="inactive-content" width="100%" height="100%" viewBox="0 0 20 23" fill="none" xmlns="http://www.w3.org/2000/svg">
                    <path fill-rule="evenodd" clip-rule="evenodd" d="M6.18408 5.77914C6.18408 5.46223 6.44363 5.20532 6.7638 5.20532H12.3678C12.6879 5.20532 12.9475 5.46223 12.9475 5.77914C12.9475 6.09606 12.6879 6.35297 12.3678 6.35297H6.7638C6.44363 6.35297 6.18408 6.09606 6.18408 5.77914Z" fill="#EB0203"></path>
                    <path fill-rule="evenodd" clip-rule="evenodd" d="M6.18408 11.9034C6.18408 11.5865 6.44363 11.3296 6.7638 11.3296H12.3678C12.6879 11.3296 12.9475 11.5865 12.9475 11.9034C12.9475 12.2202 12.6879 12.4771 12.3678 12.4771H6.7638C6.44363 12.4771 6.18408 12.2202 6.18408 11.9034Z" fill="#EB0203"></path>
                    <path fill-rule="evenodd" clip-rule="evenodd" d="M6.18408 8.84116C6.18408 8.52424 6.44363 8.26733 6.7638 8.26733H12.3678C12.6879 8.26733 12.9475 8.52424 12.9475 8.84116C12.9475 9.15807 12.6879 9.41498 12.3678 9.41498H6.7638C6.44363 9.41498 6.18408 9.15807 6.18408 8.84116Z" fill="#EB0203"></path>
                    <path fill-rule="evenodd" clip-rule="evenodd" d="M6.18408 14.9655C6.18408 14.6486 6.44363 14.3917 6.7638 14.3917H10.1455C10.4657 14.3917 10.7252 14.6486 10.7252 14.9655C10.7252 15.2825 10.4657 15.5394 10.1455 15.5394H6.7638C6.44363 15.5394 6.18408 15.2825 6.18408 14.9655Z" fill="#EB0203"></path>
                    <path fill-rule="evenodd" clip-rule="evenodd" d="M3.67139 5.77914C3.67139 5.46223 3.93094 5.20532 4.25111 5.20532H4.63759C4.95776 5.20532 5.21731 5.46223 5.21731 5.77914C5.21731 6.09606 4.95776 6.35297 4.63759 6.35297H4.25111C3.93094 6.35297 3.67139 6.09606 3.67139 5.77914Z" fill="#EB0203"></path>
                    <path fill-rule="evenodd" clip-rule="evenodd" d="M3.67139 11.9034C3.67139 11.5865 3.93094 11.3296 4.25111 11.3296H4.63759C4.95776 11.3296 5.21731 11.5865 5.21731 11.9034C5.21731 12.2202 4.95776 12.4771 4.63759 12.4771H4.25111C3.93094 12.4771 3.67139 12.2202 3.67139 11.9034Z" fill="#EB0203"></path>
                    <path fill-rule="evenodd" clip-rule="evenodd" d="M3.67139 8.84116C3.67139 8.52424 3.93094 8.26733 4.25111 8.26733H4.63759C4.95776 8.26733 5.21731 8.52424 5.21731 8.84116C5.21731 9.15807 4.95776 9.41498 4.63759 9.41498H4.25111C3.93094 9.41498 3.67139 9.15807 3.67139 8.84116Z" fill="#EB0203"></path>
                    <path fill-rule="evenodd" clip-rule="evenodd" d="M3.67139 14.9655C3.67139 14.6486 3.93094 14.3917 4.25111 14.3917H4.63759C4.95776 14.3917 5.21731 14.6486 5.21731 14.9655C5.21731 15.2825 4.95776 15.5394 4.63759 15.5394H4.25111C3.93094 15.5394 3.67139 15.2825 3.67139 14.9655Z" fill="#EB0203"></path>
                    <path fill-rule="evenodd" clip-rule="evenodd" d="M0 1.76033C0 0.914738 0.692131 0.229248 1.54592 0.229248H15.0727C15.9265 0.229248 16.6186 0.914738 16.6186 1.76033V11.2818C16.6186 11.5989 16.3591 11.8559 16.0389 11.8559C15.7187 11.8559 15.4592 11.5989 15.4592 11.2818V1.76033C15.4592 1.54893 15.2862 1.37756 15.0727 1.37756H1.54592C1.33247 1.37756 1.15944 1.54893 1.15944 1.76033V18.985C1.15944 19.1964 1.33247 19.3678 1.54592 19.3678H9.27551C9.59568 19.3678 9.85523 19.6249 9.85523 19.942C9.85523 20.2591 9.59568 20.5161 9.27551 20.5161H1.54592C0.692131 20.5161 0 19.8306 0 18.985V1.76033Z" fill="#EB0203"></path>
                    <path fill-rule="evenodd" clip-rule="evenodd" d="M14.6254 13.8718C13.4921 12.8567 11.7821 12.7615 10.6574 13.7147C9.12472 15.0124 9.34891 17.128 10.4413 18.2493L14.0161 21.9126C14.2199 22.1217 14.493 22.2386 14.7824 22.2386C15.0739 22.2386 15.3449 22.1238 15.5487 21.9147L19.1235 18.2514C20.2139 17.13 20.4422 15.0144 18.9075 13.7147C17.7827 12.7634 16.0726 12.8569 14.9392 13.872C14.8856 13.92 14.8333 13.9701 14.7824 14.0222C14.7314 13.97 14.6791 13.9199 14.6254 13.8718ZM18.1546 14.588C19.0972 15.3869 18.9961 16.7262 18.2891 17.4541C18.2888 17.4543 18.2886 17.4546 18.2884 17.4548L14.7834 21.0466L11.2757 17.452C11.2756 17.4519 11.2755 17.4517 11.2753 17.4516C10.5681 16.7252 10.4682 15.3856 11.4108 14.5876L11.4112 14.5872C12.0748 14.0248 13.202 14.0556 13.949 14.8205L14.7824 15.674L15.6158 14.8205C16.3618 14.0567 17.4896 14.0256 18.1545 14.5879" fill="#EB0203"></path>
                    </svg>
                    </button>
                    </div>
                    <div class="col-sm-10 col-12">
                    <div class="ct-tile-quantity d-none" data-pid="2705884">
                    <input type="hidden" class="add-to-cart-url" value="https://www.continente.pt/on/demandware.store/Sites-continente-Site/default/Cart-AddProduct">
                    <div class="d-none tile-delete-confirmation-btn" data-pid="2705884" data-delay-time="3000" data-in-cart-msg="no carrinho" data-one-product-added="Adicionado ao carrinho" data-remove-from-cart-msg="Removido do carrinho" data-stay-open="6000.0" data-confirmation-image="{&quot;url&quot;:&quot;https://www.continente.pt/dw/image/v2/BDVS_PRD/on/demandware.static/-/Sites-col-master-catalog/default/dw62385db2/images/col/270/2705884-hero.jpg?sw=87&amp;sh=80&quot;,&quot;fallbackimage&quot;:{&quot;url&quot;:&quot;https://www.continente.pt/dw/image/v2/BDVS_PRD/on/demandware.static/Sites-continente-Site/-/default/dw7c42b4da/images/noimagelarge_product.png?sw=87&amp;sh=80&quot;,&quot;title&quot;:&quot;Manteiga com Sal Açores&quot;,&quot;alt&quot;:&quot;Manteiga com Sal Açores&quot;},&quot;title&quot;:&quot;Manteiga com Sal Açores&quot;,&quot;alt&quot;:&quot;Manteiga com Sal Açores&quot;}"></div>
                    <div class="ct-tile-quantity-update quantity-update product-qty-vue" data-remove-action="https://www.continente.pt/on/demandware.store/Sites-continente-Site/default/Cart-RemoveProductLineItem" data-action="https://www.continente.pt/on/demandware.store/Sites-continente-Site/default/Cart-UpdateQuantity" data-dimension-update="https://www.continente.pt/on/demandware.store/Sites-continente-Site/default/Cart-DimensionUpdate" data-pid="2705884" data-uuid="150931acfc023b38bbbb98e69e" data-add-delay="500.0" data-measure-options="{&quot;hasConversionRate&quot;:false,&quot;hasAlternativeSaleUnit&quot;:false,&quot;unitConversionRate&quot;:0,&quot;minOrderQuantity&quot;:1,&quot;stepQuantity&quot;:1,&quot;primaryunit&quot;:&quot;un&quot;,&quot;secondaryunit&quot;:&quot;kg&quot;,&quot;selectedunit&quot;:&quot;primary&quot;,&quot;maxNumberOfUnitsPerSale&quot;:50}" data-price-available="null" :data-has-error="isMaxQtyReached || isMinQtyReached || qtySelectedMoreThanOne">
                    <template v-show="prodUnits">
                    <div class="quantity-input-wrapper has-units">
                    <label class="visually-hidden" :for="'quantity-' + pid + additionalTag">
                    Quantidade no carrinho
                    </label>
                    <input :ref="'quantityInput-' + pid + additionalTag" class="add-to-cart-quantity form-control ct-form-input text-center" inputmode="numeric" :class="{'is-invalid': isInvalid}" :data-pid="pid + additionalTag" :name="'quantity-' + pid + additionalTag" type="text" aria-label="Insira a quantidade" title="" v-model="displayValue" @change="updateQuantity" @focus="updateQtyFormat" @blur="restoreQtyFormat" :disabled="!isPriceAvailable">
                    <span class="quantity-icon quantity-icon--minus">
                    <button class="decrease-quantity-btn" @click="updateQuantity" :disabled="!isPriceAvailable" role="button" aria-label="Reduzir quantidade">
                    <i class="css-math-minus"></i>
                    </button>
                    </span>
                    <span class="quantity-icon quantity-icon--plus">
                    <button class="increase-quantity-btn" @click="updateQuantity" :disabled="isMaxQtyReached || !isPriceAvailable" role="button" aria-label="Aumentar quantidade">
                    <i class="css-math-plus"></i>
                    </button>
                    <span class="quantity-btn-disabled-placeholder"></span>
                    </span>
                    <template v-if="isPDP">
                    <span class="quantity-error ct-span-error text-sm-center product-max-allocation" v-if="isMaxQtyReached">
                    Quantidade máxima atingida
                    </span>
                    <span class="quantity-error ct-span-product text-sm-center product-allocation" v-if="!isMinQtyReached &amp;&amp; !isMaxQtyReached">
                    {{quantitySelected}} no carrinho
                    </span>
                    <span class="quantity-error ct-span-error text-sm-center product-min-allocation" :data-pid="pid" v-if="isMinQtyReached &amp;&amp; !isMaxQtyReached">
                    Quantidade mínima atingida
                    </span>
                    </template>
                    </div>
                    <template v-if="showNotes">
                    <div class="add-note-link-container ">
                    <div class="add-note">
                    <a href="/produto/manteiga-com-sal-acores-continente-2705884.html?showNote=true" class="ct-add-note-redirect-pdp" aria-label="Adicionar comentário">
                    <span class="svg-wrapper svg-icon-notes" style="width:19px; height:20px">
                    <svg class="svg-inline icon-notes" viewBox="0 0 28 30" xmlns="http://www.w3.org/2000/svg" width="100%" height="100%"><path d="M21.738 0C22.985 0 24 1.04 24 2.319V12.47c0 .469-.37.848-.828.848-.457 0-.827-.38-.827-.848V2.32c0-.343-.273-.622-.607-.622H2.262c-.334 0-.607.279-.607.622V27.68c0 .343.273.622.607.622h7.81c.457 0 .827.38.827.849 0 .468-.37.848-.827.848h-7.81C1.015 30 0 28.96 0 27.681V2.32C0 1.04 1.015 0 2.262 0h19.476zm2.844 16.004l.227.007c.823.053 1.589.39 2.176.964.64.627.993 1.46.993 2.349 0 .888-.353 1.722-.993 2.348l-6.83 6.665c-.11.108-.247.186-.397.226l-5.032 1.363c-.078.021-.16.032-.241.032-.242 0-.478-.097-.647-.266-.23-.231-.314-.566-.218-.874l1.49-4.798c.044-.139.122-.266.227-.369l6.844-6.677c.64-.625 1.493-.97 2.401-.97zm-2.886 3.94l-4.922 4.802-.947 3.048 3.22-.872 4.897-4.78-2.248-2.197zm2.887-2.174c-.425 0-.824.162-1.124.455l-.484.472 2.248 2.197.484-.472c.62-.606.62-1.591 0-2.197l-.117-.104c-.283-.227-.636-.35-1.007-.35zm-10.839.022c.498 0 .904.396.904.883 0 .488-.406.884-.904.884H5.946c-.499 0-.904-.396-.904-.884 0-.487.405-.883.904-.883zm5.042-4.876c.498 0 .904.397.904.884s-.406.884-.904.884H5.946c-.499 0-.904-.397-.904-.884s.405-.884.904-.884zm0-4.875c.498 0 .904.396.904.884 0 .487-.406.883-.904.883H5.946c-.499 0-.904-.396-.904-.883 0-.488.405-.884.904-.884z" fill="#EB0203" fill-rule="evenodd"></path></svg>
                    </span>
                    <div class="available-note d-none"></div>
                    </a>
                    </div>
                    </div>
                    </template>
                    <div class="measurement-unit-section" v-if="isPriceAvailable &amp;&amp; prodUnits ? prodUnits.hasAlternativeUnit : false">
                    <div class="ct-form-radio" @click="setDimension">
                    <input type="radio" title="" class="ct-form-check-input product-measurement-unit" :data-type="prodUnits.selectedUnit == prodUnits.secondaryUnit ? 'primary' : ''" :id="prodUnits.secondaryUnit + '-' + pid + '-measurement-unit-ptile' + additionalTag" :name="'measurement-unit-' + pid + '-ptile' + additionalTag" :value="prodUnits.secondaryUnit" v-model="prodUnits.selectedUnit">
                    <label :class="prodUnits.secondaryUnit + '-label ct-form-check-label mb-0'" :for="prodUnits.secondaryUnit + '-' + pid + '-measurement-unit-ptile' + additionalTag">
                    {{prodUnits.secondaryUnit}}
                    </label>
                    <span class="checkmark"></span>
                    </div>
                    <div class="ct-form-radio" @click="setDimension">
                    <input type="radio" title="" class="ct-form-check-input product-measurement-unit" :data-type="prodUnits.selectedUnit == prodUnits.primaryUnit ? 'primary' : ''" :id="prodUnits.primaryUnit + '-' + pid + '-measurement-unit-ptile' + additionalTag" :name="'measurement-unit-' + pid + '-ptile' + additionalTag" :value="prodUnits.primaryUnit" v-model="prodUnits.selectedUnit">
                    <label :class="prodUnits.primaryUnit + '-label ct-form-check-label mb-0'" :for="prodUnits.primaryUnit + '-' + pid + '-measurement-unit-ptile' + additionalTag">
                    {{prodUnits.primaryUnit}}
                    </label>
                    <span class="checkmark"></span>
                    </div>
                    </div>
                    <template v-if="!isPDP &amp;&amp; isPriceAvailable">
                    <span class="quantity-error ct-span-error product-max-allocation" v-if="isMaxQtyReached">
                    Quantidade máxima atingida
                    </span>
                    <span class="quantity-error ct-span-product product-allocation" v-if="!isMinQtyReached &amp;&amp; !isMaxQtyReached">
                    {{quantitySelected}} no carrinho
                    </span>
                    <span class="quantity-error ct-span-error product-min-allocation" :data-pid="pid" v-if="isMinQtyReached &amp;&amp; !isMaxQtyReached">
                    Quantidade mínima atingida
                    </span>
                    </template>
                    </template>
                    </div>
                    <input class="quantity-value-mask d-none" name="quantity" type="number" min="0" value="">
                    </div>
                    <button type="button" class="add-to-cart button js-add-to-cart js-add-to-cart-tile 2705884 button--primary dynamic-layout-btn" data-toggle="modal" data-target="#chooseBonusProductModal" data-pid="2705884" data-quantity-value="null" aria-label="Carrinho">
                    <span class="d-block d-sm-none">
                    <span class="svg-wrapper svg-icon-cart" style="width:20px; height:20px">
                    <svg class="svg-inline icon-cart" xmlns="http://www.w3.org/2000/svg" viewBox="0 0 500 500" width="100%" height="100%"><path fill="#EB0203" fill-rule="evenodd" d="M 485.67317,94.386311 C 476.37798,83.847129 463.09468,78.03348 448.30404,78.03348 H 90.690813 L 87.079511,51.327997 C 83.185582,22.539551 62.962285,0 41.011841,0 H 14.727836 C 6.563151,0 0,6.5286975 0,14.580758 c 0,8.05206 6.5945535,14.580758 14.727836,14.580758 h 26.284005 c 4.710398,0 14.696435,9.855222 16.894619,26.021523 L 100.01739,368.0631 c 1.88416,13.77244 9.01256,26.70549 20.1605,36.37417 8.25889,7.15046 18.02511,11.9071 28.26237,13.89679 -4.17655,7.58572 -6.53175,16.25957 -6.53175,25.493 0,29.53459 24.27424,53.59751 54.13815,53.59751 29.8325,0 54.13814,-24.03184 54.13814,-53.59751 0,-8.79818 -2.19818,-17.09897 -5.9979,-24.43598 h 77.12488 c -3.79973,7.33701 -5.96652,15.6378 -5.96652,24.43598 0,29.53459 24.27424,53.59751 54.13817,53.59751 29.83249,0 54.13814,-24.03184 54.13814,-53.59751 0,-8.79818 -2.1982,-17.09897 -5.9979,-24.43598 h 38.56243 c 8.13328,0 14.72783,-6.5287 14.72783,-14.61183 0,-8.02098 -6.59455,-14.54967 -14.72783,-14.54967 H 159.24277 c -14.38241,0 -28.13677,-11.90711 -30.02092,-26.02153 l -3.07746,-22.88154 h 290.6314 c 14.03698,0 27.94834,-5.28513 39.06488,-14.95381 11.11652,-9.6376 18.27632,-22.57065 20.16048,-36.37417 l 21.10259,-156.78201 c 1.94694,-14.51858 -2.10398,-28.29103 -11.43057,-38.861299 z M 220.76053,443.82706 c 0,13.49265 -11.08513,24.46709 -24.68247,24.46709 -13.62874,0 -24.71387,-10.97444 -24.71387,-24.46709 0,-13.49262 11.08513,-24.43598 24.71387,-24.43598 13.59734,0 24.68247,10.94336 24.68247,24.43598 z m 173.43675,0 c 0,13.49265 -11.08512,24.46709 -24.68245,24.46709 -13.62876,0 -24.71388,-10.97444 -24.71388,-24.46709 0,-13.49262 11.08512,-24.43598 24.71388,-24.43598 13.59733,0 24.68245,10.94336 24.68245,24.43598 z m 73.7648,-314.46558 -21.13397,156.782 c -1.88416,14.11442 -15.63851,26.05261 -30.02091,26.05261 H 122.25046 L 94.616142,107.19499 H 448.33544 c 6.18632,0 11.61896,2.2695 15.23028,6.37326 3.64269,4.13484 5.21283,9.73086 4.39636,15.79323 z"></path></svg>
                    </span>
                    </span>
                    <span class="add-to-cart--text d-none d-sm-block">Carrinho</span>
                    </button>
                    </div>
                    </div>
                    </div>
                    </div>
                    
                    <div class="col-12 d-sm-none">
                    </div>
                    </div>
                    </div>
                    </div>
                    </div>
                    <div class="col-12 col-sm-3 col-lg-2 productTile" data-idx="22">
                    
                    <script type="text/javascript">//<!--
                    /* <![CDATA[ */
                    (function(){
                    try {
                        if(window.CQuotient) {
                        var cq_params = {};
                        
                        cq_params.cookieId = window.CQuotient.getCQCookieId();
                        cq_params.userId = window.CQuotient.getCQUserId();
                        cq_params.emailId = CQuotient.getCQHashedEmail();
                        cq_params.loginId = CQuotient.getCQHashedLogin();
                        cq_params.accumulate = true;
                        cq_params.products = [{
                            id: '5499368',
                            sku: ''
                        }];
                        cq_params.categoryId = 'laticinios';
                        cq_params.refinements = '[{\"name\":\"priceMin\",\"value\":\"0.01\"},{\"name\":\"priceMax\",\"value\":\"null\"},{\"name\":\"curr\",\"value\":\"EUR\"},{\"name\":\"Category\",\"value\":\"laticinios\"}]';
                        cq_params.personalized = 'false';
                        cq_params.sortingRule = 'FOOD-Laticinios';
                        cq_params.imageUUID = '__UNDEFINED__';
                        cq_params.realm = "BDVS";
                        cq_params.siteId = "continente";
                        cq_params.instanceType = "prd";
                        cq_params.queryLocale = "default";
                        cq_params.locale = window.CQuotient.locale;
                        
                        if(window.CQuotient.sendActivity)
                            window.CQuotient.sendActivity(CQuotient.clientId, 'viewCategory', cq_params);
                        else
                            window.CQuotient.activities.push({
                                activityType: 'viewCategory',
                                parameters: cq_params
                            });
                      }
                    } catch(err) {}
                    })();
                    /* ]]> */
                    // -->
                    </script>
                    <script type="text/javascript">//<!--
                    /* <![CDATA[ (viewCategoryProduct-active_data.js) */
                    (function(){
                    try {
                        if (dw.ac) {
                            var search_params = {};
                            search_params.persd = 'false';
                            search_params.refs = '[{\"name\":\"priceMin\",\"value\":\"0.01\"},{\"name\":\"priceMax\",\"value\":\"null\"},{\"name\":\"curr\",\"value\":\"EUR\"},{\"name\":\"Category\",\"value\":\"laticinios\"}]';
                            search_params.sort = 'FOOD-Laticinios';
                            search_params.imageUUID = '';
                            search_params.searchID = 'ff60679a-0a42-4d90-af85-afdcdfaee427';
                            search_params.locale = 'default';
                            search_params.queryLocale = 'default';
                            search_params.showProducts = 'true';
                            dw.ac.applyContext({category: "laticinios", searchData: search_params});
                            if (typeof dw.ac._scheduleDataSubmission === "function") {
                                dw.ac._scheduleDataSubmission();
                            }
                        }
                    } catch(err) {}
                    })();
                    /* ]]> */
                    // -->
                    </script>
                    <script type="text/javascript">//<!--
                    /* <![CDATA[ (viewProduct-active_data.js) */
                    dw.ac._capture({id: "5499368", type: "searchhit"});
                    /* ]]> */
                    // -->
                    </script>
                    <div class="product" data-pid="5499368">
                    <div class="product-tile pid-5499368 ct-product-tile data-layer-pushed" data-delay-time="3000" data-variants-mapping="[]" data-in-cart-msg="no carrinho" data-one-product-added="Adicionado ao carrinho" data-remove-from-cart-msg="Removido do carrinho" data-stay-open="6000.0" data-product-tile-impression="{&quot;name&quot;:&quot;5499368&quot;,&quot;id&quot;:&quot;5499368&quot;,&quot;price&quot;:3.19,&quot;brand&quot;:&quot;Agros&quot;,&quot;category&quot;:[{&quot;category_level_1&quot;:&quot;Laticínios e Ovos&quot;},{&quot;category_level_2&quot;:&quot;Leite&quot;},{&quot;category_level_3&quot;:&quot;Leite Achocolatado e Aromatizado&quot;}],&quot;variant&quot;:&quot;&quot;}">
                    <div class="ct-inner-tile-wrap row no-gutters justify-content-center align-content-start">
                    
                    <div class="ct-image-container col-4 col-sm" data-confirmation-image="{&quot;url&quot;:&quot;https://www.continente.pt/dw/image/v2/BDVS_PRD/on/demandware.static/-/Sites-col-master-catalog/default/dw55d18990/images/col/549/5499368-frente.jpg?sw=87&amp;sh=80&quot;,&quot;fallbackimage&quot;:{&quot;url&quot;:&quot;https://www.continente.pt/dw/image/v2/BDVS_PRD/on/demandware.static/Sites-continente-Site/-/default/dw7c42b4da/images/noimagelarge_product.png?sw=87&amp;sh=80&quot;,&quot;title&quot;:&quot;Leite Achocolatado&quot;,&quot;alt&quot;:&quot;Leite Achocolatado&quot;},&quot;title&quot;:&quot;Leite Achocolatado&quot;,&quot;alt&quot;:&quot;Leite Achocolatado&quot;}">
                    <a href="https://www.continente.pt/produto/leite-achocolatado-agros-5499368.html?cgid=laticinios">
                    <picture class="intrinsic intrinsic--square">
                    <img class="ct-tile-image lazyloaded" loading="lazy" onerror="this.onerror=null;this.src='/on/demandware.static/Sites-continente-Site/-/default/dw7c42b4da/images/noimagelarge_product.png';" data-src="https://www.continente.pt/dw/image/v2/BDVS_PRD/on/demandware.static/-/Sites-col-master-catalog/default/dw55d18990/images/col/549/5499368-frente.jpg?sw=280&amp;sh=280" alt="Leite Achocolatado" title="Leite Achocolatado" src="https://www.continente.pt/dw/image/v2/BDVS_PRD/on/demandware.static/-/Sites-col-master-catalog/default/dw55d18990/images/col/549/5499368-frente.jpg?sw=280&amp;sh=280">
                    </picture>
                    </a>
                    <div class="color-swatches d-flex" style="margin-left: 5px;">
                    <div class="swatches d-flex">
                    </div>
                    </div>
                    </div>
                    <div class="ct-tile-body col col-sm-auto ">
                    <div class="ct-pdp-details">
                    <div class="ct-pdp-link">
                    <a class="ct-tile--description" href="https://www.continente.pt/produto/leite-achocolatado-agros-5499368.html?cgid=laticinios">Leite Achocolatado</a>
                    <div class="ct-tile--favorite-top d-sm-none">
                    <button class="wishlist-toggler guest-mode inactive button button--tertiary" data-pid="5499368" data-add-url="https://www.continente.pt/on/demandware.store/Sites-continente-Site/default/Wishlist-AddProduct?pid=5499368" data-toggle="tooltip" aria-label="Adicionar aos favoritos " data-original-title="Adicionar aos favoritos" data-placement="top">
                    <svg class="active-content" width="100%" height="100%" viewBox="0 0 20 22" fill="none" xmlns="http://www.w3.org/2000/svg">
                    <path fill-rule="evenodd" clip-rule="evenodd" d="M0 1.53052C0 0.685236 0.692171 0 1.54601 0H15.0736C15.9274 0 16.6196 0.685235 16.6196 1.53052V13.4064L15.8127 13.922L14.2658 14.2658L12.7189 13.4064L10.6054 14.3818C10.4994 14.2451 10.3327 14.157 10.1452 14.157H6.76329C6.4431 14.157 6.18354 14.414 6.18354 14.731C6.18354 15.0479 6.4431 15.3049 6.76329 15.3049H10.1452C10.2478 15.3049 10.3441 15.2785 10.4277 15.2322L10.3126 16.8439L13.2345 20.2793H1.54601C0.69217 20.2793 0 19.5941 0 18.7488V1.53052ZM6.18354 5.5483C6.18354 5.23132 6.4431 4.97436 6.76329 4.97436H12.3676C12.6878 4.97436 12.9473 5.23132 12.9473 5.5483C12.9473 5.86528 12.6878 6.12224 12.3676 6.12224H6.76329C6.4431 6.12224 6.18354 5.86528 6.18354 5.5483ZM6.76329 11.0961C6.4431 11.0961 6.18354 11.3531 6.18354 11.6701C6.18354 11.987 6.4431 12.244 6.76329 12.244H12.3676C12.6878 12.244 12.9473 11.987 12.9473 11.6701C12.9473 11.3531 12.6878 11.0961 12.3676 11.0961H6.76329ZM6.18354 8.60985C6.18354 8.29287 6.4431 8.03591 6.76329 8.03591H12.3676C12.6878 8.03591 12.9473 8.29287 12.9473 8.60985C12.9473 8.92684 12.6878 9.1838 12.3676 9.1838H6.76329C6.4431 9.1838 6.18354 8.92684 6.18354 8.60985ZM3.67118 5.5483C3.67118 5.23132 3.93075 4.97436 4.25093 4.97436H4.63743C4.95762 4.97436 5.21719 5.23132 5.21719 5.5483C5.21719 5.86528 4.95762 6.12224 4.63743 6.12224H4.25093C3.93075 6.12224 3.67118 5.86528 3.67118 5.5483ZM4.25093 11.0961C3.93075 11.0961 3.67118 11.3531 3.67118 11.6701C3.67118 11.987 3.93075 12.244 4.25093 12.244H4.63743C4.95762 12.244 5.21719 11.987 5.21719 11.6701C5.21719 11.3531 4.95762 11.0961 4.63743 11.0961H4.25093ZM3.67118 8.60985C3.67118 8.29287 3.93075 8.03591 4.25093 8.03591H4.63743C4.95762 8.03591 5.21719 8.29287 5.21719 8.60985C5.21719 8.92684 4.95762 9.1838 4.63743 9.1838H4.25093C3.93075 9.1838 3.67118 8.92684 3.67118 8.60985ZM4.25093 14.157C3.93075 14.157 3.67118 14.414 3.67118 14.731C3.67118 15.0479 3.93075 15.3049 4.25093 15.3049H4.63743C4.95762 15.3049 5.21719 15.0479 5.21719 14.731C5.21719 14.414 4.95762 14.157 4.63743 14.157H4.25093Z" fill="#EB0203"></path>
                    <path fill-rule="evenodd" clip-rule="evenodd" d="M14.6252 13.6363C13.4918 12.6215 11.7817 12.5264 10.6569 13.4792C9.12421 14.7764 9.34841 16.8912 10.4409 18.0122L14.0159 21.6742C14.2197 21.8832 14.4928 22 14.7822 22C15.0737 22 15.3448 21.8852 15.5486 21.6762L19.1236 18.0142C20.214 16.8933 20.4423 14.7785 18.9075 13.4792C17.7827 12.5283 16.0724 12.6217 14.9391 13.6365C14.8855 13.6845 14.8331 13.7345 14.7822 13.7866C14.7313 13.7345 14.6789 13.6843 14.6252 13.6363ZM18.1546 14.3522C19.0973 15.1508 18.9962 16.4896 18.2891 17.2173C18.2888 17.2175 18.2886 17.2177 18.2884 17.218L14.7832 20.8084L11.2753 17.2151C11.2752 17.215 11.2751 17.2149 11.2749 17.2148C10.5677 16.4887 10.4678 15.1495 11.4104 14.3518L11.4108 14.3514C12.0745 13.7892 13.2018 13.82 13.9488 14.5846L14.7822 15.4378L15.6157 14.5846C16.3617 13.8211 17.4896 13.79 18.1545 14.3521" fill="#EB0203"></path>
                    </svg>
                    <svg class="inactive-content" width="100%" height="100%" viewBox="0 0 20 23" fill="none" xmlns="http://www.w3.org/2000/svg">
                    <path fill-rule="evenodd" clip-rule="evenodd" d="M6.18408 5.77914C6.18408 5.46223 6.44363 5.20532 6.7638 5.20532H12.3678C12.6879 5.20532 12.9475 5.46223 12.9475 5.77914C12.9475 6.09606 12.6879 6.35297 12.3678 6.35297H6.7638C6.44363 6.35297 6.18408 6.09606 6.18408 5.77914Z" fill="#EB0203"></path>
                    <path fill-rule="evenodd" clip-rule="evenodd" d="M6.18408 11.9034C6.18408 11.5865 6.44363 11.3296 6.7638 11.3296H12.3678C12.6879 11.3296 12.9475 11.5865 12.9475 11.9034C12.9475 12.2202 12.6879 12.4771 12.3678 12.4771H6.7638C6.44363 12.4771 6.18408 12.2202 6.18408 11.9034Z" fill="#EB0203"></path>
                    <path fill-rule="evenodd" clip-rule="evenodd" d="M6.18408 8.84116C6.18408 8.52424 6.44363 8.26733 6.7638 8.26733H12.3678C12.6879 8.26733 12.9475 8.52424 12.9475 8.84116C12.9475 9.15807 12.6879 9.41498 12.3678 9.41498H6.7638C6.44363 9.41498 6.18408 9.15807 6.18408 8.84116Z" fill="#EB0203"></path>
                    <path fill-rule="evenodd" clip-rule="evenodd" d="M6.18408 14.9655C6.18408 14.6486 6.44363 14.3917 6.7638 14.3917H10.1455C10.4657 14.3917 10.7252 14.6486 10.7252 14.9655C10.7252 15.2825 10.4657 15.5394 10.1455 15.5394H6.7638C6.44363 15.5394 6.18408 15.2825 6.18408 14.9655Z" fill="#EB0203"></path>
                    <path fill-rule="evenodd" clip-rule="evenodd" d="M3.67139 5.77914C3.67139 5.46223 3.93094 5.20532 4.25111 5.20532H4.63759C4.95776 5.20532 5.21731 5.46223 5.21731 5.77914C5.21731 6.09606 4.95776 6.35297 4.63759 6.35297H4.25111C3.93094 6.35297 3.67139 6.09606 3.67139 5.77914Z" fill="#EB0203"></path>
                    <path fill-rule="evenodd" clip-rule="evenodd" d="M3.67139 11.9034C3.67139 11.5865 3.93094 11.3296 4.25111 11.3296H4.63759C4.95776 11.3296 5.21731 11.5865 5.21731 11.9034C5.21731 12.2202 4.95776 12.4771 4.63759 12.4771H4.25111C3.93094 12.4771 3.67139 12.2202 3.67139 11.9034Z" fill="#EB0203"></path>
                    <path fill-rule="evenodd" clip-rule="evenodd" d="M3.67139 8.84116C3.67139 8.52424 3.93094 8.26733 4.25111 8.26733H4.63759C4.95776 8.26733 5.21731 8.52424 5.21731 8.84116C5.21731 9.15807 4.95776 9.41498 4.63759 9.41498H4.25111C3.93094 9.41498 3.67139 9.15807 3.67139 8.84116Z" fill="#EB0203"></path>
                    <path fill-rule="evenodd" clip-rule="evenodd" d="M3.67139 14.9655C3.67139 14.6486 3.93094 14.3917 4.25111 14.3917H4.63759C4.95776 14.3917 5.21731 14.6486 5.21731 14.9655C5.21731 15.2825 4.95776 15.5394 4.63759 15.5394H4.25111C3.93094 15.5394 3.67139 15.2825 3.67139 14.9655Z" fill="#EB0203"></path>
                    <path fill-rule="evenodd" clip-rule="evenodd" d="M0 1.76033C0 0.914738 0.692131 0.229248 1.54592 0.229248H15.0727C15.9265 0.229248 16.6186 0.914738 16.6186 1.76033V11.2818C16.6186 11.5989 16.3591 11.8559 16.0389 11.8559C15.7187 11.8559 15.4592 11.5989 15.4592 11.2818V1.76033C15.4592 1.54893 15.2862 1.37756 15.0727 1.37756H1.54592C1.33247 1.37756 1.15944 1.54893 1.15944 1.76033V18.985C1.15944 19.1964 1.33247 19.3678 1.54592 19.3678H9.27551C9.59568 19.3678 9.85523 19.6249 9.85523 19.942C9.85523 20.2591 9.59568 20.5161 9.27551 20.5161H1.54592C0.692131 20.5161 0 19.8306 0 18.985V1.76033Z" fill="#EB0203"></path>
                    <path fill-rule="evenodd" clip-rule="evenodd" d="M14.6254 13.8718C13.4921 12.8567 11.7821 12.7615 10.6574 13.7147C9.12472 15.0124 9.34891 17.128 10.4413 18.2493L14.0161 21.9126C14.2199 22.1217 14.493 22.2386 14.7824 22.2386C15.0739 22.2386 15.3449 22.1238 15.5487 21.9147L19.1235 18.2514C20.2139 17.13 20.4422 15.0144 18.9075 13.7147C17.7827 12.7634 16.0726 12.8569 14.9392 13.872C14.8856 13.92 14.8333 13.9701 14.7824 14.0222C14.7314 13.97 14.6791 13.9199 14.6254 13.8718ZM18.1546 14.588C19.0972 15.3869 18.9961 16.7262 18.2891 17.4541C18.2888 17.4543 18.2886 17.4546 18.2884 17.4548L14.7834 21.0466L11.2757 17.452C11.2756 17.4519 11.2755 17.4517 11.2753 17.4516C10.5681 16.7252 10.4682 15.3856 11.4108 14.5876L11.4112 14.5872C12.0748 14.0248 13.202 14.0556 13.949 14.8205L14.7824 15.674L15.6158 14.8205C16.3618 14.0567 17.4896 14.0256 18.1545 14.5879" fill="#EB0203"></path>
                    </svg>
                    </button>
                    </div>
                    </div>
                    <p class="ct-tile--brand">Agros</p>
                    <p class="ct-tile--quantity">emb. 8 x 200 ml</p>
                    </div>
                    <div class="ct-tile-bottom row no-gutters justify-content-between">
                    <div class="ct-price-wrap col-8 col-sm-12">
                    <div class="price js-product-price">
                    <div class="prices-wrapper">
                    <span class="sales ct-tile--price-primary ">
                    <span class="value" content="3.19">
                    <span class="ct-price-formatted">
                    €3,19
                    </span>
                    <span class="ct-m-unit">
                    /un
                    </span>
                    </span>
                    </span>
                    </div>
                    <div class="ct-tile--price-secondary">
                    <span class="ct-price-value">
                    €1,99
                    </span>
                    <span class="ct-m-unit">
                    /lt
                    </span>
                    </div>
                    </div>
                    </div>
                    <div class="ct-tile-buy-section d-flex justify-content-center no-gutters col-auto col-sm-12">
                    <div class="col-2 d-sm-flex d-none">
                    <button class="wishlist-toggler guest-mode inactive button button--tertiary" data-pid="5499368" data-add-url="https://www.continente.pt/on/demandware.store/Sites-continente-Site/default/Wishlist-AddProduct?pid=5499368" data-toggle="tooltip" aria-label="Adicionar aos favoritos " data-original-title="Adicionar aos favoritos" data-placement="top">
                    <svg class="active-content" width="100%" height="100%" viewBox="0 0 20 22" fill="none" xmlns="http://www.w3.org/2000/svg">
                    <path fill-rule="evenodd" clip-rule="evenodd" d="M0 1.53052C0 0.685236 0.692171 0 1.54601 0H15.0736C15.9274 0 16.6196 0.685235 16.6196 1.53052V13.4064L15.8127 13.922L14.2658 14.2658L12.7189 13.4064L10.6054 14.3818C10.4994 14.2451 10.3327 14.157 10.1452 14.157H6.76329C6.4431 14.157 6.18354 14.414 6.18354 14.731C6.18354 15.0479 6.4431 15.3049 6.76329 15.3049H10.1452C10.2478 15.3049 10.3441 15.2785 10.4277 15.2322L10.3126 16.8439L13.2345 20.2793H1.54601C0.69217 20.2793 0 19.5941 0 18.7488V1.53052ZM6.18354 5.5483C6.18354 5.23132 6.4431 4.97436 6.76329 4.97436H12.3676C12.6878 4.97436 12.9473 5.23132 12.9473 5.5483C12.9473 5.86528 12.6878 6.12224 12.3676 6.12224H6.76329C6.4431 6.12224 6.18354 5.86528 6.18354 5.5483ZM6.76329 11.0961C6.4431 11.0961 6.18354 11.3531 6.18354 11.6701C6.18354 11.987 6.4431 12.244 6.76329 12.244H12.3676C12.6878 12.244 12.9473 11.987 12.9473 11.6701C12.9473 11.3531 12.6878 11.0961 12.3676 11.0961H6.76329ZM6.18354 8.60985C6.18354 8.29287 6.4431 8.03591 6.76329 8.03591H12.3676C12.6878 8.03591 12.9473 8.29287 12.9473 8.60985C12.9473 8.92684 12.6878 9.1838 12.3676 9.1838H6.76329C6.4431 9.1838 6.18354 8.92684 6.18354 8.60985ZM3.67118 5.5483C3.67118 5.23132 3.93075 4.97436 4.25093 4.97436H4.63743C4.95762 4.97436 5.21719 5.23132 5.21719 5.5483C5.21719 5.86528 4.95762 6.12224 4.63743 6.12224H4.25093C3.93075 6.12224 3.67118 5.86528 3.67118 5.5483ZM4.25093 11.0961C3.93075 11.0961 3.67118 11.3531 3.67118 11.6701C3.67118 11.987 3.93075 12.244 4.25093 12.244H4.63743C4.95762 12.244 5.21719 11.987 5.21719 11.6701C5.21719 11.3531 4.95762 11.0961 4.63743 11.0961H4.25093ZM3.67118 8.60985C3.67118 8.29287 3.93075 8.03591 4.25093 8.03591H4.63743C4.95762 8.03591 5.21719 8.29287 5.21719 8.60985C5.21719 8.92684 4.95762 9.1838 4.63743 9.1838H4.25093C3.93075 9.1838 3.67118 8.92684 3.67118 8.60985ZM4.25093 14.157C3.93075 14.157 3.67118 14.414 3.67118 14.731C3.67118 15.0479 3.93075 15.3049 4.25093 15.3049H4.63743C4.95762 15.3049 5.21719 15.0479 5.21719 14.731C5.21719 14.414 4.95762 14.157 4.63743 14.157H4.25093Z" fill="#EB0203"></path>
                    <path fill-rule="evenodd" clip-rule="evenodd" d="M14.6252 13.6363C13.4918 12.6215 11.7817 12.5264 10.6569 13.4792C9.12421 14.7764 9.34841 16.8912 10.4409 18.0122L14.0159 21.6742C14.2197 21.8832 14.4928 22 14.7822 22C15.0737 22 15.3448 21.8852 15.5486 21.6762L19.1236 18.0142C20.214 16.8933 20.4423 14.7785 18.9075 13.4792C17.7827 12.5283 16.0724 12.6217 14.9391 13.6365C14.8855 13.6845 14.8331 13.7345 14.7822 13.7866C14.7313 13.7345 14.6789 13.6843 14.6252 13.6363ZM18.1546 14.3522C19.0973 15.1508 18.9962 16.4896 18.2891 17.2173C18.2888 17.2175 18.2886 17.2177 18.2884 17.218L14.7832 20.8084L11.2753 17.2151C11.2752 17.215 11.2751 17.2149 11.2749 17.2148C10.5677 16.4887 10.4678 15.1495 11.4104 14.3518L11.4108 14.3514C12.0745 13.7892 13.2018 13.82 13.9488 14.5846L14.7822 15.4378L15.6157 14.5846C16.3617 13.8211 17.4896 13.79 18.1545 14.3521" fill="#EB0203"></path>
                    </svg>
                    <svg class="inactive-content" width="100%" height="100%" viewBox="0 0 20 23" fill="none" xmlns="http://www.w3.org/2000/svg">
                    <path fill-rule="evenodd" clip-rule="evenodd" d="M6.18408 5.77914C6.18408 5.46223 6.44363 5.20532 6.7638 5.20532H12.3678C12.6879 5.20532 12.9475 5.46223 12.9475 5.77914C12.9475 6.09606 12.6879 6.35297 12.3678 6.35297H6.7638C6.44363 6.35297 6.18408 6.09606 6.18408 5.77914Z" fill="#EB0203"></path>
                    <path fill-rule="evenodd" clip-rule="evenodd" d="M6.18408 11.9034C6.18408 11.5865 6.44363 11.3296 6.7638 11.3296H12.3678C12.6879 11.3296 12.9475 11.5865 12.9475 11.9034C12.9475 12.2202 12.6879 12.4771 12.3678 12.4771H6.7638C6.44363 12.4771 6.18408 12.2202 6.18408 11.9034Z" fill="#EB0203"></path>
                    <path fill-rule="evenodd" clip-rule="evenodd" d="M6.18408 8.84116C6.18408 8.52424 6.44363 8.26733 6.7638 8.26733H12.3678C12.6879 8.26733 12.9475 8.52424 12.9475 8.84116C12.9475 9.15807 12.6879 9.41498 12.3678 9.41498H6.7638C6.44363 9.41498 6.18408 9.15807 6.18408 8.84116Z" fill="#EB0203"></path>
                    <path fill-rule="evenodd" clip-rule="evenodd" d="M6.18408 14.9655C6.18408 14.6486 6.44363 14.3917 6.7638 14.3917H10.1455C10.4657 14.3917 10.7252 14.6486 10.7252 14.9655C10.7252 15.2825 10.4657 15.5394 10.1455 15.5394H6.7638C6.44363 15.5394 6.18408 15.2825 6.18408 14.9655Z" fill="#EB0203"></path>
                    <path fill-rule="evenodd" clip-rule="evenodd" d="M3.67139 5.77914C3.67139 5.46223 3.93094 5.20532 4.25111 5.20532H4.63759C4.95776 5.20532 5.21731 5.46223 5.21731 5.77914C5.21731 6.09606 4.95776 6.35297 4.63759 6.35297H4.25111C3.93094 6.35297 3.67139 6.09606 3.67139 5.77914Z" fill="#EB0203"></path>
                    <path fill-rule="evenodd" clip-rule="evenodd" d="M3.67139 11.9034C3.67139 11.5865 3.93094 11.3296 4.25111 11.3296H4.63759C4.95776 11.3296 5.21731 11.5865 5.21731 11.9034C5.21731 12.2202 4.95776 12.4771 4.63759 12.4771H4.25111C3.93094 12.4771 3.67139 12.2202 3.67139 11.9034Z" fill="#EB0203"></path>
                    <path fill-rule="evenodd" clip-rule="evenodd" d="M3.67139 8.84116C3.67139 8.52424 3.93094 8.26733 4.25111 8.26733H4.63759C4.95776 8.26733 5.21731 8.52424 5.21731 8.84116C5.21731 9.15807 4.95776 9.41498 4.63759 9.41498H4.25111C3.93094 9.41498 3.67139 9.15807 3.67139 8.84116Z" fill="#EB0203"></path>
                    <path fill-rule="evenodd" clip-rule="evenodd" d="M3.67139 14.9655C3.67139 14.6486 3.93094 14.3917 4.25111 14.3917H4.63759C4.95776 14.3917 5.21731 14.6486 5.21731 14.9655C5.21731 15.2825 4.95776 15.5394 4.63759 15.5394H4.25111C3.93094 15.5394 3.67139 15.2825 3.67139 14.9655Z" fill="#EB0203"></path>
                    <path fill-rule="evenodd" clip-rule="evenodd" d="M0 1.76033C0 0.914738 0.692131 0.229248 1.54592 0.229248H15.0727C15.9265 0.229248 16.6186 0.914738 16.6186 1.76033V11.2818C16.6186 11.5989 16.3591 11.8559 16.0389 11.8559C15.7187 11.8559 15.4592 11.5989 15.4592 11.2818V1.76033C15.4592 1.54893 15.2862 1.37756 15.0727 1.37756H1.54592C1.33247 1.37756 1.15944 1.54893 1.15944 1.76033V18.985C1.15944 19.1964 1.33247 19.3678 1.54592 19.3678H9.27551C9.59568 19.3678 9.85523 19.6249 9.85523 19.942C9.85523 20.2591 9.59568 20.5161 9.27551 20.5161H1.54592C0.692131 20.5161 0 19.8306 0 18.985V1.76033Z" fill="#EB0203"></path>
                    <path fill-rule="evenodd" clip-rule="evenodd" d="M14.6254 13.8718C13.4921 12.8567 11.7821 12.7615 10.6574 13.7147C9.12472 15.0124 9.34891 17.128 10.4413 18.2493L14.0161 21.9126C14.2199 22.1217 14.493 22.2386 14.7824 22.2386C15.0739 22.2386 15.3449 22.1238 15.5487 21.9147L19.1235 18.2514C20.2139 17.13 20.4422 15.0144 18.9075 13.7147C17.7827 12.7634 16.0726 12.8569 14.9392 13.872C14.8856 13.92 14.8333 13.9701 14.7824 14.0222C14.7314 13.97 14.6791 13.9199 14.6254 13.8718ZM18.1546 14.588C19.0972 15.3869 18.9961 16.7262 18.2891 17.4541C18.2888 17.4543 18.2886 17.4546 18.2884 17.4548L14.7834 21.0466L11.2757 17.452C11.2756 17.4519 11.2755 17.4517 11.2753 17.4516C10.5681 16.7252 10.4682 15.3856 11.4108 14.5876L11.4112 14.5872C12.0748 14.0248 13.202 14.0556 13.949 14.8205L14.7824 15.674L15.6158 14.8205C16.3618 14.0567 17.4896 14.0256 18.1545 14.5879" fill="#EB0203"></path>
                    </svg>
                    </button>
                    </div>
                    <div class="col-sm-10 col-12">
                    <div class="ct-tile-quantity d-none" data-pid="5499368">
                    <input type="hidden" class="add-to-cart-url" value="https://www.continente.pt/on/demandware.store/Sites-continente-Site/default/Cart-AddProduct">
                    <div class="d-none tile-delete-confirmation-btn" data-pid="5499368" data-delay-time="3000" data-in-cart-msg="no carrinho" data-one-product-added="Adicionado ao carrinho" data-remove-from-cart-msg="Removido do carrinho" data-stay-open="6000.0" data-confirmation-image="{&quot;url&quot;:&quot;https://www.continente.pt/dw/image/v2/BDVS_PRD/on/demandware.static/-/Sites-col-master-catalog/default/dw55d18990/images/col/549/5499368-frente.jpg?sw=87&amp;sh=80&quot;,&quot;fallbackimage&quot;:{&quot;url&quot;:&quot;https://www.continente.pt/dw/image/v2/BDVS_PRD/on/demandware.static/Sites-continente-Site/-/default/dw7c42b4da/images/noimagelarge_product.png?sw=87&amp;sh=80&quot;,&quot;title&quot;:&quot;Leite Achocolatado&quot;,&quot;alt&quot;:&quot;Leite Achocolatado&quot;},&quot;title&quot;:&quot;Leite Achocolatado&quot;,&quot;alt&quot;:&quot;Leite Achocolatado&quot;}"></div>
                    <div class="ct-tile-quantity-update quantity-update product-qty-vue" data-remove-action="https://www.continente.pt/on/demandware.store/Sites-continente-Site/default/Cart-RemoveProductLineItem" data-action="https://www.continente.pt/on/demandware.store/Sites-continente-Site/default/Cart-UpdateQuantity" data-dimension-update="https://www.continente.pt/on/demandware.store/Sites-continente-Site/default/Cart-DimensionUpdate" data-pid="5499368" data-uuid="bc88e9c5796849591b0a32e635" data-add-delay="500.0" data-measure-options="{&quot;hasConversionRate&quot;:false,&quot;hasAlternativeSaleUnit&quot;:false,&quot;unitConversionRate&quot;:0,&quot;minOrderQuantity&quot;:1,&quot;stepQuantity&quot;:1,&quot;primaryunit&quot;:&quot;un&quot;,&quot;secondaryunit&quot;:&quot;lt&quot;,&quot;selectedunit&quot;:&quot;primary&quot;,&quot;maxNumberOfUnitsPerSale&quot;:54}" data-price-available="null" :data-has-error="isMaxQtyReached || isMinQtyReached || qtySelectedMoreThanOne">
                    <template v-show="prodUnits">
                    <div class="quantity-input-wrapper has-units">
                    <label class="visually-hidden" :for="'quantity-' + pid + additionalTag">
                    Quantidade no carrinho
                    </label>
                    <input :ref="'quantityInput-' + pid + additionalTag" class="add-to-cart-quantity form-control ct-form-input text-center" inputmode="numeric" :class="{'is-invalid': isInvalid}" :data-pid="pid + additionalTag" :name="'quantity-' + pid + additionalTag" type="text" aria-label="Insira a quantidade" title="" v-model="displayValue" @change="updateQuantity" @focus="updateQtyFormat" @blur="restoreQtyFormat" :disabled="!isPriceAvailable">
                    <span class="quantity-icon quantity-icon--minus">
                    <button class="decrease-quantity-btn" @click="updateQuantity" :disabled="!isPriceAvailable" role="button" aria-label="Reduzir quantidade">
                    <i class="css-math-minus"></i>
                    </button>
                    </span>
                    <span class="quantity-icon quantity-icon--plus">
                    <button class="increase-quantity-btn" @click="updateQuantity" :disabled="isMaxQtyReached || !isPriceAvailable" role="button" aria-label="Aumentar quantidade">
                    <i class="css-math-plus"></i>
                    </button>
                    <span class="quantity-btn-disabled-placeholder"></span>
                    </span>
                    <template v-if="isPDP">
                    <span class="quantity-error ct-span-error text-sm-center product-max-allocation" v-if="isMaxQtyReached">
                    Quantidade máxima atingida
                    </span>
                    <span class="quantity-error ct-span-product text-sm-center product-allocation" v-if="!isMinQtyReached &amp;&amp; !isMaxQtyReached">
                    {{quantitySelected}} no carrinho
                    </span>
                    <span class="quantity-error ct-span-error text-sm-center product-min-allocation" :data-pid="pid" v-if="isMinQtyReached &amp;&amp; !isMaxQtyReached">
                    Quantidade mínima atingida
                    </span>
                    </template>
                    </div>
                    <template v-if="showNotes">
                    <div class="add-note-link-container ">
                    <div class="add-note">
                    <a href="/produto/leite-achocolatado-agros-5499368.html?showNote=true" class="ct-add-note-redirect-pdp" aria-label="Adicionar comentário">
                    <span class="svg-wrapper svg-icon-notes" style="width:19px; height:20px">
                    <svg class="svg-inline icon-notes" viewBox="0 0 28 30" xmlns="http://www.w3.org/2000/svg" width="100%" height="100%"><path d="M21.738 0C22.985 0 24 1.04 24 2.319V12.47c0 .469-.37.848-.828.848-.457 0-.827-.38-.827-.848V2.32c0-.343-.273-.622-.607-.622H2.262c-.334 0-.607.279-.607.622V27.68c0 .343.273.622.607.622h7.81c.457 0 .827.38.827.849 0 .468-.37.848-.827.848h-7.81C1.015 30 0 28.96 0 27.681V2.32C0 1.04 1.015 0 2.262 0h19.476zm2.844 16.004l.227.007c.823.053 1.589.39 2.176.964.64.627.993 1.46.993 2.349 0 .888-.353 1.722-.993 2.348l-6.83 6.665c-.11.108-.247.186-.397.226l-5.032 1.363c-.078.021-.16.032-.241.032-.242 0-.478-.097-.647-.266-.23-.231-.314-.566-.218-.874l1.49-4.798c.044-.139.122-.266.227-.369l6.844-6.677c.64-.625 1.493-.97 2.401-.97zm-2.886 3.94l-4.922 4.802-.947 3.048 3.22-.872 4.897-4.78-2.248-2.197zm2.887-2.174c-.425 0-.824.162-1.124.455l-.484.472 2.248 2.197.484-.472c.62-.606.62-1.591 0-2.197l-.117-.104c-.283-.227-.636-.35-1.007-.35zm-10.839.022c.498 0 .904.396.904.883 0 .488-.406.884-.904.884H5.946c-.499 0-.904-.396-.904-.884 0-.487.405-.883.904-.883zm5.042-4.876c.498 0 .904.397.904.884s-.406.884-.904.884H5.946c-.499 0-.904-.397-.904-.884s.405-.884.904-.884zm0-4.875c.498 0 .904.396.904.884 0 .487-.406.883-.904.883H5.946c-.499 0-.904-.396-.904-.883 0-.488.405-.884.904-.884z" fill="#EB0203" fill-rule="evenodd"></path></svg>
                    </span>
                    <div class="available-note d-none"></div>
                    </a>
                    </div>
                    </div>
                    </template>
                    <div class="measurement-unit-section" v-if="isPriceAvailable &amp;&amp; prodUnits ? prodUnits.hasAlternativeUnit : false">
                    <div class="ct-form-radio" @click="setDimension">
                    <input type="radio" title="" class="ct-form-check-input product-measurement-unit" :data-type="prodUnits.selectedUnit == prodUnits.secondaryUnit ? 'primary' : ''" :id="prodUnits.secondaryUnit + '-' + pid + '-measurement-unit-ptile' + additionalTag" :name="'measurement-unit-' + pid + '-ptile' + additionalTag" :value="prodUnits.secondaryUnit" v-model="prodUnits.selectedUnit">
                    <label :class="prodUnits.secondaryUnit + '-label ct-form-check-label mb-0'" :for="prodUnits.secondaryUnit + '-' + pid + '-measurement-unit-ptile' + additionalTag">
                    {{prodUnits.secondaryUnit}}
                    </label>
                    <span class="checkmark"></span>
                    </div>
                    <div class="ct-form-radio" @click="setDimension">
                    <input type="radio" title="" class="ct-form-check-input product-measurement-unit" :data-type="prodUnits.selectedUnit == prodUnits.primaryUnit ? 'primary' : ''" :id="prodUnits.primaryUnit + '-' + pid + '-measurement-unit-ptile' + additionalTag" :name="'measurement-unit-' + pid + '-ptile' + additionalTag" :value="prodUnits.primaryUnit" v-model="prodUnits.selectedUnit">
                    <label :class="prodUnits.primaryUnit + '-label ct-form-check-label mb-0'" :for="prodUnits.primaryUnit + '-' + pid + '-measurement-unit-ptile' + additionalTag">
                    {{prodUnits.primaryUnit}}
                    </label>
                    <span class="checkmark"></span>
                    </div>
                    </div>
                    <template v-if="!isPDP &amp;&amp; isPriceAvailable">
                    <span class="quantity-error ct-span-error product-max-allocation" v-if="isMaxQtyReached">
                    Quantidade máxima atingida
                    </span>
                    <span class="quantity-error ct-span-product product-allocation" v-if="!isMinQtyReached &amp;&amp; !isMaxQtyReached">
                    {{quantitySelected}} no carrinho
                    </span>
                    <span class="quantity-error ct-span-error product-min-allocation" :data-pid="pid" v-if="isMinQtyReached &amp;&amp; !isMaxQtyReached">
                    Quantidade mínima atingida
                    </span>
                    </template>
                    </template>
                    </div>
                    <input class="quantity-value-mask d-none" name="quantity" type="number" min="0" value="">
                    </div>
                    <button type="button" class="add-to-cart button js-add-to-cart js-add-to-cart-tile 5499368 button--primary dynamic-layout-btn" data-toggle="modal" data-target="#chooseBonusProductModal" data-pid="5499368" data-quantity-value="null" aria-label="Carrinho">
                    <span class="d-block d-sm-none">
                    <span class="svg-wrapper svg-icon-cart" style="width:20px; height:20px">
                    <svg class="svg-inline icon-cart" xmlns="http://www.w3.org/2000/svg" viewBox="0 0 500 500" width="100%" height="100%"><path fill="#EB0203" fill-rule="evenodd" d="M 485.67317,94.386311 C 476.37798,83.847129 463.09468,78.03348 448.30404,78.03348 H 90.690813 L 87.079511,51.327997 C 83.185582,22.539551 62.962285,0 41.011841,0 H 14.727836 C 6.563151,0 0,6.5286975 0,14.580758 c 0,8.05206 6.5945535,14.580758 14.727836,14.580758 h 26.284005 c 4.710398,0 14.696435,9.855222 16.894619,26.021523 L 100.01739,368.0631 c 1.88416,13.77244 9.01256,26.70549 20.1605,36.37417 8.25889,7.15046 18.02511,11.9071 28.26237,13.89679 -4.17655,7.58572 -6.53175,16.25957 -6.53175,25.493 0,29.53459 24.27424,53.59751 54.13815,53.59751 29.8325,0 54.13814,-24.03184 54.13814,-53.59751 0,-8.79818 -2.19818,-17.09897 -5.9979,-24.43598 h 77.12488 c -3.79973,7.33701 -5.96652,15.6378 -5.96652,24.43598 0,29.53459 24.27424,53.59751 54.13817,53.59751 29.83249,0 54.13814,-24.03184 54.13814,-53.59751 0,-8.79818 -2.1982,-17.09897 -5.9979,-24.43598 h 38.56243 c 8.13328,0 14.72783,-6.5287 14.72783,-14.61183 0,-8.02098 -6.59455,-14.54967 -14.72783,-14.54967 H 159.24277 c -14.38241,0 -28.13677,-11.90711 -30.02092,-26.02153 l -3.07746,-22.88154 h 290.6314 c 14.03698,0 27.94834,-5.28513 39.06488,-14.95381 11.11652,-9.6376 18.27632,-22.57065 20.16048,-36.37417 l 21.10259,-156.78201 c 1.94694,-14.51858 -2.10398,-28.29103 -11.43057,-38.861299 z M 220.76053,443.82706 c 0,13.49265 -11.08513,24.46709 -24.68247,24.46709 -13.62874,0 -24.71387,-10.97444 -24.71387,-24.46709 0,-13.49262 11.08513,-24.43598 24.71387,-24.43598 13.59734,0 24.68247,10.94336 24.68247,24.43598 z m 173.43675,0 c 0,13.49265 -11.08512,24.46709 -24.68245,24.46709 -13.62876,0 -24.71388,-10.97444 -24.71388,-24.46709 0,-13.49262 11.08512,-24.43598 24.71388,-24.43598 13.59733,0 24.68245,10.94336 24.68245,24.43598 z m 73.7648,-314.46558 -21.13397,156.782 c -1.88416,14.11442 -15.63851,26.05261 -30.02091,26.05261 H 122.25046 L 94.616142,107.19499 H 448.33544 c 6.18632,0 11.61896,2.2695 15.23028,6.37326 3.64269,4.13484 5.21283,9.73086 4.39636,15.79323 z"></path></svg>
                    </span>
                    </span>
                    <span class="add-to-cart--text d-none d-sm-block">Carrinho</span>
                    </button>
                    </div>
                    </div>
                    </div>
                    </div>
                    
                    <div class="col-12 d-sm-none">
                    </div>
                    </div>
                    </div>
                    </div>
                    </div>
                    <div class="col-12 col-sm-3 col-lg-2 productTile" data-idx="23">
                    
                    <script type="text/javascript">//<!--
                    /* <![CDATA[ */
                    (function(){
                    try {
                        if(window.CQuotient) {
                        var cq_params = {};
                        
                        cq_params.cookieId = window.CQuotient.getCQCookieId();
                        cq_params.userId = window.CQuotient.getCQUserId();
                        cq_params.emailId = CQuotient.getCQHashedEmail();
                        cq_params.loginId = CQuotient.getCQHashedLogin();
                        cq_params.accumulate = true;
                        cq_params.products = [{
                            id: '6805484',
                            sku: ''
                        }];
                        cq_params.categoryId = 'laticinios';
                        cq_params.refinements = '[{\"name\":\"priceMin\",\"value\":\"0.01\"},{\"name\":\"priceMax\",\"value\":\"null\"},{\"name\":\"curr\",\"value\":\"EUR\"},{\"name\":\"Category\",\"value\":\"laticinios\"}]';
                        cq_params.personalized = 'false';
                        cq_params.sortingRule = 'FOOD-Laticinios';
                        cq_params.imageUUID = '__UNDEFINED__';
                        cq_params.realm = "BDVS";
                        cq_params.siteId = "continente";
                        cq_params.instanceType = "prd";
                        cq_params.queryLocale = "default";
                        cq_params.locale = window.CQuotient.locale;
                        
                        if(window.CQuotient.sendActivity)
                            window.CQuotient.sendActivity(CQuotient.clientId, 'viewCategory', cq_params);
                        else
                            window.CQuotient.activities.push({
                                activityType: 'viewCategory',
                                parameters: cq_params
                            });
                      }
                    } catch(err) {}
                    })();
                    /* ]]> */
                    // -->
                    </script>
                    <script type="text/javascript">//<!--
                    /* <![CDATA[ (viewCategoryProduct-active_data.js) */
                    (function(){
                    try {
                        if (dw.ac) {
                            var search_params = {};
                            search_params.persd = 'false';
                            search_params.refs = '[{\"name\":\"priceMin\",\"value\":\"0.01\"},{\"name\":\"priceMax\",\"value\":\"null\"},{\"name\":\"curr\",\"value\":\"EUR\"},{\"name\":\"Category\",\"value\":\"laticinios\"}]';
                            search_params.sort = 'FOOD-Laticinios';
                            search_params.imageUUID = '';
                            search_params.searchID = 'ff60679a-0a42-4d90-af85-afdcdfaee427';
                            search_params.locale = 'default';
                            search_params.queryLocale = 'default';
                            search_params.showProducts = 'true';
                            dw.ac.applyContext({category: "laticinios", searchData: search_params});
                            if (typeof dw.ac._scheduleDataSubmission === "function") {
                                dw.ac._scheduleDataSubmission();
                            }
                        }
                    } catch(err) {}
                    })();
                    /* ]]> */
                    // -->
                    </script>
                    <script type="text/javascript">//<!--
                    /* <![CDATA[ (viewProduct-active_data.js) */
                    dw.ac._capture({id: "6805484", type: "searchhit"});
                    /* ]]> */
                    // -->
                    </script>
                    <div class="product" data-pid="6805484">
                    <div class="product-tile pid-6805484 ct-product-tile data-layer-pushed" data-delay-time="3000" data-variants-mapping="[]" data-in-cart-msg="no carrinho" data-one-product-added="Adicionado ao carrinho" data-remove-from-cart-msg="Removido do carrinho" data-stay-open="6000.0" data-product-tile-impression="{&quot;name&quot;:&quot;6805484&quot;,&quot;id&quot;:&quot;6805484&quot;,&quot;price&quot;:1.39,&quot;brand&quot;:&quot;Continente&quot;,&quot;category&quot;:[{&quot;category_level_1&quot;:&quot;Laticínios e Ovos&quot;},{&quot;category_level_2&quot;:&quot;Ovos&quot;}],&quot;variant&quot;:&quot;&quot;}">
                    <div class="ct-inner-tile-wrap row no-gutters justify-content-center align-content-start">
                    
                    <div class="ct-image-container col-4 col-sm" data-confirmation-image="{&quot;url&quot;:&quot;https://www.continente.pt/dw/image/v2/BDVS_PRD/on/demandware.static/-/Sites-col-master-catalog/default/dw8b1dd344/images/col/680/6805484-hero.jpg?sw=87&amp;sh=80&quot;,&quot;fallbackimage&quot;:{&quot;url&quot;:&quot;https://www.continente.pt/dw/image/v2/BDVS_PRD/on/demandware.static/Sites-continente-Site/-/default/dw7c42b4da/images/noimagelarge_product.png?sw=87&amp;sh=80&quot;,&quot;title&quot;:&quot;Ovos Ar Livre Classe M/L&quot;,&quot;alt&quot;:&quot;Ovos Ar Livre Classe M/L&quot;},&quot;title&quot;:&quot;Ovos Ar Livre Classe M/L&quot;,&quot;alt&quot;:&quot;Ovos Ar Livre Classe M/L&quot;}">
                    <a href="https://www.continente.pt/produto/ovos-ar-livre-classe-m-l-continente-6805484.html?cgid=laticinios">
                    <picture class="intrinsic intrinsic--square">
                    <img class="ct-tile-image lazyloaded" loading="lazy" onerror="this.onerror=null;this.src='/on/demandware.static/Sites-continente-Site/-/default/dw7c42b4da/images/noimagelarge_product.png';" data-src="https://www.continente.pt/dw/image/v2/BDVS_PRD/on/demandware.static/-/Sites-col-master-catalog/default/dw8b1dd344/images/col/680/6805484-hero.jpg?sw=280&amp;sh=280" alt="Ovos Ar Livre Classe M/L" title="Ovos Ar Livre Classe M/L" src="https://www.continente.pt/dw/image/v2/BDVS_PRD/on/demandware.static/-/Sites-col-master-catalog/default/dw8b1dd344/images/col/680/6805484-hero.jpg?sw=280&amp;sh=280">
                    </picture>
                    </a>
                    <div class=" ct-product-tile-badge ct-product-tile-badge--general">
                    <img class="img-fluid ct-tooltip-trigger lazyloaded" loading="lazy" data-src="https://www.continente.pt/dw/image/v2/BDVS_PRD/on/demandware.static/-/Sites-continente-Library/default/dw62d4c957/images/badges/general/col/madein.png?sw=25&amp;sh=25" alt="Crachá do produto" title="" data-toggle="tooltip" data-placement="right" data-original-title="Produzido em Portugal" src="https://www.continente.pt/dw/image/v2/BDVS_PRD/on/demandware.static/-/Sites-continente-Library/default/dw62d4c957/images/badges/general/col/madein.png?sw=25&amp;sh=25">
                    </div>
                    <div class="color-swatches d-flex" style="margin-left: 5px;">
                    <div class="swatches d-flex">
                    </div>
                    </div>
                    </div>
                    <div class="ct-tile-body col col-sm-auto ">
                    <div class="ct-pdp-details">
                    <div class="ct-pdp-link">
                    <a class="ct-tile--description" href="https://www.continente.pt/produto/ovos-ar-livre-classe-m-l-continente-6805484.html?cgid=laticinios">Ovos Ar Livre Classe M/L</a>
                    <div class="ct-tile--favorite-top d-sm-none">
                    <button class="wishlist-toggler guest-mode inactive button button--tertiary" data-pid="6805484" data-add-url="https://www.continente.pt/on/demandware.store/Sites-continente-Site/default/Wishlist-AddProduct?pid=6805484" data-toggle="tooltip" aria-label="Adicionar aos favoritos " data-original-title="Adicionar aos favoritos" data-placement="top">
                    <svg class="active-content" width="100%" height="100%" viewBox="0 0 20 22" fill="none" xmlns="http://www.w3.org/2000/svg">
                    <path fill-rule="evenodd" clip-rule="evenodd" d="M0 1.53052C0 0.685236 0.692171 0 1.54601 0H15.0736C15.9274 0 16.6196 0.685235 16.6196 1.53052V13.4064L15.8127 13.922L14.2658 14.2658L12.7189 13.4064L10.6054 14.3818C10.4994 14.2451 10.3327 14.157 10.1452 14.157H6.76329C6.4431 14.157 6.18354 14.414 6.18354 14.731C6.18354 15.0479 6.4431 15.3049 6.76329 15.3049H10.1452C10.2478 15.3049 10.3441 15.2785 10.4277 15.2322L10.3126 16.8439L13.2345 20.2793H1.54601C0.69217 20.2793 0 19.5941 0 18.7488V1.53052ZM6.18354 5.5483C6.18354 5.23132 6.4431 4.97436 6.76329 4.97436H12.3676C12.6878 4.97436 12.9473 5.23132 12.9473 5.5483C12.9473 5.86528 12.6878 6.12224 12.3676 6.12224H6.76329C6.4431 6.12224 6.18354 5.86528 6.18354 5.5483ZM6.76329 11.0961C6.4431 11.0961 6.18354 11.3531 6.18354 11.6701C6.18354 11.987 6.4431 12.244 6.76329 12.244H12.3676C12.6878 12.244 12.9473 11.987 12.9473 11.6701C12.9473 11.3531 12.6878 11.0961 12.3676 11.0961H6.76329ZM6.18354 8.60985C6.18354 8.29287 6.4431 8.03591 6.76329 8.03591H12.3676C12.6878 8.03591 12.9473 8.29287 12.9473 8.60985C12.9473 8.92684 12.6878 9.1838 12.3676 9.1838H6.76329C6.4431 9.1838 6.18354 8.92684 6.18354 8.60985ZM3.67118 5.5483C3.67118 5.23132 3.93075 4.97436 4.25093 4.97436H4.63743C4.95762 4.97436 5.21719 5.23132 5.21719 5.5483C5.21719 5.86528 4.95762 6.12224 4.63743 6.12224H4.25093C3.93075 6.12224 3.67118 5.86528 3.67118 5.5483ZM4.25093 11.0961C3.93075 11.0961 3.67118 11.3531 3.67118 11.6701C3.67118 11.987 3.93075 12.244 4.25093 12.244H4.63743C4.95762 12.244 5.21719 11.987 5.21719 11.6701C5.21719 11.3531 4.95762 11.0961 4.63743 11.0961H4.25093ZM3.67118 8.60985C3.67118 8.29287 3.93075 8.03591 4.25093 8.03591H4.63743C4.95762 8.03591 5.21719 8.29287 5.21719 8.60985C5.21719 8.92684 4.95762 9.1838 4.63743 9.1838H4.25093C3.93075 9.1838 3.67118 8.92684 3.67118 8.60985ZM4.25093 14.157C3.93075 14.157 3.67118 14.414 3.67118 14.731C3.67118 15.0479 3.93075 15.3049 4.25093 15.3049H4.63743C4.95762 15.3049 5.21719 15.0479 5.21719 14.731C5.21719 14.414 4.95762 14.157 4.63743 14.157H4.25093Z" fill="#EB0203"></path>
                    <path fill-rule="evenodd" clip-rule="evenodd" d="M14.6252 13.6363C13.4918 12.6215 11.7817 12.5264 10.6569 13.4792C9.12421 14.7764 9.34841 16.8912 10.4409 18.0122L14.0159 21.6742C14.2197 21.8832 14.4928 22 14.7822 22C15.0737 22 15.3448 21.8852 15.5486 21.6762L19.1236 18.0142C20.214 16.8933 20.4423 14.7785 18.9075 13.4792C17.7827 12.5283 16.0724 12.6217 14.9391 13.6365C14.8855 13.6845 14.8331 13.7345 14.7822 13.7866C14.7313 13.7345 14.6789 13.6843 14.6252 13.6363ZM18.1546 14.3522C19.0973 15.1508 18.9962 16.4896 18.2891 17.2173C18.2888 17.2175 18.2886 17.2177 18.2884 17.218L14.7832 20.8084L11.2753 17.2151C11.2752 17.215 11.2751 17.2149 11.2749 17.2148C10.5677 16.4887 10.4678 15.1495 11.4104 14.3518L11.4108 14.3514C12.0745 13.7892 13.2018 13.82 13.9488 14.5846L14.7822 15.4378L15.6157 14.5846C16.3617 13.8211 17.4896 13.79 18.1545 14.3521" fill="#EB0203"></path>
                    </svg>
                    <svg class="inactive-content" width="100%" height="100%" viewBox="0 0 20 23" fill="none" xmlns="http://www.w3.org/2000/svg">
                    <path fill-rule="evenodd" clip-rule="evenodd" d="M6.18408 5.77914C6.18408 5.46223 6.44363 5.20532 6.7638 5.20532H12.3678C12.6879 5.20532 12.9475 5.46223 12.9475 5.77914C12.9475 6.09606 12.6879 6.35297 12.3678 6.35297H6.7638C6.44363 6.35297 6.18408 6.09606 6.18408 5.77914Z" fill="#EB0203"></path>
                    <path fill-rule="evenodd" clip-rule="evenodd" d="M6.18408 11.9034C6.18408 11.5865 6.44363 11.3296 6.7638 11.3296H12.3678C12.6879 11.3296 12.9475 11.5865 12.9475 11.9034C12.9475 12.2202 12.6879 12.4771 12.3678 12.4771H6.7638C6.44363 12.4771 6.18408 12.2202 6.18408 11.9034Z" fill="#EB0203"></path>
                    <path fill-rule="evenodd" clip-rule="evenodd" d="M6.18408 8.84116C6.18408 8.52424 6.44363 8.26733 6.7638 8.26733H12.3678C12.6879 8.26733 12.9475 8.52424 12.9475 8.84116C12.9475 9.15807 12.6879 9.41498 12.3678 9.41498H6.7638C6.44363 9.41498 6.18408 9.15807 6.18408 8.84116Z" fill="#EB0203"></path>
                    <path fill-rule="evenodd" clip-rule="evenodd" d="M6.18408 14.9655C6.18408 14.6486 6.44363 14.3917 6.7638 14.3917H10.1455C10.4657 14.3917 10.7252 14.6486 10.7252 14.9655C10.7252 15.2825 10.4657 15.5394 10.1455 15.5394H6.7638C6.44363 15.5394 6.18408 15.2825 6.18408 14.9655Z" fill="#EB0203"></path>
                    <path fill-rule="evenodd" clip-rule="evenodd" d="M3.67139 5.77914C3.67139 5.46223 3.93094 5.20532 4.25111 5.20532H4.63759C4.95776 5.20532 5.21731 5.46223 5.21731 5.77914C5.21731 6.09606 4.95776 6.35297 4.63759 6.35297H4.25111C3.93094 6.35297 3.67139 6.09606 3.67139 5.77914Z" fill="#EB0203"></path>
                    <path fill-rule="evenodd" clip-rule="evenodd" d="M3.67139 11.9034C3.67139 11.5865 3.93094 11.3296 4.25111 11.3296H4.63759C4.95776 11.3296 5.21731 11.5865 5.21731 11.9034C5.21731 12.2202 4.95776 12.4771 4.63759 12.4771H4.25111C3.93094 12.4771 3.67139 12.2202 3.67139 11.9034Z" fill="#EB0203"></path>
                    <path fill-rule="evenodd" clip-rule="evenodd" d="M3.67139 8.84116C3.67139 8.52424 3.93094 8.26733 4.25111 8.26733H4.63759C4.95776 8.26733 5.21731 8.52424 5.21731 8.84116C5.21731 9.15807 4.95776 9.41498 4.63759 9.41498H4.25111C3.93094 9.41498 3.67139 9.15807 3.67139 8.84116Z" fill="#EB0203"></path>
                    <path fill-rule="evenodd" clip-rule="evenodd" d="M3.67139 14.9655C3.67139 14.6486 3.93094 14.3917 4.25111 14.3917H4.63759C4.95776 14.3917 5.21731 14.6486 5.21731 14.9655C5.21731 15.2825 4.95776 15.5394 4.63759 15.5394H4.25111C3.93094 15.5394 3.67139 15.2825 3.67139 14.9655Z" fill="#EB0203"></path>
                    <path fill-rule="evenodd" clip-rule="evenodd" d="M0 1.76033C0 0.914738 0.692131 0.229248 1.54592 0.229248H15.0727C15.9265 0.229248 16.6186 0.914738 16.6186 1.76033V11.2818C16.6186 11.5989 16.3591 11.8559 16.0389 11.8559C15.7187 11.8559 15.4592 11.5989 15.4592 11.2818V1.76033C15.4592 1.54893 15.2862 1.37756 15.0727 1.37756H1.54592C1.33247 1.37756 1.15944 1.54893 1.15944 1.76033V18.985C1.15944 19.1964 1.33247 19.3678 1.54592 19.3678H9.27551C9.59568 19.3678 9.85523 19.6249 9.85523 19.942C9.85523 20.2591 9.59568 20.5161 9.27551 20.5161H1.54592C0.692131 20.5161 0 19.8306 0 18.985V1.76033Z" fill="#EB0203"></path>
                    <path fill-rule="evenodd" clip-rule="evenodd" d="M14.6254 13.8718C13.4921 12.8567 11.7821 12.7615 10.6574 13.7147C9.12472 15.0124 9.34891 17.128 10.4413 18.2493L14.0161 21.9126C14.2199 22.1217 14.493 22.2386 14.7824 22.2386C15.0739 22.2386 15.3449 22.1238 15.5487 21.9147L19.1235 18.2514C20.2139 17.13 20.4422 15.0144 18.9075 13.7147C17.7827 12.7634 16.0726 12.8569 14.9392 13.872C14.8856 13.92 14.8333 13.9701 14.7824 14.0222C14.7314 13.97 14.6791 13.9199 14.6254 13.8718ZM18.1546 14.588C19.0972 15.3869 18.9961 16.7262 18.2891 17.4541C18.2888 17.4543 18.2886 17.4546 18.2884 17.4548L14.7834 21.0466L11.2757 17.452C11.2756 17.4519 11.2755 17.4517 11.2753 17.4516C10.5681 16.7252 10.4682 15.3856 11.4108 14.5876L11.4112 14.5872C12.0748 14.0248 13.202 14.0556 13.949 14.8205L14.7824 15.674L15.6158 14.8205C16.3618 14.0567 17.4896 14.0256 18.1545 14.5879" fill="#EB0203"></path>
                    </svg>
                    </button>
                    </div>
                    </div>
                    <p class="ct-tile--brand">Continente</p>
                    <p class="ct-tile--quantity">emb. 6 un</p>
                    </div>
                    <div class="ct-tile-bottom row no-gutters justify-content-between">
                    <div class="ct-price-wrap col-8 col-sm-12">
                    <div class="price js-product-price">
                    <div class="prices-wrapper">
                    <span class="sales ct-tile--price-primary ">
                    <span class="value" content="1.39">
                    <span class="ct-price-formatted">
                    €1,39
                    </span>
                    <span class="ct-m-unit">
                    /un
                    </span>
                    </span>
                    </span>
                    </div>
                    <div class="ct-tile--price-secondary">
                    <span class="ct-price-value">
                    €2,78
                    </span>
                    <span class="ct-m-unit">
                    /doz
                    </span>
                    </div>
                    </div>
                    </div>
                    <div class="ct-tile-buy-section d-flex justify-content-center no-gutters col-auto col-sm-12">
                    <div class="col-2 d-sm-flex d-none">
                    <button class="wishlist-toggler guest-mode inactive button button--tertiary" data-pid="6805484" data-add-url="https://www.continente.pt/on/demandware.store/Sites-continente-Site/default/Wishlist-AddProduct?pid=6805484" data-toggle="tooltip" aria-label="Adicionar aos favoritos " data-original-title="Adicionar aos favoritos" data-placement="top">
                    <svg class="active-content" width="100%" height="100%" viewBox="0 0 20 22" fill="none" xmlns="http://www.w3.org/2000/svg">
                    <path fill-rule="evenodd" clip-rule="evenodd" d="M0 1.53052C0 0.685236 0.692171 0 1.54601 0H15.0736C15.9274 0 16.6196 0.685235 16.6196 1.53052V13.4064L15.8127 13.922L14.2658 14.2658L12.7189 13.4064L10.6054 14.3818C10.4994 14.2451 10.3327 14.157 10.1452 14.157H6.76329C6.4431 14.157 6.18354 14.414 6.18354 14.731C6.18354 15.0479 6.4431 15.3049 6.76329 15.3049H10.1452C10.2478 15.3049 10.3441 15.2785 10.4277 15.2322L10.3126 16.8439L13.2345 20.2793H1.54601C0.69217 20.2793 0 19.5941 0 18.7488V1.53052ZM6.18354 5.5483C6.18354 5.23132 6.4431 4.97436 6.76329 4.97436H12.3676C12.6878 4.97436 12.9473 5.23132 12.9473 5.5483C12.9473 5.86528 12.6878 6.12224 12.3676 6.12224H6.76329C6.4431 6.12224 6.18354 5.86528 6.18354 5.5483ZM6.76329 11.0961C6.4431 11.0961 6.18354 11.3531 6.18354 11.6701C6.18354 11.987 6.4431 12.244 6.76329 12.244H12.3676C12.6878 12.244 12.9473 11.987 12.9473 11.6701C12.9473 11.3531 12.6878 11.0961 12.3676 11.0961H6.76329ZM6.18354 8.60985C6.18354 8.29287 6.4431 8.03591 6.76329 8.03591H12.3676C12.6878 8.03591 12.9473 8.29287 12.9473 8.60985C12.9473 8.92684 12.6878 9.1838 12.3676 9.1838H6.76329C6.4431 9.1838 6.18354 8.92684 6.18354 8.60985ZM3.67118 5.5483C3.67118 5.23132 3.93075 4.97436 4.25093 4.97436H4.63743C4.95762 4.97436 5.21719 5.23132 5.21719 5.5483C5.21719 5.86528 4.95762 6.12224 4.63743 6.12224H4.25093C3.93075 6.12224 3.67118 5.86528 3.67118 5.5483ZM4.25093 11.0961C3.93075 11.0961 3.67118 11.3531 3.67118 11.6701C3.67118 11.987 3.93075 12.244 4.25093 12.244H4.63743C4.95762 12.244 5.21719 11.987 5.21719 11.6701C5.21719 11.3531 4.95762 11.0961 4.63743 11.0961H4.25093ZM3.67118 8.60985C3.67118 8.29287 3.93075 8.03591 4.25093 8.03591H4.63743C4.95762 8.03591 5.21719 8.29287 5.21719 8.60985C5.21719 8.92684 4.95762 9.1838 4.63743 9.1838H4.25093C3.93075 9.1838 3.67118 8.92684 3.67118 8.60985ZM4.25093 14.157C3.93075 14.157 3.67118 14.414 3.67118 14.731C3.67118 15.0479 3.93075 15.3049 4.25093 15.3049H4.63743C4.95762 15.3049 5.21719 15.0479 5.21719 14.731C5.21719 14.414 4.95762 14.157 4.63743 14.157H4.25093Z" fill="#EB0203"></path>
                    <path fill-rule="evenodd" clip-rule="evenodd" d="M14.6252 13.6363C13.4918 12.6215 11.7817 12.5264 10.6569 13.4792C9.12421 14.7764 9.34841 16.8912 10.4409 18.0122L14.0159 21.6742C14.2197 21.8832 14.4928 22 14.7822 22C15.0737 22 15.3448 21.8852 15.5486 21.6762L19.1236 18.0142C20.214 16.8933 20.4423 14.7785 18.9075 13.4792C17.7827 12.5283 16.0724 12.6217 14.9391 13.6365C14.8855 13.6845 14.8331 13.7345 14.7822 13.7866C14.7313 13.7345 14.6789 13.6843 14.6252 13.6363ZM18.1546 14.3522C19.0973 15.1508 18.9962 16.4896 18.2891 17.2173C18.2888 17.2175 18.2886 17.2177 18.2884 17.218L14.7832 20.8084L11.2753 17.2151C11.2752 17.215 11.2751 17.2149 11.2749 17.2148C10.5677 16.4887 10.4678 15.1495 11.4104 14.3518L11.4108 14.3514C12.0745 13.7892 13.2018 13.82 13.9488 14.5846L14.7822 15.4378L15.6157 14.5846C16.3617 13.8211 17.4896 13.79 18.1545 14.3521" fill="#EB0203"></path>
                    </svg>
                    <svg class="inactive-content" width="100%" height="100%" viewBox="0 0 20 23" fill="none" xmlns="http://www.w3.org/2000/svg">
                    <path fill-rule="evenodd" clip-rule="evenodd" d="M6.18408 5.77914C6.18408 5.46223 6.44363 5.20532 6.7638 5.20532H12.3678C12.6879 5.20532 12.9475 5.46223 12.9475 5.77914C12.9475 6.09606 12.6879 6.35297 12.3678 6.35297H6.7638C6.44363 6.35297 6.18408 6.09606 6.18408 5.77914Z" fill="#EB0203"></path>
                    <path fill-rule="evenodd" clip-rule="evenodd" d="M6.18408 11.9034C6.18408 11.5865 6.44363 11.3296 6.7638 11.3296H12.3678C12.6879 11.3296 12.9475 11.5865 12.9475 11.9034C12.9475 12.2202 12.6879 12.4771 12.3678 12.4771H6.7638C6.44363 12.4771 6.18408 12.2202 6.18408 11.9034Z" fill="#EB0203"></path>
                    <path fill-rule="evenodd" clip-rule="evenodd" d="M6.18408 8.84116C6.18408 8.52424 6.44363 8.26733 6.7638 8.26733H12.3678C12.6879 8.26733 12.9475 8.52424 12.9475 8.84116C12.9475 9.15807 12.6879 9.41498 12.3678 9.41498H6.7638C6.44363 9.41498 6.18408 9.15807 6.18408 8.84116Z" fill="#EB0203"></path>
                    <path fill-rule="evenodd" clip-rule="evenodd" d="M6.18408 14.9655C6.18408 14.6486 6.44363 14.3917 6.7638 14.3917H10.1455C10.4657 14.3917 10.7252 14.6486 10.7252 14.9655C10.7252 15.2825 10.4657 15.5394 10.1455 15.5394H6.7638C6.44363 15.5394 6.18408 15.2825 6.18408 14.9655Z" fill="#EB0203"></path>
                    <path fill-rule="evenodd" clip-rule="evenodd" d="M3.67139 5.77914C3.67139 5.46223 3.93094 5.20532 4.25111 5.20532H4.63759C4.95776 5.20532 5.21731 5.46223 5.21731 5.77914C5.21731 6.09606 4.95776 6.35297 4.63759 6.35297H4.25111C3.93094 6.35297 3.67139 6.09606 3.67139 5.77914Z" fill="#EB0203"></path>
                    <path fill-rule="evenodd" clip-rule="evenodd" d="M3.67139 11.9034C3.67139 11.5865 3.93094 11.3296 4.25111 11.3296H4.63759C4.95776 11.3296 5.21731 11.5865 5.21731 11.9034C5.21731 12.2202 4.95776 12.4771 4.63759 12.4771H4.25111C3.93094 12.4771 3.67139 12.2202 3.67139 11.9034Z" fill="#EB0203"></path>
                    <path fill-rule="evenodd" clip-rule="evenodd" d="M3.67139 8.84116C3.67139 8.52424 3.93094 8.26733 4.25111 8.26733H4.63759C4.95776 8.26733 5.21731 8.52424 5.21731 8.84116C5.21731 9.15807 4.95776 9.41498 4.63759 9.41498H4.25111C3.93094 9.41498 3.67139 9.15807 3.67139 8.84116Z" fill="#EB0203"></path>
                    <path fill-rule="evenodd" clip-rule="evenodd" d="M3.67139 14.9655C3.67139 14.6486 3.93094 14.3917 4.25111 14.3917H4.63759C4.95776 14.3917 5.21731 14.6486 5.21731 14.9655C5.21731 15.2825 4.95776 15.5394 4.63759 15.5394H4.25111C3.93094 15.5394 3.67139 15.2825 3.67139 14.9655Z" fill="#EB0203"></path>
                    <path fill-rule="evenodd" clip-rule="evenodd" d="M0 1.76033C0 0.914738 0.692131 0.229248 1.54592 0.229248H15.0727C15.9265 0.229248 16.6186 0.914738 16.6186 1.76033V11.2818C16.6186 11.5989 16.3591 11.8559 16.0389 11.8559C15.7187 11.8559 15.4592 11.5989 15.4592 11.2818V1.76033C15.4592 1.54893 15.2862 1.37756 15.0727 1.37756H1.54592C1.33247 1.37756 1.15944 1.54893 1.15944 1.76033V18.985C1.15944 19.1964 1.33247 19.3678 1.54592 19.3678H9.27551C9.59568 19.3678 9.85523 19.6249 9.85523 19.942C9.85523 20.2591 9.59568 20.5161 9.27551 20.5161H1.54592C0.692131 20.5161 0 19.8306 0 18.985V1.76033Z" fill="#EB0203"></path>
                    <path fill-rule="evenodd" clip-rule="evenodd" d="M14.6254 13.8718C13.4921 12.8567 11.7821 12.7615 10.6574 13.7147C9.12472 15.0124 9.34891 17.128 10.4413 18.2493L14.0161 21.9126C14.2199 22.1217 14.493 22.2386 14.7824 22.2386C15.0739 22.2386 15.3449 22.1238 15.5487 21.9147L19.1235 18.2514C20.2139 17.13 20.4422 15.0144 18.9075 13.7147C17.7827 12.7634 16.0726 12.8569 14.9392 13.872C14.8856 13.92 14.8333 13.9701 14.7824 14.0222C14.7314 13.97 14.6791 13.9199 14.6254 13.8718ZM18.1546 14.588C19.0972 15.3869 18.9961 16.7262 18.2891 17.4541C18.2888 17.4543 18.2886 17.4546 18.2884 17.4548L14.7834 21.0466L11.2757 17.452C11.2756 17.4519 11.2755 17.4517 11.2753 17.4516C10.5681 16.7252 10.4682 15.3856 11.4108 14.5876L11.4112 14.5872C12.0748 14.0248 13.202 14.0556 13.949 14.8205L14.7824 15.674L15.6158 14.8205C16.3618 14.0567 17.4896 14.0256 18.1545 14.5879" fill="#EB0203"></path>
                    </svg>
                    </button>
                    </div>
                    <div class="col-sm-10 col-12">
                    <div class="ct-tile-quantity d-none" data-pid="6805484">
                    <input type="hidden" class="add-to-cart-url" value="https://www.continente.pt/on/demandware.store/Sites-continente-Site/default/Cart-AddProduct">
                    <div class="d-none tile-delete-confirmation-btn" data-pid="6805484" data-delay-time="3000" data-in-cart-msg="no carrinho" data-one-product-added="Adicionado ao carrinho" data-remove-from-cart-msg="Removido do carrinho" data-stay-open="6000.0" data-confirmation-image="{&quot;url&quot;:&quot;https://www.continente.pt/dw/image/v2/BDVS_PRD/on/demandware.static/-/Sites-col-master-catalog/default/dw8b1dd344/images/col/680/6805484-hero.jpg?sw=87&amp;sh=80&quot;,&quot;fallbackimage&quot;:{&quot;url&quot;:&quot;https://www.continente.pt/dw/image/v2/BDVS_PRD/on/demandware.static/Sites-continente-Site/-/default/dw7c42b4da/images/noimagelarge_product.png?sw=87&amp;sh=80&quot;,&quot;title&quot;:&quot;Ovos Ar Livre Classe M/L&quot;,&quot;alt&quot;:&quot;Ovos Ar Livre Classe M/L&quot;},&quot;title&quot;:&quot;Ovos Ar Livre Classe M/L&quot;,&quot;alt&quot;:&quot;Ovos Ar Livre Classe M/L&quot;}"></div>
                    <div class="ct-tile-quantity-update quantity-update product-qty-vue" data-remove-action="https://www.continente.pt/on/demandware.store/Sites-continente-Site/default/Cart-RemoveProductLineItem" data-action="https://www.continente.pt/on/demandware.store/Sites-continente-Site/default/Cart-UpdateQuantity" data-dimension-update="https://www.continente.pt/on/demandware.store/Sites-continente-Site/default/Cart-DimensionUpdate" data-pid="6805484" data-uuid="bc3f16839c862adf91b5bad556" data-add-delay="500.0" data-measure-options="{&quot;hasConversionRate&quot;:false,&quot;hasAlternativeSaleUnit&quot;:false,&quot;unitConversionRate&quot;:0,&quot;minOrderQuantity&quot;:1,&quot;stepQuantity&quot;:1,&quot;primaryunit&quot;:&quot;un&quot;,&quot;secondaryunit&quot;:&quot;doz&quot;,&quot;selectedunit&quot;:&quot;primary&quot;,&quot;maxNumberOfUnitsPerSale&quot;:50}" data-price-available="null" :data-has-error="isMaxQtyReached || isMinQtyReached || qtySelectedMoreThanOne">
                    <template v-show="prodUnits">
                    <div class="quantity-input-wrapper has-units">
                    <label class="visually-hidden" :for="'quantity-' + pid + additionalTag">
                    Quantidade no carrinho
                    </label>
                    <input :ref="'quantityInput-' + pid + additionalTag" class="add-to-cart-quantity form-control ct-form-input text-center" inputmode="numeric" :class="{'is-invalid': isInvalid}" :data-pid="pid + additionalTag" :name="'quantity-' + pid + additionalTag" type="text" aria-label="Insira a quantidade" title="" v-model="displayValue" @change="updateQuantity" @focus="updateQtyFormat" @blur="restoreQtyFormat" :disabled="!isPriceAvailable">
                    <span class="quantity-icon quantity-icon--minus">
                    <button class="decrease-quantity-btn" @click="updateQuantity" :disabled="!isPriceAvailable" role="button" aria-label="Reduzir quantidade">
                    <i class="css-math-minus"></i>
                    </button>
                    </span>
                    <span class="quantity-icon quantity-icon--plus">
                    <button class="increase-quantity-btn" @click="updateQuantity" :disabled="isMaxQtyReached || !isPriceAvailable" role="button" aria-label="Aumentar quantidade">
                    <i class="css-math-plus"></i>
                    </button>
                    <span class="quantity-btn-disabled-placeholder"></span>
                    </span>
                    <template v-if="isPDP">
                    <span class="quantity-error ct-span-error text-sm-center product-max-allocation" v-if="isMaxQtyReached">
                    Quantidade máxima atingida
                    </span>
                    <span class="quantity-error ct-span-product text-sm-center product-allocation" v-if="!isMinQtyReached &amp;&amp; !isMaxQtyReached">
                    {{quantitySelected}} no carrinho
                    </span>
                    <span class="quantity-error ct-span-error text-sm-center product-min-allocation" :data-pid="pid" v-if="isMinQtyReached &amp;&amp; !isMaxQtyReached">
                    Quantidade mínima atingida
                    </span>
                    </template>
                    </div>
                    <template v-if="showNotes">
                    <div class="add-note-link-container ">
                    <div class="add-note">
                    <a href="/produto/ovos-ar-livre-classe-m-l-continente-6805484.html?showNote=true" class="ct-add-note-redirect-pdp" aria-label="Adicionar comentário">
                    <span class="svg-wrapper svg-icon-notes" style="width:19px; height:20px">
                    <svg class="svg-inline icon-notes" viewBox="0 0 28 30" xmlns="http://www.w3.org/2000/svg" width="100%" height="100%"><path d="M21.738 0C22.985 0 24 1.04 24 2.319V12.47c0 .469-.37.848-.828.848-.457 0-.827-.38-.827-.848V2.32c0-.343-.273-.622-.607-.622H2.262c-.334 0-.607.279-.607.622V27.68c0 .343.273.622.607.622h7.81c.457 0 .827.38.827.849 0 .468-.37.848-.827.848h-7.81C1.015 30 0 28.96 0 27.681V2.32C0 1.04 1.015 0 2.262 0h19.476zm2.844 16.004l.227.007c.823.053 1.589.39 2.176.964.64.627.993 1.46.993 2.349 0 .888-.353 1.722-.993 2.348l-6.83 6.665c-.11.108-.247.186-.397.226l-5.032 1.363c-.078.021-.16.032-.241.032-.242 0-.478-.097-.647-.266-.23-.231-.314-.566-.218-.874l1.49-4.798c.044-.139.122-.266.227-.369l6.844-6.677c.64-.625 1.493-.97 2.401-.97zm-2.886 3.94l-4.922 4.802-.947 3.048 3.22-.872 4.897-4.78-2.248-2.197zm2.887-2.174c-.425 0-.824.162-1.124.455l-.484.472 2.248 2.197.484-.472c.62-.606.62-1.591 0-2.197l-.117-.104c-.283-.227-.636-.35-1.007-.35zm-10.839.022c.498 0 .904.396.904.883 0 .488-.406.884-.904.884H5.946c-.499 0-.904-.396-.904-.884 0-.487.405-.883.904-.883zm5.042-4.876c.498 0 .904.397.904.884s-.406.884-.904.884H5.946c-.499 0-.904-.397-.904-.884s.405-.884.904-.884zm0-4.875c.498 0 .904.396.904.884 0 .487-.406.883-.904.883H5.946c-.499 0-.904-.396-.904-.883 0-.488.405-.884.904-.884z" fill="#EB0203" fill-rule="evenodd"></path></svg>
                    </span>
                    <div class="available-note d-none"></div>
                    </a>
                    </div>
                    </div>
                    </template>
                    <div class="measurement-unit-section" v-if="isPriceAvailable &amp;&amp; prodUnits ? prodUnits.hasAlternativeUnit : false">
                    <div class="ct-form-radio" @click="setDimension">
                    <input type="radio" title="" class="ct-form-check-input product-measurement-unit" :data-type="prodUnits.selectedUnit == prodUnits.secondaryUnit ? 'primary' : ''" :id="prodUnits.secondaryUnit + '-' + pid + '-measurement-unit-ptile' + additionalTag" :name="'measurement-unit-' + pid + '-ptile' + additionalTag" :value="prodUnits.secondaryUnit" v-model="prodUnits.selectedUnit">
                    <label :class="prodUnits.secondaryUnit + '-label ct-form-check-label mb-0'" :for="prodUnits.secondaryUnit + '-' + pid + '-measurement-unit-ptile' + additionalTag">
                    {{prodUnits.secondaryUnit}}
                    </label>
                    <span class="checkmark"></span>
                    </div>
                    <div class="ct-form-radio" @click="setDimension">
                    <input type="radio" title="" class="ct-form-check-input product-measurement-unit" :data-type="prodUnits.selectedUnit == prodUnits.primaryUnit ? 'primary' : ''" :id="prodUnits.primaryUnit + '-' + pid + '-measurement-unit-ptile' + additionalTag" :name="'measurement-unit-' + pid + '-ptile' + additionalTag" :value="prodUnits.primaryUnit" v-model="prodUnits.selectedUnit">
                    <label :class="prodUnits.primaryUnit + '-label ct-form-check-label mb-0'" :for="prodUnits.primaryUnit + '-' + pid + '-measurement-unit-ptile' + additionalTag">
                    {{prodUnits.primaryUnit}}
                    </label>
                    <span class="checkmark"></span>
                    </div>
                    </div>
                    <template v-if="!isPDP &amp;&amp; isPriceAvailable">
                    <span class="quantity-error ct-span-error product-max-allocation" v-if="isMaxQtyReached">
                    Quantidade máxima atingida
                    </span>
                    <span class="quantity-error ct-span-product product-allocation" v-if="!isMinQtyReached &amp;&amp; !isMaxQtyReached">
                    {{quantitySelected}} no carrinho
                    </span>
                    <span class="quantity-error ct-span-error product-min-allocation" :data-pid="pid" v-if="isMinQtyReached &amp;&amp; !isMaxQtyReached">
                    Quantidade mínima atingida
                    </span>
                    </template>
                    </template>
                    </div>
                    <input class="quantity-value-mask d-none" name="quantity" type="number" min="0" value="">
                    </div>
                    <button type="button" class="add-to-cart button js-add-to-cart js-add-to-cart-tile 6805484 button--primary dynamic-layout-btn" data-toggle="modal" data-target="#chooseBonusProductModal" data-pid="6805484" data-quantity-value="null" aria-label="Carrinho">
                    <span class="d-block d-sm-none">
                    <span class="svg-wrapper svg-icon-cart" style="width:20px; height:20px">
                    <svg class="svg-inline icon-cart" xmlns="http://www.w3.org/2000/svg" viewBox="0 0 500 500" width="100%" height="100%"><path fill="#EB0203" fill-rule="evenodd" d="M 485.67317,94.386311 C 476.37798,83.847129 463.09468,78.03348 448.30404,78.03348 H 90.690813 L 87.079511,51.327997 C 83.185582,22.539551 62.962285,0 41.011841,0 H 14.727836 C 6.563151,0 0,6.5286975 0,14.580758 c 0,8.05206 6.5945535,14.580758 14.727836,14.580758 h 26.284005 c 4.710398,0 14.696435,9.855222 16.894619,26.021523 L 100.01739,368.0631 c 1.88416,13.77244 9.01256,26.70549 20.1605,36.37417 8.25889,7.15046 18.02511,11.9071 28.26237,13.89679 -4.17655,7.58572 -6.53175,16.25957 -6.53175,25.493 0,29.53459 24.27424,53.59751 54.13815,53.59751 29.8325,0 54.13814,-24.03184 54.13814,-53.59751 0,-8.79818 -2.19818,-17.09897 -5.9979,-24.43598 h 77.12488 c -3.79973,7.33701 -5.96652,15.6378 -5.96652,24.43598 0,29.53459 24.27424,53.59751 54.13817,53.59751 29.83249,0 54.13814,-24.03184 54.13814,-53.59751 0,-8.79818 -2.1982,-17.09897 -5.9979,-24.43598 h 38.56243 c 8.13328,0 14.72783,-6.5287 14.72783,-14.61183 0,-8.02098 -6.59455,-14.54967 -14.72783,-14.54967 H 159.24277 c -14.38241,0 -28.13677,-11.90711 -30.02092,-26.02153 l -3.07746,-22.88154 h 290.6314 c 14.03698,0 27.94834,-5.28513 39.06488,-14.95381 11.11652,-9.6376 18.27632,-22.57065 20.16048,-36.37417 l 21.10259,-156.78201 c 1.94694,-14.51858 -2.10398,-28.29103 -11.43057,-38.861299 z M 220.76053,443.82706 c 0,13.49265 -11.08513,24.46709 -24.68247,24.46709 -13.62874,0 -24.71387,-10.97444 -24.71387,-24.46709 0,-13.49262 11.08513,-24.43598 24.71387,-24.43598 13.59734,0 24.68247,10.94336 24.68247,24.43598 z m 173.43675,0 c 0,13.49265 -11.08512,24.46709 -24.68245,24.46709 -13.62876,0 -24.71388,-10.97444 -24.71388,-24.46709 0,-13.49262 11.08512,-24.43598 24.71388,-24.43598 13.59733,0 24.68245,10.94336 24.68245,24.43598 z m 73.7648,-314.46558 -21.13397,156.782 c -1.88416,14.11442 -15.63851,26.05261 -30.02091,26.05261 H 122.25046 L 94.616142,107.19499 H 448.33544 c 6.18632,0 11.61896,2.2695 15.23028,6.37326 3.64269,4.13484 5.21283,9.73086 4.39636,15.79323 z"></path></svg>
                    </span>
                    </span>
                    <span class="add-to-cart--text d-none d-sm-block">Carrinho</span>
                    </button>
                    </div>
                    </div>
                    </div>
                    </div>
                    
                    <div class="col-12 d-sm-none">
                    </div>
                    </div>
                    </div>
                    </div>
                    </div>
                    <div class="col-12 col-sm-3 col-lg-2 productTile" data-idx="24">
                    
                    <script type="text/javascript">//<!--
                    /* <![CDATA[ */
                    (function(){
                    try {
                        if(window.CQuotient) {
                        var cq_params = {};
                        
                        cq_params.cookieId = window.CQuotient.getCQCookieId();
                        cq_params.userId = window.CQuotient.getCQUserId();
                        cq_params.emailId = CQuotient.getCQHashedEmail();
                        cq_params.loginId = CQuotient.getCQHashedLogin();
                        cq_params.accumulate = true;
                        cq_params.products = [{
                            id: '6752430',
                            sku: ''
                        }];
                        cq_params.categoryId = 'laticinios';
                        cq_params.refinements = '[{\"name\":\"priceMin\",\"value\":\"0.01\"},{\"name\":\"priceMax\",\"value\":\"null\"},{\"name\":\"curr\",\"value\":\"EUR\"},{\"name\":\"Category\",\"value\":\"laticinios\"}]';
                        cq_params.personalized = 'false';
                        cq_params.sortingRule = 'FOOD-Laticinios';
                        cq_params.imageUUID = '__UNDEFINED__';
                        cq_params.realm = "BDVS";
                        cq_params.siteId = "continente";
                        cq_params.instanceType = "prd";
                        cq_params.queryLocale = "default";
                        cq_params.locale = window.CQuotient.locale;
                        
                        if(window.CQuotient.sendActivity)
                            window.CQuotient.sendActivity(CQuotient.clientId, 'viewCategory', cq_params);
                        else
                            window.CQuotient.activities.push({
                                activityType: 'viewCategory',
                                parameters: cq_params
                            });
                      }
                    } catch(err) {}
                    })();
                    /* ]]> */
                    // -->
                    </script>
                    <script type="text/javascript">//<!--
                    /* <![CDATA[ (viewCategoryProduct-active_data.js) */
                    (function(){
                    try {
                        if (dw.ac) {
                            var search_params = {};
                            search_params.persd = 'false';
                            search_params.refs = '[{\"name\":\"priceMin\",\"value\":\"0.01\"},{\"name\":\"priceMax\",\"value\":\"null\"},{\"name\":\"curr\",\"value\":\"EUR\"},{\"name\":\"Category\",\"value\":\"laticinios\"}]';
                            search_params.sort = 'FOOD-Laticinios';
                            search_params.imageUUID = '';
                            search_params.searchID = 'ff60679a-0a42-4d90-af85-afdcdfaee427';
                            search_params.locale = 'default';
                            search_params.queryLocale = 'default';
                            search_params.showProducts = 'true';
                            dw.ac.applyContext({category: "laticinios", searchData: search_params});
                            if (typeof dw.ac._scheduleDataSubmission === "function") {
                                dw.ac._scheduleDataSubmission();
                            }
                        }
                    } catch(err) {}
                    })();
                    /* ]]> */
                    // -->
                    </script>
                    <script type="text/javascript">//<!--
                    /* <![CDATA[ (viewProduct-active_data.js) */
                    dw.ac._capture({id: "6752430", type: "searchhit"});
                    /* ]]> */
                    // -->
                    </script>
                    <div class="product" data-pid="6752430">
                    <div class="product-tile pid-6752430 ct-product-tile data-layer-pushed" data-delay-time="3000" data-variants-mapping="[]" data-in-cart-msg="no carrinho" data-one-product-added="Adicionado ao carrinho" data-remove-from-cart-msg="Removido do carrinho" data-stay-open="6000.0" data-product-tile-impression="{&quot;name&quot;:&quot;6752430&quot;,&quot;id&quot;:&quot;6752430&quot;,&quot;price&quot;:1.99,&quot;brand&quot;:&quot;Milhafre&quot;,&quot;category&quot;:[{&quot;category_level_1&quot;:&quot;Charcutaria e Queijos&quot;},{&quot;category_level_2&quot;:&quot;Queijos&quot;},{&quot;category_level_3&quot;:&quot;Fatiado&quot;}],&quot;variant&quot;:&quot;&quot;}">
                    <div class="ct-inner-tile-wrap row no-gutters justify-content-center align-content-start">
                    <div class="ct-product-tile-badge ct-product-tile-badge--promotional">
                    <img class="img-fluid lazyloaded" loading="lazy" data-src="https://www.continente.pt/dw/image/v2/BDVS_PRD/on/demandware.static/-/Sites-continente-Library/default/dwf5980f2e/images/badges/pvpr/col/pvpr.png?sw=60&amp;sh=42" alt="PVP Recomendado: €2,39/un" title="PVP Recomendado: €2,39/un" src="https://www.continente.pt/dw/image/v2/BDVS_PRD/on/demandware.static/-/Sites-continente-Library/default/dwf5980f2e/images/badges/pvpr/col/pvpr.png?sw=60&amp;sh=42">
                    <div class="ct-product-tile-badge-value-wrapper ct-product-tile-badge-value-wrapper--pvpr  ">
                    <div class="ct-product-tile-badge-addition d-flex flex-column align-self-center text-center">
                    <span class="ct-product-tile-badge-addition--sign">
                    +
                    </span>
                    <span class="ct-product-tile-badge-addition--text">
                    DE
                    </span>
                    </div>
                    <span class="ct-product-tile-badge-value--pvpr">
                    15
                    </span>
                    <span class="ct-product-tile-badge-value--pvpr-quantifier ">
                    %
                    </span>
                    </div>
                    </div>
                    
                    <div class="ct-image-container col-4 col-sm" data-confirmation-image="{&quot;url&quot;:&quot;https://www.continente.pt/dw/image/v2/BDVS_PRD/on/demandware.static/-/Sites-col-master-catalog/default/dwe4b3dc18/images/col/675/6752430-frente.jpg?sw=87&amp;sh=80&quot;,&quot;fallbackimage&quot;:{&quot;url&quot;:&quot;https://www.continente.pt/dw/image/v2/BDVS_PRD/on/demandware.static/Sites-continente-Site/-/default/dw7c42b4da/images/noimagelarge_product.png?sw=87&amp;sh=80&quot;,&quot;title&quot;:&quot;Queijo Flamengo Fatiado&quot;,&quot;alt&quot;:&quot;Queijo Flamengo Fatiado&quot;},&quot;title&quot;:&quot;Queijo Flamengo Fatiado&quot;,&quot;alt&quot;:&quot;Queijo Flamengo Fatiado&quot;}">
                    <a href="https://www.continente.pt/produto/queijo-flamengo-fatiado-milhafre-6752430.html?cgid=laticinios">
                    <picture class="intrinsic intrinsic--square">
                    <img class="ct-tile-image lazyloaded" loading="lazy" onerror="this.onerror=null;this.src='/on/demandware.static/Sites-continente-Site/-/default/dw7c42b4da/images/noimagelarge_product.png';" data-src="https://www.continente.pt/dw/image/v2/BDVS_PRD/on/demandware.static/-/Sites-col-master-catalog/default/dwe4b3dc18/images/col/675/6752430-frente.jpg?sw=280&amp;sh=280" alt="Queijo Flamengo Fatiado" title="Queijo Flamengo Fatiado" src="https://www.continente.pt/dw/image/v2/BDVS_PRD/on/demandware.static/-/Sites-col-master-catalog/default/dwe4b3dc18/images/col/675/6752430-frente.jpg?sw=280&amp;sh=280">
                    </picture>
                    </a>
                    <div class="color-swatches d-flex" style="margin-left: 5px;">
                    <div class="swatches d-flex">
                    </div>
                    </div>
                    </div>
                    <div class="ct-tile-body col col-sm-auto ">
                    <div class="ct-pdp-details">
                    <div class="ct-pdp-link">
                    <a class="ct-tile--description" href="https://www.continente.pt/produto/queijo-flamengo-fatiado-milhafre-6752430.html?cgid=laticinios">Queijo Flamengo Fatiado</a>
                    <div class="ct-tile--favorite-top d-sm-none">
                    <button class="wishlist-toggler guest-mode inactive button button--tertiary" data-pid="6752430" data-add-url="https://www.continente.pt/on/demandware.store/Sites-continente-Site/default/Wishlist-AddProduct?pid=6752430" data-toggle="tooltip" aria-label="Adicionar aos favoritos " data-original-title="Adicionar aos favoritos" data-placement="top">
                    <svg class="active-content" width="100%" height="100%" viewBox="0 0 20 22" fill="none" xmlns="http://www.w3.org/2000/svg">
                    <path fill-rule="evenodd" clip-rule="evenodd" d="M0 1.53052C0 0.685236 0.692171 0 1.54601 0H15.0736C15.9274 0 16.6196 0.685235 16.6196 1.53052V13.4064L15.8127 13.922L14.2658 14.2658L12.7189 13.4064L10.6054 14.3818C10.4994 14.2451 10.3327 14.157 10.1452 14.157H6.76329C6.4431 14.157 6.18354 14.414 6.18354 14.731C6.18354 15.0479 6.4431 15.3049 6.76329 15.3049H10.1452C10.2478 15.3049 10.3441 15.2785 10.4277 15.2322L10.3126 16.8439L13.2345 20.2793H1.54601C0.69217 20.2793 0 19.5941 0 18.7488V1.53052ZM6.18354 5.5483C6.18354 5.23132 6.4431 4.97436 6.76329 4.97436H12.3676C12.6878 4.97436 12.9473 5.23132 12.9473 5.5483C12.9473 5.86528 12.6878 6.12224 12.3676 6.12224H6.76329C6.4431 6.12224 6.18354 5.86528 6.18354 5.5483ZM6.76329 11.0961C6.4431 11.0961 6.18354 11.3531 6.18354 11.6701C6.18354 11.987 6.4431 12.244 6.76329 12.244H12.3676C12.6878 12.244 12.9473 11.987 12.9473 11.6701C12.9473 11.3531 12.6878 11.0961 12.3676 11.0961H6.76329ZM6.18354 8.60985C6.18354 8.29287 6.4431 8.03591 6.76329 8.03591H12.3676C12.6878 8.03591 12.9473 8.29287 12.9473 8.60985C12.9473 8.92684 12.6878 9.1838 12.3676 9.1838H6.76329C6.4431 9.1838 6.18354 8.92684 6.18354 8.60985ZM3.67118 5.5483C3.67118 5.23132 3.93075 4.97436 4.25093 4.97436H4.63743C4.95762 4.97436 5.21719 5.23132 5.21719 5.5483C5.21719 5.86528 4.95762 6.12224 4.63743 6.12224H4.25093C3.93075 6.12224 3.67118 5.86528 3.67118 5.5483ZM4.25093 11.0961C3.93075 11.0961 3.67118 11.3531 3.67118 11.6701C3.67118 11.987 3.93075 12.244 4.25093 12.244H4.63743C4.95762 12.244 5.21719 11.987 5.21719 11.6701C5.21719 11.3531 4.95762 11.0961 4.63743 11.0961H4.25093ZM3.67118 8.60985C3.67118 8.29287 3.93075 8.03591 4.25093 8.03591H4.63743C4.95762 8.03591 5.21719 8.29287 5.21719 8.60985C5.21719 8.92684 4.95762 9.1838 4.63743 9.1838H4.25093C3.93075 9.1838 3.67118 8.92684 3.67118 8.60985ZM4.25093 14.157C3.93075 14.157 3.67118 14.414 3.67118 14.731C3.67118 15.0479 3.93075 15.3049 4.25093 15.3049H4.63743C4.95762 15.3049 5.21719 15.0479 5.21719 14.731C5.21719 14.414 4.95762 14.157 4.63743 14.157H4.25093Z" fill="#EB0203"></path>
                    <path fill-rule="evenodd" clip-rule="evenodd" d="M14.6252 13.6363C13.4918 12.6215 11.7817 12.5264 10.6569 13.4792C9.12421 14.7764 9.34841 16.8912 10.4409 18.0122L14.0159 21.6742C14.2197 21.8832 14.4928 22 14.7822 22C15.0737 22 15.3448 21.8852 15.5486 21.6762L19.1236 18.0142C20.214 16.8933 20.4423 14.7785 18.9075 13.4792C17.7827 12.5283 16.0724 12.6217 14.9391 13.6365C14.8855 13.6845 14.8331 13.7345 14.7822 13.7866C14.7313 13.7345 14.6789 13.6843 14.6252 13.6363ZM18.1546 14.3522C19.0973 15.1508 18.9962 16.4896 18.2891 17.2173C18.2888 17.2175 18.2886 17.2177 18.2884 17.218L14.7832 20.8084L11.2753 17.2151C11.2752 17.215 11.2751 17.2149 11.2749 17.2148C10.5677 16.4887 10.4678 15.1495 11.4104 14.3518L11.4108 14.3514C12.0745 13.7892 13.2018 13.82 13.9488 14.5846L14.7822 15.4378L15.6157 14.5846C16.3617 13.8211 17.4896 13.79 18.1545 14.3521" fill="#EB0203"></path>
                    </svg>
                    <svg class="inactive-content" width="100%" height="100%" viewBox="0 0 20 23" fill="none" xmlns="http://www.w3.org/2000/svg">
                    <path fill-rule="evenodd" clip-rule="evenodd" d="M6.18408 5.77914C6.18408 5.46223 6.44363 5.20532 6.7638 5.20532H12.3678C12.6879 5.20532 12.9475 5.46223 12.9475 5.77914C12.9475 6.09606 12.6879 6.35297 12.3678 6.35297H6.7638C6.44363 6.35297 6.18408 6.09606 6.18408 5.77914Z" fill="#EB0203"></path>
                    <path fill-rule="evenodd" clip-rule="evenodd" d="M6.18408 11.9034C6.18408 11.5865 6.44363 11.3296 6.7638 11.3296H12.3678C12.6879 11.3296 12.9475 11.5865 12.9475 11.9034C12.9475 12.2202 12.6879 12.4771 12.3678 12.4771H6.7638C6.44363 12.4771 6.18408 12.2202 6.18408 11.9034Z" fill="#EB0203"></path>
                    <path fill-rule="evenodd" clip-rule="evenodd" d="M6.18408 8.84116C6.18408 8.52424 6.44363 8.26733 6.7638 8.26733H12.3678C12.6879 8.26733 12.9475 8.52424 12.9475 8.84116C12.9475 9.15807 12.6879 9.41498 12.3678 9.41498H6.7638C6.44363 9.41498 6.18408 9.15807 6.18408 8.84116Z" fill="#EB0203"></path>
                    <path fill-rule="evenodd" clip-rule="evenodd" d="M6.18408 14.9655C6.18408 14.6486 6.44363 14.3917 6.7638 14.3917H10.1455C10.4657 14.3917 10.7252 14.6486 10.7252 14.9655C10.7252 15.2825 10.4657 15.5394 10.1455 15.5394H6.7638C6.44363 15.5394 6.18408 15.2825 6.18408 14.9655Z" fill="#EB0203"></path>
                    <path fill-rule="evenodd" clip-rule="evenodd" d="M3.67139 5.77914C3.67139 5.46223 3.93094 5.20532 4.25111 5.20532H4.63759C4.95776 5.20532 5.21731 5.46223 5.21731 5.77914C5.21731 6.09606 4.95776 6.35297 4.63759 6.35297H4.25111C3.93094 6.35297 3.67139 6.09606 3.67139 5.77914Z" fill="#EB0203"></path>
                    <path fill-rule="evenodd" clip-rule="evenodd" d="M3.67139 11.9034C3.67139 11.5865 3.93094 11.3296 4.25111 11.3296H4.63759C4.95776 11.3296 5.21731 11.5865 5.21731 11.9034C5.21731 12.2202 4.95776 12.4771 4.63759 12.4771H4.25111C3.93094 12.4771 3.67139 12.2202 3.67139 11.9034Z" fill="#EB0203"></path>
                    <path fill-rule="evenodd" clip-rule="evenodd" d="M3.67139 8.84116C3.67139 8.52424 3.93094 8.26733 4.25111 8.26733H4.63759C4.95776 8.26733 5.21731 8.52424 5.21731 8.84116C5.21731 9.15807 4.95776 9.41498 4.63759 9.41498H4.25111C3.93094 9.41498 3.67139 9.15807 3.67139 8.84116Z" fill="#EB0203"></path>
                    <path fill-rule="evenodd" clip-rule="evenodd" d="M3.67139 14.9655C3.67139 14.6486 3.93094 14.3917 4.25111 14.3917H4.63759C4.95776 14.3917 5.21731 14.6486 5.21731 14.9655C5.21731 15.2825 4.95776 15.5394 4.63759 15.5394H4.25111C3.93094 15.5394 3.67139 15.2825 3.67139 14.9655Z" fill="#EB0203"></path>
                    <path fill-rule="evenodd" clip-rule="evenodd" d="M0 1.76033C0 0.914738 0.692131 0.229248 1.54592 0.229248H15.0727C15.9265 0.229248 16.6186 0.914738 16.6186 1.76033V11.2818C16.6186 11.5989 16.3591 11.8559 16.0389 11.8559C15.7187 11.8559 15.4592 11.5989 15.4592 11.2818V1.76033C15.4592 1.54893 15.2862 1.37756 15.0727 1.37756H1.54592C1.33247 1.37756 1.15944 1.54893 1.15944 1.76033V18.985C1.15944 19.1964 1.33247 19.3678 1.54592 19.3678H9.27551C9.59568 19.3678 9.85523 19.6249 9.85523 19.942C9.85523 20.2591 9.59568 20.5161 9.27551 20.5161H1.54592C0.692131 20.5161 0 19.8306 0 18.985V1.76033Z" fill="#EB0203"></path>
                    <path fill-rule="evenodd" clip-rule="evenodd" d="M14.6254 13.8718C13.4921 12.8567 11.7821 12.7615 10.6574 13.7147C9.12472 15.0124 9.34891 17.128 10.4413 18.2493L14.0161 21.9126C14.2199 22.1217 14.493 22.2386 14.7824 22.2386C15.0739 22.2386 15.3449 22.1238 15.5487 21.9147L19.1235 18.2514C20.2139 17.13 20.4422 15.0144 18.9075 13.7147C17.7827 12.7634 16.0726 12.8569 14.9392 13.872C14.8856 13.92 14.8333 13.9701 14.7824 14.0222C14.7314 13.97 14.6791 13.9199 14.6254 13.8718ZM18.1546 14.588C19.0972 15.3869 18.9961 16.7262 18.2891 17.4541C18.2888 17.4543 18.2886 17.4546 18.2884 17.4548L14.7834 21.0466L11.2757 17.452C11.2756 17.4519 11.2755 17.4517 11.2753 17.4516C10.5681 16.7252 10.4682 15.3856 11.4108 14.5876L11.4112 14.5872C12.0748 14.0248 13.202 14.0556 13.949 14.8205L14.7824 15.674L15.6158 14.8205C16.3618 14.0567 17.4896 14.0256 18.1545 14.5879" fill="#EB0203"></path>
                    </svg>
                    </button>
                    </div>
                    </div>
                    <p class="ct-tile--brand">Milhafre</p>
                    <p class="ct-tile--quantity">emb. 200 gr</p>
                    </div>
                    <div class="ct-tile-bottom row no-gutters justify-content-between">
                    <div class="ct-price-wrap col-8 col-sm-12">
                    <div class="price js-product-price">
                    <div class="prices-wrapper">
                    <span class="sales ct-tile--price-primary ">
                    <span class="value" content="1.99">
                    <span class="ct-price-formatted">
                    €1,99
                    </span>
                    <span class="ct-m-unit">
                    /un
                    </span>
                    </span>
                    </span>
                    </div>
                    <div class="ct-tile--price-secondary">
                    <span class="ct-price-value">
                    €9,95
                    </span>
                    <span class="ct-m-unit">
                    /kg
                    </span>
                    </div>
                    <p class="ct-discount-amount ct-discount-amount-pvpr">PVP Recomendado: €2,39/un</p>
                    </div>
                    </div>
                    <div class="ct-tile-buy-section d-flex justify-content-center no-gutters col-auto col-sm-12">
                    <div class="col-2 d-sm-flex d-none">
                    <button class="wishlist-toggler guest-mode inactive button button--tertiary" data-pid="6752430" data-add-url="https://www.continente.pt/on/demandware.store/Sites-continente-Site/default/Wishlist-AddProduct?pid=6752430" data-toggle="tooltip" aria-label="Adicionar aos favoritos " data-original-title="Adicionar aos favoritos" data-placement="top">
                    <svg class="active-content" width="100%" height="100%" viewBox="0 0 20 22" fill="none" xmlns="http://www.w3.org/2000/svg">
                    <path fill-rule="evenodd" clip-rule="evenodd" d="M0 1.53052C0 0.685236 0.692171 0 1.54601 0H15.0736C15.9274 0 16.6196 0.685235 16.6196 1.53052V13.4064L15.8127 13.922L14.2658 14.2658L12.7189 13.4064L10.6054 14.3818C10.4994 14.2451 10.3327 14.157 10.1452 14.157H6.76329C6.4431 14.157 6.18354 14.414 6.18354 14.731C6.18354 15.0479 6.4431 15.3049 6.76329 15.3049H10.1452C10.2478 15.3049 10.3441 15.2785 10.4277 15.2322L10.3126 16.8439L13.2345 20.2793H1.54601C0.69217 20.2793 0 19.5941 0 18.7488V1.53052ZM6.18354 5.5483C6.18354 5.23132 6.4431 4.97436 6.76329 4.97436H12.3676C12.6878 4.97436 12.9473 5.23132 12.9473 5.5483C12.9473 5.86528 12.6878 6.12224 12.3676 6.12224H6.76329C6.4431 6.12224 6.18354 5.86528 6.18354 5.5483ZM6.76329 11.0961C6.4431 11.0961 6.18354 11.3531 6.18354 11.6701C6.18354 11.987 6.4431 12.244 6.76329 12.244H12.3676C12.6878 12.244 12.9473 11.987 12.9473 11.6701C12.9473 11.3531 12.6878 11.0961 12.3676 11.0961H6.76329ZM6.18354 8.60985C6.18354 8.29287 6.4431 8.03591 6.76329 8.03591H12.3676C12.6878 8.03591 12.9473 8.29287 12.9473 8.60985C12.9473 8.92684 12.6878 9.1838 12.3676 9.1838H6.76329C6.4431 9.1838 6.18354 8.92684 6.18354 8.60985ZM3.67118 5.5483C3.67118 5.23132 3.93075 4.97436 4.25093 4.97436H4.63743C4.95762 4.97436 5.21719 5.23132 5.21719 5.5483C5.21719 5.86528 4.95762 6.12224 4.63743 6.12224H4.25093C3.93075 6.12224 3.67118 5.86528 3.67118 5.5483ZM4.25093 11.0961C3.93075 11.0961 3.67118 11.3531 3.67118 11.6701C3.67118 11.987 3.93075 12.244 4.25093 12.244H4.63743C4.95762 12.244 5.21719 11.987 5.21719 11.6701C5.21719 11.3531 4.95762 11.0961 4.63743 11.0961H4.25093ZM3.67118 8.60985C3.67118 8.29287 3.93075 8.03591 4.25093 8.03591H4.63743C4.95762 8.03591 5.21719 8.29287 5.21719 8.60985C5.21719 8.92684 4.95762 9.1838 4.63743 9.1838H4.25093C3.93075 9.1838 3.67118 8.92684 3.67118 8.60985ZM4.25093 14.157C3.93075 14.157 3.67118 14.414 3.67118 14.731C3.67118 15.0479 3.93075 15.3049 4.25093 15.3049H4.63743C4.95762 15.3049 5.21719 15.0479 5.21719 14.731C5.21719 14.414 4.95762 14.157 4.63743 14.157H4.25093Z" fill="#EB0203"></path>
                    <path fill-rule="evenodd" clip-rule="evenodd" d="M14.6252 13.6363C13.4918 12.6215 11.7817 12.5264 10.6569 13.4792C9.12421 14.7764 9.34841 16.8912 10.4409 18.0122L14.0159 21.6742C14.2197 21.8832 14.4928 22 14.7822 22C15.0737 22 15.3448 21.8852 15.5486 21.6762L19.1236 18.0142C20.214 16.8933 20.4423 14.7785 18.9075 13.4792C17.7827 12.5283 16.0724 12.6217 14.9391 13.6365C14.8855 13.6845 14.8331 13.7345 14.7822 13.7866C14.7313 13.7345 14.6789 13.6843 14.6252 13.6363ZM18.1546 14.3522C19.0973 15.1508 18.9962 16.4896 18.2891 17.2173C18.2888 17.2175 18.2886 17.2177 18.2884 17.218L14.7832 20.8084L11.2753 17.2151C11.2752 17.215 11.2751 17.2149 11.2749 17.2148C10.5677 16.4887 10.4678 15.1495 11.4104 14.3518L11.4108 14.3514C12.0745 13.7892 13.2018 13.82 13.9488 14.5846L14.7822 15.4378L15.6157 14.5846C16.3617 13.8211 17.4896 13.79 18.1545 14.3521" fill="#EB0203"></path>
                    </svg>
                    <svg class="inactive-content" width="100%" height="100%" viewBox="0 0 20 23" fill="none" xmlns="http://www.w3.org/2000/svg">
                    <path fill-rule="evenodd" clip-rule="evenodd" d="M6.18408 5.77914C6.18408 5.46223 6.44363 5.20532 6.7638 5.20532H12.3678C12.6879 5.20532 12.9475 5.46223 12.9475 5.77914C12.9475 6.09606 12.6879 6.35297 12.3678 6.35297H6.7638C6.44363 6.35297 6.18408 6.09606 6.18408 5.77914Z" fill="#EB0203"></path>
                    <path fill-rule="evenodd" clip-rule="evenodd" d="M6.18408 11.9034C6.18408 11.5865 6.44363 11.3296 6.7638 11.3296H12.3678C12.6879 11.3296 12.9475 11.5865 12.9475 11.9034C12.9475 12.2202 12.6879 12.4771 12.3678 12.4771H6.7638C6.44363 12.4771 6.18408 12.2202 6.18408 11.9034Z" fill="#EB0203"></path>
                    <path fill-rule="evenodd" clip-rule="evenodd" d="M6.18408 8.84116C6.18408 8.52424 6.44363 8.26733 6.7638 8.26733H12.3678C12.6879 8.26733 12.9475 8.52424 12.9475 8.84116C12.9475 9.15807 12.6879 9.41498 12.3678 9.41498H6.7638C6.44363 9.41498 6.18408 9.15807 6.18408 8.84116Z" fill="#EB0203"></path>
                    <path fill-rule="evenodd" clip-rule="evenodd" d="M6.18408 14.9655C6.18408 14.6486 6.44363 14.3917 6.7638 14.3917H10.1455C10.4657 14.3917 10.7252 14.6486 10.7252 14.9655C10.7252 15.2825 10.4657 15.5394 10.1455 15.5394H6.7638C6.44363 15.5394 6.18408 15.2825 6.18408 14.9655Z" fill="#EB0203"></path>
                    <path fill-rule="evenodd" clip-rule="evenodd" d="M3.67139 5.77914C3.67139 5.46223 3.93094 5.20532 4.25111 5.20532H4.63759C4.95776 5.20532 5.21731 5.46223 5.21731 5.77914C5.21731 6.09606 4.95776 6.35297 4.63759 6.35297H4.25111C3.93094 6.35297 3.67139 6.09606 3.67139 5.77914Z" fill="#EB0203"></path>
                    <path fill-rule="evenodd" clip-rule="evenodd" d="M3.67139 11.9034C3.67139 11.5865 3.93094 11.3296 4.25111 11.3296H4.63759C4.95776 11.3296 5.21731 11.5865 5.21731 11.9034C5.21731 12.2202 4.95776 12.4771 4.63759 12.4771H4.25111C3.93094 12.4771 3.67139 12.2202 3.67139 11.9034Z" fill="#EB0203"></path>
                    <path fill-rule="evenodd" clip-rule="evenodd" d="M3.67139 8.84116C3.67139 8.52424 3.93094 8.26733 4.25111 8.26733H4.63759C4.95776 8.26733 5.21731 8.52424 5.21731 8.84116C5.21731 9.15807 4.95776 9.41498 4.63759 9.41498H4.25111C3.93094 9.41498 3.67139 9.15807 3.67139 8.84116Z" fill="#EB0203"></path>
                    <path fill-rule="evenodd" clip-rule="evenodd" d="M3.67139 14.9655C3.67139 14.6486 3.93094 14.3917 4.25111 14.3917H4.63759C4.95776 14.3917 5.21731 14.6486 5.21731 14.9655C5.21731 15.2825 4.95776 15.5394 4.63759 15.5394H4.25111C3.93094 15.5394 3.67139 15.2825 3.67139 14.9655Z" fill="#EB0203"></path>
                    <path fill-rule="evenodd" clip-rule="evenodd" d="M0 1.76033C0 0.914738 0.692131 0.229248 1.54592 0.229248H15.0727C15.9265 0.229248 16.6186 0.914738 16.6186 1.76033V11.2818C16.6186 11.5989 16.3591 11.8559 16.0389 11.8559C15.7187 11.8559 15.4592 11.5989 15.4592 11.2818V1.76033C15.4592 1.54893 15.2862 1.37756 15.0727 1.37756H1.54592C1.33247 1.37756 1.15944 1.54893 1.15944 1.76033V18.985C1.15944 19.1964 1.33247 19.3678 1.54592 19.3678H9.27551C9.59568 19.3678 9.85523 19.6249 9.85523 19.942C9.85523 20.2591 9.59568 20.5161 9.27551 20.5161H1.54592C0.692131 20.5161 0 19.8306 0 18.985V1.76033Z" fill="#EB0203"></path>
                    <path fill-rule="evenodd" clip-rule="evenodd" d="M14.6254 13.8718C13.4921 12.8567 11.7821 12.7615 10.6574 13.7147C9.12472 15.0124 9.34891 17.128 10.4413 18.2493L14.0161 21.9126C14.2199 22.1217 14.493 22.2386 14.7824 22.2386C15.0739 22.2386 15.3449 22.1238 15.5487 21.9147L19.1235 18.2514C20.2139 17.13 20.4422 15.0144 18.9075 13.7147C17.7827 12.7634 16.0726 12.8569 14.9392 13.872C14.8856 13.92 14.8333 13.9701 14.7824 14.0222C14.7314 13.97 14.6791 13.9199 14.6254 13.8718ZM18.1546 14.588C19.0972 15.3869 18.9961 16.7262 18.2891 17.4541C18.2888 17.4543 18.2886 17.4546 18.2884 17.4548L14.7834 21.0466L11.2757 17.452C11.2756 17.4519 11.2755 17.4517 11.2753 17.4516C10.5681 16.7252 10.4682 15.3856 11.4108 14.5876L11.4112 14.5872C12.0748 14.0248 13.202 14.0556 13.949 14.8205L14.7824 15.674L15.6158 14.8205C16.3618 14.0567 17.4896 14.0256 18.1545 14.5879" fill="#EB0203"></path>
                    </svg>
                    </button>
                    </div>
                    <div class="col-sm-10 col-12">
                    <div class="ct-tile-quantity d-none" data-pid="6752430">
                    <input type="hidden" class="add-to-cart-url" value="https://www.continente.pt/on/demandware.store/Sites-continente-Site/default/Cart-AddProduct">
                    <div class="d-none tile-delete-confirmation-btn" data-pid="6752430" data-delay-time="3000" data-in-cart-msg="no carrinho" data-one-product-added="Adicionado ao carrinho" data-remove-from-cart-msg="Removido do carrinho" data-stay-open="6000.0" data-confirmation-image="{&quot;url&quot;:&quot;https://www.continente.pt/dw/image/v2/BDVS_PRD/on/demandware.static/-/Sites-col-master-catalog/default/dwe4b3dc18/images/col/675/6752430-frente.jpg?sw=87&amp;sh=80&quot;,&quot;fallbackimage&quot;:{&quot;url&quot;:&quot;https://www.continente.pt/dw/image/v2/BDVS_PRD/on/demandware.static/Sites-continente-Site/-/default/dw7c42b4da/images/noimagelarge_product.png?sw=87&amp;sh=80&quot;,&quot;title&quot;:&quot;Queijo Flamengo Fatiado&quot;,&quot;alt&quot;:&quot;Queijo Flamengo Fatiado&quot;},&quot;title&quot;:&quot;Queijo Flamengo Fatiado&quot;,&quot;alt&quot;:&quot;Queijo Flamengo Fatiado&quot;}"></div>
                    <div class="ct-tile-quantity-update quantity-update product-qty-vue" data-remove-action="https://www.continente.pt/on/demandware.store/Sites-continente-Site/default/Cart-RemoveProductLineItem" data-action="https://www.continente.pt/on/demandware.store/Sites-continente-Site/default/Cart-UpdateQuantity" data-dimension-update="https://www.continente.pt/on/demandware.store/Sites-continente-Site/default/Cart-DimensionUpdate" data-pid="6752430" data-uuid="90f41eb93ab5f0447ee1c1485a" data-add-delay="500.0" data-measure-options="{&quot;hasConversionRate&quot;:false,&quot;hasAlternativeSaleUnit&quot;:false,&quot;unitConversionRate&quot;:0,&quot;minOrderQuantity&quot;:1,&quot;stepQuantity&quot;:1,&quot;primaryunit&quot;:&quot;un&quot;,&quot;secondaryunit&quot;:&quot;kg&quot;,&quot;selectedunit&quot;:&quot;primary&quot;,&quot;maxNumberOfUnitsPerSale&quot;:50}" data-price-available="null" :data-has-error="isMaxQtyReached || isMinQtyReached || qtySelectedMoreThanOne">
                    <template v-show="prodUnits">
                    <div class="quantity-input-wrapper has-units">
                    <label class="visually-hidden" :for="'quantity-' + pid + additionalTag">
                    Quantidade no carrinho
                    </label>
                    <input :ref="'quantityInput-' + pid + additionalTag" class="add-to-cart-quantity form-control ct-form-input text-center" inputmode="numeric" :class="{'is-invalid': isInvalid}" :data-pid="pid + additionalTag" :name="'quantity-' + pid + additionalTag" type="text" aria-label="Insira a quantidade" title="" v-model="displayValue" @change="updateQuantity" @focus="updateQtyFormat" @blur="restoreQtyFormat" :disabled="!isPriceAvailable">
                    <span class="quantity-icon quantity-icon--minus">
                    <button class="decrease-quantity-btn" @click="updateQuantity" :disabled="!isPriceAvailable" role="button" aria-label="Reduzir quantidade">
                    <i class="css-math-minus"></i>
                    </button>
                    </span>
                    <span class="quantity-icon quantity-icon--plus">
                    <button class="increase-quantity-btn" @click="updateQuantity" :disabled="isMaxQtyReached || !isPriceAvailable" role="button" aria-label="Aumentar quantidade">
                    <i class="css-math-plus"></i>
                    </button>
                    <span class="quantity-btn-disabled-placeholder"></span>
                    </span>
                    <template v-if="isPDP">
                    <span class="quantity-error ct-span-error text-sm-center product-max-allocation" v-if="isMaxQtyReached">
                    Quantidade máxima atingida
                    </span>
                    <span class="quantity-error ct-span-product text-sm-center product-allocation" v-if="!isMinQtyReached &amp;&amp; !isMaxQtyReached">
                    {{quantitySelected}} no carrinho
                    </span>
                    <span class="quantity-error ct-span-error text-sm-center product-min-allocation" :data-pid="pid" v-if="isMinQtyReached &amp;&amp; !isMaxQtyReached">
                    Quantidade mínima atingida
                    </span>
                    </template>
                    </div>
                    <template v-if="showNotes">
                    <div class="add-note-link-container ">
                    <div class="add-note">
                    <a href="/produto/queijo-flamengo-fatiado-milhafre-6752430.html?showNote=true" class="ct-add-note-redirect-pdp" aria-label="Adicionar comentário">
                    <span class="svg-wrapper svg-icon-notes" style="width:19px; height:20px">
                    <svg class="svg-inline icon-notes" viewBox="0 0 28 30" xmlns="http://www.w3.org/2000/svg" width="100%" height="100%"><path d="M21.738 0C22.985 0 24 1.04 24 2.319V12.47c0 .469-.37.848-.828.848-.457 0-.827-.38-.827-.848V2.32c0-.343-.273-.622-.607-.622H2.262c-.334 0-.607.279-.607.622V27.68c0 .343.273.622.607.622h7.81c.457 0 .827.38.827.849 0 .468-.37.848-.827.848h-7.81C1.015 30 0 28.96 0 27.681V2.32C0 1.04 1.015 0 2.262 0h19.476zm2.844 16.004l.227.007c.823.053 1.589.39 2.176.964.64.627.993 1.46.993 2.349 0 .888-.353 1.722-.993 2.348l-6.83 6.665c-.11.108-.247.186-.397.226l-5.032 1.363c-.078.021-.16.032-.241.032-.242 0-.478-.097-.647-.266-.23-.231-.314-.566-.218-.874l1.49-4.798c.044-.139.122-.266.227-.369l6.844-6.677c.64-.625 1.493-.97 2.401-.97zm-2.886 3.94l-4.922 4.802-.947 3.048 3.22-.872 4.897-4.78-2.248-2.197zm2.887-2.174c-.425 0-.824.162-1.124.455l-.484.472 2.248 2.197.484-.472c.62-.606.62-1.591 0-2.197l-.117-.104c-.283-.227-.636-.35-1.007-.35zm-10.839.022c.498 0 .904.396.904.883 0 .488-.406.884-.904.884H5.946c-.499 0-.904-.396-.904-.884 0-.487.405-.883.904-.883zm5.042-4.876c.498 0 .904.397.904.884s-.406.884-.904.884H5.946c-.499 0-.904-.397-.904-.884s.405-.884.904-.884zm0-4.875c.498 0 .904.396.904.884 0 .487-.406.883-.904.883H5.946c-.499 0-.904-.396-.904-.883 0-.488.405-.884.904-.884z" fill="#EB0203" fill-rule="evenodd"></path></svg>
                    </span>
                    <div class="available-note d-none"></div>
                    </a>
                    </div>
                    </div>
                    </template>
                    <div class="measurement-unit-section" v-if="isPriceAvailable &amp;&amp; prodUnits ? prodUnits.hasAlternativeUnit : false">
                    <div class="ct-form-radio" @click="setDimension">
                    <input type="radio" title="" class="ct-form-check-input product-measurement-unit" :data-type="prodUnits.selectedUnit == prodUnits.secondaryUnit ? 'primary' : ''" :id="prodUnits.secondaryUnit + '-' + pid + '-measurement-unit-ptile' + additionalTag" :name="'measurement-unit-' + pid + '-ptile' + additionalTag" :value="prodUnits.secondaryUnit" v-model="prodUnits.selectedUnit">
                    <label :class="prodUnits.secondaryUnit + '-label ct-form-check-label mb-0'" :for="prodUnits.secondaryUnit + '-' + pid + '-measurement-unit-ptile' + additionalTag">
                    {{prodUnits.secondaryUnit}}
                    </label>
                    <span class="checkmark"></span>
                    </div>
                    <div class="ct-form-radio" @click="setDimension">
                    <input type="radio" title="" class="ct-form-check-input product-measurement-unit" :data-type="prodUnits.selectedUnit == prodUnits.primaryUnit ? 'primary' : ''" :id="prodUnits.primaryUnit + '-' + pid + '-measurement-unit-ptile' + additionalTag" :name="'measurement-unit-' + pid + '-ptile' + additionalTag" :value="prodUnits.primaryUnit" v-model="prodUnits.selectedUnit">
                    <label :class="prodUnits.primaryUnit + '-label ct-form-check-label mb-0'" :for="prodUnits.primaryUnit + '-' + pid + '-measurement-unit-ptile' + additionalTag">
                    {{prodUnits.primaryUnit}}
                    </label>
                    <span class="checkmark"></span>
                    </div>
                    </div>
                    <template v-if="!isPDP &amp;&amp; isPriceAvailable">
                    <span class="quantity-error ct-span-error product-max-allocation" v-if="isMaxQtyReached">
                    Quantidade máxima atingida
                    </span>
                    <span class="quantity-error ct-span-product product-allocation" v-if="!isMinQtyReached &amp;&amp; !isMaxQtyReached">
                    {{quantitySelected}} no carrinho
                    </span>
                    <span class="quantity-error ct-span-error product-min-allocation" :data-pid="pid" v-if="isMinQtyReached &amp;&amp; !isMaxQtyReached">
                    Quantidade mínima atingida
                    </span>
                    </template>
                    </template>
                    </div>
                    <input class="quantity-value-mask d-none" name="quantity" type="number" min="0" value="">
                    </div>
                    <button type="button" class="add-to-cart button js-add-to-cart js-add-to-cart-tile 6752430 button--primary dynamic-layout-btn" data-toggle="modal" data-target="#chooseBonusProductModal" data-pid="6752430" data-quantity-value="null" aria-label="Carrinho">
                    <span class="d-block d-sm-none">
                    <span class="svg-wrapper svg-icon-cart" style="width:20px; height:20px">
                    <svg class="svg-inline icon-cart" xmlns="http://www.w3.org/2000/svg" viewBox="0 0 500 500" width="100%" height="100%"><path fill="#EB0203" fill-rule="evenodd" d="M 485.67317,94.386311 C 476.37798,83.847129 463.09468,78.03348 448.30404,78.03348 H 90.690813 L 87.079511,51.327997 C 83.185582,22.539551 62.962285,0 41.011841,0 H 14.727836 C 6.563151,0 0,6.5286975 0,14.580758 c 0,8.05206 6.5945535,14.580758 14.727836,14.580758 h 26.284005 c 4.710398,0 14.696435,9.855222 16.894619,26.021523 L 100.01739,368.0631 c 1.88416,13.77244 9.01256,26.70549 20.1605,36.37417 8.25889,7.15046 18.02511,11.9071 28.26237,13.89679 -4.17655,7.58572 -6.53175,16.25957 -6.53175,25.493 0,29.53459 24.27424,53.59751 54.13815,53.59751 29.8325,0 54.13814,-24.03184 54.13814,-53.59751 0,-8.79818 -2.19818,-17.09897 -5.9979,-24.43598 h 77.12488 c -3.79973,7.33701 -5.96652,15.6378 -5.96652,24.43598 0,29.53459 24.27424,53.59751 54.13817,53.59751 29.83249,0 54.13814,-24.03184 54.13814,-53.59751 0,-8.79818 -2.1982,-17.09897 -5.9979,-24.43598 h 38.56243 c 8.13328,0 14.72783,-6.5287 14.72783,-14.61183 0,-8.02098 -6.59455,-14.54967 -14.72783,-14.54967 H 159.24277 c -14.38241,0 -28.13677,-11.90711 -30.02092,-26.02153 l -3.07746,-22.88154 h 290.6314 c 14.03698,0 27.94834,-5.28513 39.06488,-14.95381 11.11652,-9.6376 18.27632,-22.57065 20.16048,-36.37417 l 21.10259,-156.78201 c 1.94694,-14.51858 -2.10398,-28.29103 -11.43057,-38.861299 z M 220.76053,443.82706 c 0,13.49265 -11.08513,24.46709 -24.68247,24.46709 -13.62874,0 -24.71387,-10.97444 -24.71387,-24.46709 0,-13.49262 11.08513,-24.43598 24.71387,-24.43598 13.59734,0 24.68247,10.94336 24.68247,24.43598 z m 173.43675,0 c 0,13.49265 -11.08512,24.46709 -24.68245,24.46709 -13.62876,0 -24.71388,-10.97444 -24.71388,-24.46709 0,-13.49262 11.08512,-24.43598 24.71388,-24.43598 13.59733,0 24.68245,10.94336 24.68245,24.43598 z m 73.7648,-314.46558 -21.13397,156.782 c -1.88416,14.11442 -15.63851,26.05261 -30.02091,26.05261 H 122.25046 L 94.616142,107.19499 H 448.33544 c 6.18632,0 11.61896,2.2695 15.23028,6.37326 3.64269,4.13484 5.21283,9.73086 4.39636,15.79323 z"></path></svg>
                    </span>
                    </span>
                    <span class="add-to-cart--text d-none d-sm-block">Carrinho</span>
                    </button>
                    </div>
                    </div>
                    </div>
                    </div>
                    
                    <div class="col-12 d-sm-none">
                    </div>
                    </div>
                    </div>
                    </div>
                    </div>
                    <div class="col-12 col-sm-3 col-lg-2 productTile" data-idx="25">
                    
                    <script type="text/javascript">//<!--
                    /* <![CDATA[ */
                    (function(){
                    try {
                        if(window.CQuotient) {
                        var cq_params = {};
                        
                        cq_params.cookieId = window.CQuotient.getCQCookieId();
                        cq_params.userId = window.CQuotient.getCQUserId();
                        cq_params.emailId = CQuotient.getCQHashedEmail();
                        cq_params.loginId = CQuotient.getCQHashedLogin();
                        cq_params.accumulate = true;
                        cq_params.products = [{
                            id: '7442172',
                            sku: ''
                        }];
                        cq_params.categoryId = 'laticinios';
                        cq_params.refinements = '[{\"name\":\"priceMin\",\"value\":\"0.01\"},{\"name\":\"priceMax\",\"value\":\"null\"},{\"name\":\"curr\",\"value\":\"EUR\"},{\"name\":\"Category\",\"value\":\"laticinios\"}]';
                        cq_params.personalized = 'false';
                        cq_params.sortingRule = 'FOOD-Laticinios';
                        cq_params.imageUUID = '__UNDEFINED__';
                        cq_params.realm = "BDVS";
                        cq_params.siteId = "continente";
                        cq_params.instanceType = "prd";
                        cq_params.queryLocale = "default";
                        cq_params.locale = window.CQuotient.locale;
                        
                        if(window.CQuotient.sendActivity)
                            window.CQuotient.sendActivity(CQuotient.clientId, 'viewCategory', cq_params);
                        else
                            window.CQuotient.activities.push({
                                activityType: 'viewCategory',
                                parameters: cq_params
                            });
                      }
                    } catch(err) {}
                    })();
                    /* ]]> */
                    // -->
                    </script>
                    <script type="text/javascript">//<!--
                    /* <![CDATA[ (viewCategoryProduct-active_data.js) */
                    (function(){
                    try {
                        if (dw.ac) {
                            var search_params = {};
                            search_params.persd = 'false';
                            search_params.refs = '[{\"name\":\"priceMin\",\"value\":\"0.01\"},{\"name\":\"priceMax\",\"value\":\"null\"},{\"name\":\"curr\",\"value\":\"EUR\"},{\"name\":\"Category\",\"value\":\"laticinios\"}]';
                            search_params.sort = 'FOOD-Laticinios';
                            search_params.imageUUID = '';
                            search_params.searchID = 'ff60679a-0a42-4d90-af85-afdcdfaee427';
                            search_params.locale = 'default';
                            search_params.queryLocale = 'default';
                            search_params.showProducts = 'true';
                            dw.ac.applyContext({category: "laticinios", searchData: search_params});
                            if (typeof dw.ac._scheduleDataSubmission === "function") {
                                dw.ac._scheduleDataSubmission();
                            }
                        }
                    } catch(err) {}
                    })();
                    /* ]]> */
                    // -->
                    </script>
                    <script type="text/javascript">//<!--
                    /* <![CDATA[ (viewProduct-active_data.js) */
                    dw.ac._capture({id: "7442172", type: "searchhit"});
                    /* ]]> */
                    // -->
                    </script>
                    <div class="product" data-pid="7442172">
                    <div class="product-tile pid-7442172 ct-product-tile data-layer-pushed" data-delay-time="3000" data-variants-mapping="[]" data-in-cart-msg="no carrinho" data-one-product-added="Adicionado ao carrinho" data-remove-from-cart-msg="Removido do carrinho" data-stay-open="6000.0" data-product-tile-impression="{&quot;name&quot;:&quot;7442172&quot;,&quot;id&quot;:&quot;7442172&quot;,&quot;price&quot;:0.99,&quot;brand&quot;:&quot;Continente&quot;,&quot;category&quot;:[{&quot;category_level_1&quot;:&quot;Laticínios e Ovos&quot;},{&quot;category_level_2&quot;:&quot;Leite&quot;},{&quot;category_level_3&quot;:&quot;Leite sem Lactose&quot;}],&quot;variant&quot;:&quot;&quot;}">
                    <div class="ct-inner-tile-wrap row no-gutters justify-content-center align-content-start">
                    
                    <div class="ct-image-container col-4 col-sm" data-confirmation-image="{&quot;url&quot;:&quot;https://www.continente.pt/dw/image/v2/BDVS_PRD/on/demandware.static/-/Sites-col-master-catalog/default/dw3480d68a/images/col/744/7442172-frente.jpg?sw=87&amp;sh=80&quot;,&quot;fallbackimage&quot;:{&quot;url&quot;:&quot;https://www.continente.pt/dw/image/v2/BDVS_PRD/on/demandware.static/Sites-continente-Site/-/default/dw7c42b4da/images/noimagelarge_product.png?sw=87&amp;sh=80&quot;,&quot;title&quot;:&quot;Leite UHT Meio Gordo sem Lactose&quot;,&quot;alt&quot;:&quot;Leite UHT Meio Gordo sem Lactose&quot;},&quot;title&quot;:&quot;Leite UHT Meio Gordo sem Lactose&quot;,&quot;alt&quot;:&quot;Leite UHT Meio Gordo sem Lactose&quot;}">
                    <a href="https://www.continente.pt/produto/leite-uht-meio-gordo-sem-lactose-continente-7442172.html?cgid=laticinios">
                    <picture class="intrinsic intrinsic--square">
                    <img class="ct-tile-image lazyloaded" loading="lazy" onerror="this.onerror=null;this.src='/on/demandware.static/Sites-continente-Site/-/default/dw7c42b4da/images/noimagelarge_product.png';" data-src="https://www.continente.pt/dw/image/v2/BDVS_PRD/on/demandware.static/-/Sites-col-master-catalog/default/dw3480d68a/images/col/744/7442172-frente.jpg?sw=280&amp;sh=280" alt="Leite UHT Meio Gordo sem Lactose" title="Leite UHT Meio Gordo sem Lactose" src="https://www.continente.pt/dw/image/v2/BDVS_PRD/on/demandware.static/-/Sites-col-master-catalog/default/dw3480d68a/images/col/744/7442172-frente.jpg?sw=280&amp;sh=280">
                    </picture>
                    </a>
                    <div class="color-swatches d-flex" style="margin-left: 5px;">
                    <div class="swatches d-flex">
                    </div>
                    </div>
                    </div>
                    <div class="ct-tile-body col col-sm-auto ">
                    <div class="ct-pdp-details">
                    <div class="ct-pdp-link">
                    <a class="ct-tile--description" href="https://www.continente.pt/produto/leite-uht-meio-gordo-sem-lactose-continente-7442172.html?cgid=laticinios">Leite UHT Meio Gordo sem Lactose</a>
                    <div class="ct-tile--favorite-top d-sm-none">
                    <button class="wishlist-toggler guest-mode inactive button button--tertiary" data-pid="7442172" data-add-url="https://www.continente.pt/on/demandware.store/Sites-continente-Site/default/Wishlist-AddProduct?pid=7442172" data-toggle="tooltip" aria-label="Adicionar aos favoritos " data-original-title="Adicionar aos favoritos" data-placement="top">
                    <svg class="active-content" width="100%" height="100%" viewBox="0 0 20 22" fill="none" xmlns="http://www.w3.org/2000/svg">
                    <path fill-rule="evenodd" clip-rule="evenodd" d="M0 1.53052C0 0.685236 0.692171 0 1.54601 0H15.0736C15.9274 0 16.6196 0.685235 16.6196 1.53052V13.4064L15.8127 13.922L14.2658 14.2658L12.7189 13.4064L10.6054 14.3818C10.4994 14.2451 10.3327 14.157 10.1452 14.157H6.76329C6.4431 14.157 6.18354 14.414 6.18354 14.731C6.18354 15.0479 6.4431 15.3049 6.76329 15.3049H10.1452C10.2478 15.3049 10.3441 15.2785 10.4277 15.2322L10.3126 16.8439L13.2345 20.2793H1.54601C0.69217 20.2793 0 19.5941 0 18.7488V1.53052ZM6.18354 5.5483C6.18354 5.23132 6.4431 4.97436 6.76329 4.97436H12.3676C12.6878 4.97436 12.9473 5.23132 12.9473 5.5483C12.9473 5.86528 12.6878 6.12224 12.3676 6.12224H6.76329C6.4431 6.12224 6.18354 5.86528 6.18354 5.5483ZM6.76329 11.0961C6.4431 11.0961 6.18354 11.3531 6.18354 11.6701C6.18354 11.987 6.4431 12.244 6.76329 12.244H12.3676C12.6878 12.244 12.9473 11.987 12.9473 11.6701C12.9473 11.3531 12.6878 11.0961 12.3676 11.0961H6.76329ZM6.18354 8.60985C6.18354 8.29287 6.4431 8.03591 6.76329 8.03591H12.3676C12.6878 8.03591 12.9473 8.29287 12.9473 8.60985C12.9473 8.92684 12.6878 9.1838 12.3676 9.1838H6.76329C6.4431 9.1838 6.18354 8.92684 6.18354 8.60985ZM3.67118 5.5483C3.67118 5.23132 3.93075 4.97436 4.25093 4.97436H4.63743C4.95762 4.97436 5.21719 5.23132 5.21719 5.5483C5.21719 5.86528 4.95762 6.12224 4.63743 6.12224H4.25093C3.93075 6.12224 3.67118 5.86528 3.67118 5.5483ZM4.25093 11.0961C3.93075 11.0961 3.67118 11.3531 3.67118 11.6701C3.67118 11.987 3.93075 12.244 4.25093 12.244H4.63743C4.95762 12.244 5.21719 11.987 5.21719 11.6701C5.21719 11.3531 4.95762 11.0961 4.63743 11.0961H4.25093ZM3.67118 8.60985C3.67118 8.29287 3.93075 8.03591 4.25093 8.03591H4.63743C4.95762 8.03591 5.21719 8.29287 5.21719 8.60985C5.21719 8.92684 4.95762 9.1838 4.63743 9.1838H4.25093C3.93075 9.1838 3.67118 8.92684 3.67118 8.60985ZM4.25093 14.157C3.93075 14.157 3.67118 14.414 3.67118 14.731C3.67118 15.0479 3.93075 15.3049 4.25093 15.3049H4.63743C4.95762 15.3049 5.21719 15.0479 5.21719 14.731C5.21719 14.414 4.95762 14.157 4.63743 14.157H4.25093Z" fill="#EB0203"></path>
                    <path fill-rule="evenodd" clip-rule="evenodd" d="M14.6252 13.6363C13.4918 12.6215 11.7817 12.5264 10.6569 13.4792C9.12421 14.7764 9.34841 16.8912 10.4409 18.0122L14.0159 21.6742C14.2197 21.8832 14.4928 22 14.7822 22C15.0737 22 15.3448 21.8852 15.5486 21.6762L19.1236 18.0142C20.214 16.8933 20.4423 14.7785 18.9075 13.4792C17.7827 12.5283 16.0724 12.6217 14.9391 13.6365C14.8855 13.6845 14.8331 13.7345 14.7822 13.7866C14.7313 13.7345 14.6789 13.6843 14.6252 13.6363ZM18.1546 14.3522C19.0973 15.1508 18.9962 16.4896 18.2891 17.2173C18.2888 17.2175 18.2886 17.2177 18.2884 17.218L14.7832 20.8084L11.2753 17.2151C11.2752 17.215 11.2751 17.2149 11.2749 17.2148C10.5677 16.4887 10.4678 15.1495 11.4104 14.3518L11.4108 14.3514C12.0745 13.7892 13.2018 13.82 13.9488 14.5846L14.7822 15.4378L15.6157 14.5846C16.3617 13.8211 17.4896 13.79 18.1545 14.3521" fill="#EB0203"></path>
                    </svg>
                    <svg class="inactive-content" width="100%" height="100%" viewBox="0 0 20 23" fill="none" xmlns="http://www.w3.org/2000/svg">
                    <path fill-rule="evenodd" clip-rule="evenodd" d="M6.18408 5.77914C6.18408 5.46223 6.44363 5.20532 6.7638 5.20532H12.3678C12.6879 5.20532 12.9475 5.46223 12.9475 5.77914C12.9475 6.09606 12.6879 6.35297 12.3678 6.35297H6.7638C6.44363 6.35297 6.18408 6.09606 6.18408 5.77914Z" fill="#EB0203"></path>
                    <path fill-rule="evenodd" clip-rule="evenodd" d="M6.18408 11.9034C6.18408 11.5865 6.44363 11.3296 6.7638 11.3296H12.3678C12.6879 11.3296 12.9475 11.5865 12.9475 11.9034C12.9475 12.2202 12.6879 12.4771 12.3678 12.4771H6.7638C6.44363 12.4771 6.18408 12.2202 6.18408 11.9034Z" fill="#EB0203"></path>
                    <path fill-rule="evenodd" clip-rule="evenodd" d="M6.18408 8.84116C6.18408 8.52424 6.44363 8.26733 6.7638 8.26733H12.3678C12.6879 8.26733 12.9475 8.52424 12.9475 8.84116C12.9475 9.15807 12.6879 9.41498 12.3678 9.41498H6.7638C6.44363 9.41498 6.18408 9.15807 6.18408 8.84116Z" fill="#EB0203"></path>
                    <path fill-rule="evenodd" clip-rule="evenodd" d="M6.18408 14.9655C6.18408 14.6486 6.44363 14.3917 6.7638 14.3917H10.1455C10.4657 14.3917 10.7252 14.6486 10.7252 14.9655C10.7252 15.2825 10.4657 15.5394 10.1455 15.5394H6.7638C6.44363 15.5394 6.18408 15.2825 6.18408 14.9655Z" fill="#EB0203"></path>
                    <path fill-rule="evenodd" clip-rule="evenodd" d="M3.67139 5.77914C3.67139 5.46223 3.93094 5.20532 4.25111 5.20532H4.63759C4.95776 5.20532 5.21731 5.46223 5.21731 5.77914C5.21731 6.09606 4.95776 6.35297 4.63759 6.35297H4.25111C3.93094 6.35297 3.67139 6.09606 3.67139 5.77914Z" fill="#EB0203"></path>
                    <path fill-rule="evenodd" clip-rule="evenodd" d="M3.67139 11.9034C3.67139 11.5865 3.93094 11.3296 4.25111 11.3296H4.63759C4.95776 11.3296 5.21731 11.5865 5.21731 11.9034C5.21731 12.2202 4.95776 12.4771 4.63759 12.4771H4.25111C3.93094 12.4771 3.67139 12.2202 3.67139 11.9034Z" fill="#EB0203"></path>
                    <path fill-rule="evenodd" clip-rule="evenodd" d="M3.67139 8.84116C3.67139 8.52424 3.93094 8.26733 4.25111 8.26733H4.63759C4.95776 8.26733 5.21731 8.52424 5.21731 8.84116C5.21731 9.15807 4.95776 9.41498 4.63759 9.41498H4.25111C3.93094 9.41498 3.67139 9.15807 3.67139 8.84116Z" fill="#EB0203"></path>
                    <path fill-rule="evenodd" clip-rule="evenodd" d="M3.67139 14.9655C3.67139 14.6486 3.93094 14.3917 4.25111 14.3917H4.63759C4.95776 14.3917 5.21731 14.6486 5.21731 14.9655C5.21731 15.2825 4.95776 15.5394 4.63759 15.5394H4.25111C3.93094 15.5394 3.67139 15.2825 3.67139 14.9655Z" fill="#EB0203"></path>
                    <path fill-rule="evenodd" clip-rule="evenodd" d="M0 1.76033C0 0.914738 0.692131 0.229248 1.54592 0.229248H15.0727C15.9265 0.229248 16.6186 0.914738 16.6186 1.76033V11.2818C16.6186 11.5989 16.3591 11.8559 16.0389 11.8559C15.7187 11.8559 15.4592 11.5989 15.4592 11.2818V1.76033C15.4592 1.54893 15.2862 1.37756 15.0727 1.37756H1.54592C1.33247 1.37756 1.15944 1.54893 1.15944 1.76033V18.985C1.15944 19.1964 1.33247 19.3678 1.54592 19.3678H9.27551C9.59568 19.3678 9.85523 19.6249 9.85523 19.942C9.85523 20.2591 9.59568 20.5161 9.27551 20.5161H1.54592C0.692131 20.5161 0 19.8306 0 18.985V1.76033Z" fill="#EB0203"></path>
                    <path fill-rule="evenodd" clip-rule="evenodd" d="M14.6254 13.8718C13.4921 12.8567 11.7821 12.7615 10.6574 13.7147C9.12472 15.0124 9.34891 17.128 10.4413 18.2493L14.0161 21.9126C14.2199 22.1217 14.493 22.2386 14.7824 22.2386C15.0739 22.2386 15.3449 22.1238 15.5487 21.9147L19.1235 18.2514C20.2139 17.13 20.4422 15.0144 18.9075 13.7147C17.7827 12.7634 16.0726 12.8569 14.9392 13.872C14.8856 13.92 14.8333 13.9701 14.7824 14.0222C14.7314 13.97 14.6791 13.9199 14.6254 13.8718ZM18.1546 14.588C19.0972 15.3869 18.9961 16.7262 18.2891 17.4541C18.2888 17.4543 18.2886 17.4546 18.2884 17.4548L14.7834 21.0466L11.2757 17.452C11.2756 17.4519 11.2755 17.4517 11.2753 17.4516C10.5681 16.7252 10.4682 15.3856 11.4108 14.5876L11.4112 14.5872C12.0748 14.0248 13.202 14.0556 13.949 14.8205L14.7824 15.674L15.6158 14.8205C16.3618 14.0567 17.4896 14.0256 18.1545 14.5879" fill="#EB0203"></path>
                    </svg>
                    </button>
                    </div>
                    </div>
                    <p class="ct-tile--brand">Continente</p>
                    <p class="ct-tile--quantity">emb. 1 lt</p>
                    </div>
                    <div class="ct-tile-bottom row no-gutters justify-content-between">
                    <div class="ct-price-wrap col-8 col-sm-12">
                    <div class="price js-product-price">
                    <div class="prices-wrapper">
                    <span class="sales ct-tile--price-primary ">
                    <span class="value" content="0.99">
                    <span class="ct-price-formatted">
                    €0,99
                    </span>
                    <span class="ct-m-unit">
                    /un
                    </span>
                    </span>
                    </span>
                    </div>
                    <div class="ct-tile--price-secondary">
                    <span class="ct-price-value">
                    €0,99
                    </span>
                    <span class="ct-m-unit">
                    /lt
                    </span>
                    </div>
                    </div>
                    </div>
                    <div class="ct-tile-buy-section d-flex justify-content-center no-gutters col-auto col-sm-12">
                    <div class="col-2 d-sm-flex d-none">
                    <button class="wishlist-toggler guest-mode inactive button button--tertiary" data-pid="7442172" data-add-url="https://www.continente.pt/on/demandware.store/Sites-continente-Site/default/Wishlist-AddProduct?pid=7442172" data-toggle="tooltip" aria-label="Adicionar aos favoritos " data-original-title="Adicionar aos favoritos" data-placement="top">
                    <svg class="active-content" width="100%" height="100%" viewBox="0 0 20 22" fill="none" xmlns="http://www.w3.org/2000/svg">
                    <path fill-rule="evenodd" clip-rule="evenodd" d="M0 1.53052C0 0.685236 0.692171 0 1.54601 0H15.0736C15.9274 0 16.6196 0.685235 16.6196 1.53052V13.4064L15.8127 13.922L14.2658 14.2658L12.7189 13.4064L10.6054 14.3818C10.4994 14.2451 10.3327 14.157 10.1452 14.157H6.76329C6.4431 14.157 6.18354 14.414 6.18354 14.731C6.18354 15.0479 6.4431 15.3049 6.76329 15.3049H10.1452C10.2478 15.3049 10.3441 15.2785 10.4277 15.2322L10.3126 16.8439L13.2345 20.2793H1.54601C0.69217 20.2793 0 19.5941 0 18.7488V1.53052ZM6.18354 5.5483C6.18354 5.23132 6.4431 4.97436 6.76329 4.97436H12.3676C12.6878 4.97436 12.9473 5.23132 12.9473 5.5483C12.9473 5.86528 12.6878 6.12224 12.3676 6.12224H6.76329C6.4431 6.12224 6.18354 5.86528 6.18354 5.5483ZM6.76329 11.0961C6.4431 11.0961 6.18354 11.3531 6.18354 11.6701C6.18354 11.987 6.4431 12.244 6.76329 12.244H12.3676C12.6878 12.244 12.9473 11.987 12.9473 11.6701C12.9473 11.3531 12.6878 11.0961 12.3676 11.0961H6.76329ZM6.18354 8.60985C6.18354 8.29287 6.4431 8.03591 6.76329 8.03591H12.3676C12.6878 8.03591 12.9473 8.29287 12.9473 8.60985C12.9473 8.92684 12.6878 9.1838 12.3676 9.1838H6.76329C6.4431 9.1838 6.18354 8.92684 6.18354 8.60985ZM3.67118 5.5483C3.67118 5.23132 3.93075 4.97436 4.25093 4.97436H4.63743C4.95762 4.97436 5.21719 5.23132 5.21719 5.5483C5.21719 5.86528 4.95762 6.12224 4.63743 6.12224H4.25093C3.93075 6.12224 3.67118 5.86528 3.67118 5.5483ZM4.25093 11.0961C3.93075 11.0961 3.67118 11.3531 3.67118 11.6701C3.67118 11.987 3.93075 12.244 4.25093 12.244H4.63743C4.95762 12.244 5.21719 11.987 5.21719 11.6701C5.21719 11.3531 4.95762 11.0961 4.63743 11.0961H4.25093ZM3.67118 8.60985C3.67118 8.29287 3.93075 8.03591 4.25093 8.03591H4.63743C4.95762 8.03591 5.21719 8.29287 5.21719 8.60985C5.21719 8.92684 4.95762 9.1838 4.63743 9.1838H4.25093C3.93075 9.1838 3.67118 8.92684 3.67118 8.60985ZM4.25093 14.157C3.93075 14.157 3.67118 14.414 3.67118 14.731C3.67118 15.0479 3.93075 15.3049 4.25093 15.3049H4.63743C4.95762 15.3049 5.21719 15.0479 5.21719 14.731C5.21719 14.414 4.95762 14.157 4.63743 14.157H4.25093Z" fill="#EB0203"></path>
                    <path fill-rule="evenodd" clip-rule="evenodd" d="M14.6252 13.6363C13.4918 12.6215 11.7817 12.5264 10.6569 13.4792C9.12421 14.7764 9.34841 16.8912 10.4409 18.0122L14.0159 21.6742C14.2197 21.8832 14.4928 22 14.7822 22C15.0737 22 15.3448 21.8852 15.5486 21.6762L19.1236 18.0142C20.214 16.8933 20.4423 14.7785 18.9075 13.4792C17.7827 12.5283 16.0724 12.6217 14.9391 13.6365C14.8855 13.6845 14.8331 13.7345 14.7822 13.7866C14.7313 13.7345 14.6789 13.6843 14.6252 13.6363ZM18.1546 14.3522C19.0973 15.1508 18.9962 16.4896 18.2891 17.2173C18.2888 17.2175 18.2886 17.2177 18.2884 17.218L14.7832 20.8084L11.2753 17.2151C11.2752 17.215 11.2751 17.2149 11.2749 17.2148C10.5677 16.4887 10.4678 15.1495 11.4104 14.3518L11.4108 14.3514C12.0745 13.7892 13.2018 13.82 13.9488 14.5846L14.7822 15.4378L15.6157 14.5846C16.3617 13.8211 17.4896 13.79 18.1545 14.3521" fill="#EB0203"></path>
                    </svg>
                    <svg class="inactive-content" width="100%" height="100%" viewBox="0 0 20 23" fill="none" xmlns="http://www.w3.org/2000/svg">
                    <path fill-rule="evenodd" clip-rule="evenodd" d="M6.18408 5.77914C6.18408 5.46223 6.44363 5.20532 6.7638 5.20532H12.3678C12.6879 5.20532 12.9475 5.46223 12.9475 5.77914C12.9475 6.09606 12.6879 6.35297 12.3678 6.35297H6.7638C6.44363 6.35297 6.18408 6.09606 6.18408 5.77914Z" fill="#EB0203"></path>
                    <path fill-rule="evenodd" clip-rule="evenodd" d="M6.18408 11.9034C6.18408 11.5865 6.44363 11.3296 6.7638 11.3296H12.3678C12.6879 11.3296 12.9475 11.5865 12.9475 11.9034C12.9475 12.2202 12.6879 12.4771 12.3678 12.4771H6.7638C6.44363 12.4771 6.18408 12.2202 6.18408 11.9034Z" fill="#EB0203"></path>
                    <path fill-rule="evenodd" clip-rule="evenodd" d="M6.18408 8.84116C6.18408 8.52424 6.44363 8.26733 6.7638 8.26733H12.3678C12.6879 8.26733 12.9475 8.52424 12.9475 8.84116C12.9475 9.15807 12.6879 9.41498 12.3678 9.41498H6.7638C6.44363 9.41498 6.18408 9.15807 6.18408 8.84116Z" fill="#EB0203"></path>
                    <path fill-rule="evenodd" clip-rule="evenodd" d="M6.18408 14.9655C6.18408 14.6486 6.44363 14.3917 6.7638 14.3917H10.1455C10.4657 14.3917 10.7252 14.6486 10.7252 14.9655C10.7252 15.2825 10.4657 15.5394 10.1455 15.5394H6.7638C6.44363 15.5394 6.18408 15.2825 6.18408 14.9655Z" fill="#EB0203"></path>
                    <path fill-rule="evenodd" clip-rule="evenodd" d="M3.67139 5.77914C3.67139 5.46223 3.93094 5.20532 4.25111 5.20532H4.63759C4.95776 5.20532 5.21731 5.46223 5.21731 5.77914C5.21731 6.09606 4.95776 6.35297 4.63759 6.35297H4.25111C3.93094 6.35297 3.67139 6.09606 3.67139 5.77914Z" fill="#EB0203"></path>
                    <path fill-rule="evenodd" clip-rule="evenodd" d="M3.67139 11.9034C3.67139 11.5865 3.93094 11.3296 4.25111 11.3296H4.63759C4.95776 11.3296 5.21731 11.5865 5.21731 11.9034C5.21731 12.2202 4.95776 12.4771 4.63759 12.4771H4.25111C3.93094 12.4771 3.67139 12.2202 3.67139 11.9034Z" fill="#EB0203"></path>
                    <path fill-rule="evenodd" clip-rule="evenodd" d="M3.67139 8.84116C3.67139 8.52424 3.93094 8.26733 4.25111 8.26733H4.63759C4.95776 8.26733 5.21731 8.52424 5.21731 8.84116C5.21731 9.15807 4.95776 9.41498 4.63759 9.41498H4.25111C3.93094 9.41498 3.67139 9.15807 3.67139 8.84116Z" fill="#EB0203"></path>
                    <path fill-rule="evenodd" clip-rule="evenodd" d="M3.67139 14.9655C3.67139 14.6486 3.93094 14.3917 4.25111 14.3917H4.63759C4.95776 14.3917 5.21731 14.6486 5.21731 14.9655C5.21731 15.2825 4.95776 15.5394 4.63759 15.5394H4.25111C3.93094 15.5394 3.67139 15.2825 3.67139 14.9655Z" fill="#EB0203"></path>
                    <path fill-rule="evenodd" clip-rule="evenodd" d="M0 1.76033C0 0.914738 0.692131 0.229248 1.54592 0.229248H15.0727C15.9265 0.229248 16.6186 0.914738 16.6186 1.76033V11.2818C16.6186 11.5989 16.3591 11.8559 16.0389 11.8559C15.7187 11.8559 15.4592 11.5989 15.4592 11.2818V1.76033C15.4592 1.54893 15.2862 1.37756 15.0727 1.37756H1.54592C1.33247 1.37756 1.15944 1.54893 1.15944 1.76033V18.985C1.15944 19.1964 1.33247 19.3678 1.54592 19.3678H9.27551C9.59568 19.3678 9.85523 19.6249 9.85523 19.942C9.85523 20.2591 9.59568 20.5161 9.27551 20.5161H1.54592C0.692131 20.5161 0 19.8306 0 18.985V1.76033Z" fill="#EB0203"></path>
                    <path fill-rule="evenodd" clip-rule="evenodd" d="M14.6254 13.8718C13.4921 12.8567 11.7821 12.7615 10.6574 13.7147C9.12472 15.0124 9.34891 17.128 10.4413 18.2493L14.0161 21.9126C14.2199 22.1217 14.493 22.2386 14.7824 22.2386C15.0739 22.2386 15.3449 22.1238 15.5487 21.9147L19.1235 18.2514C20.2139 17.13 20.4422 15.0144 18.9075 13.7147C17.7827 12.7634 16.0726 12.8569 14.9392 13.872C14.8856 13.92 14.8333 13.9701 14.7824 14.0222C14.7314 13.97 14.6791 13.9199 14.6254 13.8718ZM18.1546 14.588C19.0972 15.3869 18.9961 16.7262 18.2891 17.4541C18.2888 17.4543 18.2886 17.4546 18.2884 17.4548L14.7834 21.0466L11.2757 17.452C11.2756 17.4519 11.2755 17.4517 11.2753 17.4516C10.5681 16.7252 10.4682 15.3856 11.4108 14.5876L11.4112 14.5872C12.0748 14.0248 13.202 14.0556 13.949 14.8205L14.7824 15.674L15.6158 14.8205C16.3618 14.0567 17.4896 14.0256 18.1545 14.5879" fill="#EB0203"></path>
                    </svg>
                    </button>
                    </div>
                    <div class="col-sm-10 col-12">
                    <div class="ct-tile-quantity d-none" data-pid="7442172">
                    <input type="hidden" class="add-to-cart-url" value="https://www.continente.pt/on/demandware.store/Sites-continente-Site/default/Cart-AddProduct">
                    <div class="d-none tile-delete-confirmation-btn" data-pid="7442172" data-delay-time="3000" data-in-cart-msg="no carrinho" data-one-product-added="Adicionado ao carrinho" data-remove-from-cart-msg="Removido do carrinho" data-stay-open="6000.0" data-confirmation-image="{&quot;url&quot;:&quot;https://www.continente.pt/dw/image/v2/BDVS_PRD/on/demandware.static/-/Sites-col-master-catalog/default/dw3480d68a/images/col/744/7442172-frente.jpg?sw=87&amp;sh=80&quot;,&quot;fallbackimage&quot;:{&quot;url&quot;:&quot;https://www.continente.pt/dw/image/v2/BDVS_PRD/on/demandware.static/Sites-continente-Site/-/default/dw7c42b4da/images/noimagelarge_product.png?sw=87&amp;sh=80&quot;,&quot;title&quot;:&quot;Leite UHT Meio Gordo sem Lactose&quot;,&quot;alt&quot;:&quot;Leite UHT Meio Gordo sem Lactose&quot;},&quot;title&quot;:&quot;Leite UHT Meio Gordo sem Lactose&quot;,&quot;alt&quot;:&quot;Leite UHT Meio Gordo sem Lactose&quot;}"></div>
                    <div class="ct-tile-quantity-update quantity-update product-qty-vue" data-remove-action="https://www.continente.pt/on/demandware.store/Sites-continente-Site/default/Cart-RemoveProductLineItem" data-action="https://www.continente.pt/on/demandware.store/Sites-continente-Site/default/Cart-UpdateQuantity" data-dimension-update="https://www.continente.pt/on/demandware.store/Sites-continente-Site/default/Cart-DimensionUpdate" data-pid="7442172" data-uuid="c5cc8731f107297e0502fcaaec" data-add-delay="500.0" data-measure-options="{&quot;hasConversionRate&quot;:false,&quot;hasAlternativeSaleUnit&quot;:false,&quot;unitConversionRate&quot;:0,&quot;minOrderQuantity&quot;:6,&quot;stepQuantity&quot;:6,&quot;primaryunit&quot;:&quot;un&quot;,&quot;secondaryunit&quot;:&quot;lt&quot;,&quot;selectedunit&quot;:&quot;primary&quot;,&quot;maxNumberOfUnitsPerSale&quot;:54}" data-price-available="null" :data-has-error="isMaxQtyReached || isMinQtyReached || qtySelectedMoreThanOne">
                    <template v-show="prodUnits">
                    <div class="quantity-input-wrapper has-units">
                    <label class="visually-hidden" :for="'quantity-' + pid + additionalTag">
                    Quantidade no carrinho
                    </label>
                    <input :ref="'quantityInput-' + pid + additionalTag" class="add-to-cart-quantity form-control ct-form-input text-center" inputmode="numeric" :class="{'is-invalid': isInvalid}" :data-pid="pid + additionalTag" :name="'quantity-' + pid + additionalTag" type="text" aria-label="Insira a quantidade" title="" v-model="displayValue" @change="updateQuantity" @focus="updateQtyFormat" @blur="restoreQtyFormat" :disabled="!isPriceAvailable">
                    <span class="quantity-icon quantity-icon--minus">
                    <button class="decrease-quantity-btn" @click="updateQuantity" :disabled="!isPriceAvailable" role="button" aria-label="Reduzir quantidade">
                    <i class="css-math-minus"></i>
                    </button>
                    </span>
                    <span class="quantity-icon quantity-icon--plus">
                    <button class="increase-quantity-btn" @click="updateQuantity" :disabled="isMaxQtyReached || !isPriceAvailable" role="button" aria-label="Aumentar quantidade">
                    <i class="css-math-plus"></i>
                    </button>
                    <span class="quantity-btn-disabled-placeholder"></span>
                    </span>
                    <template v-if="isPDP">
                    <span class="quantity-error ct-span-error text-sm-center product-max-allocation" v-if="isMaxQtyReached">
                    Quantidade máxima atingida
                    </span>
                    <span class="quantity-error ct-span-product text-sm-center product-allocation" v-if="!isMinQtyReached &amp;&amp; !isMaxQtyReached">
                    {{quantitySelected}} no carrinho
                    </span>
                    <span class="quantity-error ct-span-error text-sm-center product-min-allocation" :data-pid="pid" v-if="isMinQtyReached &amp;&amp; !isMaxQtyReached">
                    Quantidade mínima atingida
                    </span>
                    </template>
                    </div>
                    <template v-if="showNotes">
                    <div class="add-note-link-container ">
                    <div class="add-note">
                    <a href="/produto/leite-uht-meio-gordo-sem-lactose-continente-7442172.html?showNote=true" class="ct-add-note-redirect-pdp" aria-label="Adicionar comentário">
                    <span class="svg-wrapper svg-icon-notes" style="width:19px; height:20px">
                    <svg class="svg-inline icon-notes" viewBox="0 0 28 30" xmlns="http://www.w3.org/2000/svg" width="100%" height="100%"><path d="M21.738 0C22.985 0 24 1.04 24 2.319V12.47c0 .469-.37.848-.828.848-.457 0-.827-.38-.827-.848V2.32c0-.343-.273-.622-.607-.622H2.262c-.334 0-.607.279-.607.622V27.68c0 .343.273.622.607.622h7.81c.457 0 .827.38.827.849 0 .468-.37.848-.827.848h-7.81C1.015 30 0 28.96 0 27.681V2.32C0 1.04 1.015 0 2.262 0h19.476zm2.844 16.004l.227.007c.823.053 1.589.39 2.176.964.64.627.993 1.46.993 2.349 0 .888-.353 1.722-.993 2.348l-6.83 6.665c-.11.108-.247.186-.397.226l-5.032 1.363c-.078.021-.16.032-.241.032-.242 0-.478-.097-.647-.266-.23-.231-.314-.566-.218-.874l1.49-4.798c.044-.139.122-.266.227-.369l6.844-6.677c.64-.625 1.493-.97 2.401-.97zm-2.886 3.94l-4.922 4.802-.947 3.048 3.22-.872 4.897-4.78-2.248-2.197zm2.887-2.174c-.425 0-.824.162-1.124.455l-.484.472 2.248 2.197.484-.472c.62-.606.62-1.591 0-2.197l-.117-.104c-.283-.227-.636-.35-1.007-.35zm-10.839.022c.498 0 .904.396.904.883 0 .488-.406.884-.904.884H5.946c-.499 0-.904-.396-.904-.884 0-.487.405-.883.904-.883zm5.042-4.876c.498 0 .904.397.904.884s-.406.884-.904.884H5.946c-.499 0-.904-.397-.904-.884s.405-.884.904-.884zm0-4.875c.498 0 .904.396.904.884 0 .487-.406.883-.904.883H5.946c-.499 0-.904-.396-.904-.883 0-.488.405-.884.904-.884z" fill="#EB0203" fill-rule="evenodd"></path></svg>
                    </span>
                    <div class="available-note d-none"></div>
                    </a>
                    </div>
                    </div>
                    </template>
                    <div class="measurement-unit-section" v-if="isPriceAvailable &amp;&amp; prodUnits ? prodUnits.hasAlternativeUnit : false">
                    <div class="ct-form-radio" @click="setDimension">
                    <input type="radio" title="" class="ct-form-check-input product-measurement-unit" :data-type="prodUnits.selectedUnit == prodUnits.secondaryUnit ? 'primary' : ''" :id="prodUnits.secondaryUnit + '-' + pid + '-measurement-unit-ptile' + additionalTag" :name="'measurement-unit-' + pid + '-ptile' + additionalTag" :value="prodUnits.secondaryUnit" v-model="prodUnits.selectedUnit">
                    <label :class="prodUnits.secondaryUnit + '-label ct-form-check-label mb-0'" :for="prodUnits.secondaryUnit + '-' + pid + '-measurement-unit-ptile' + additionalTag">
                    {{prodUnits.secondaryUnit}}
                    </label>
                    <span class="checkmark"></span>
                    </div>
                    <div class="ct-form-radio" @click="setDimension">
                    <input type="radio" title="" class="ct-form-check-input product-measurement-unit" :data-type="prodUnits.selectedUnit == prodUnits.primaryUnit ? 'primary' : ''" :id="prodUnits.primaryUnit + '-' + pid + '-measurement-unit-ptile' + additionalTag" :name="'measurement-unit-' + pid + '-ptile' + additionalTag" :value="prodUnits.primaryUnit" v-model="prodUnits.selectedUnit">
                    <label :class="prodUnits.primaryUnit + '-label ct-form-check-label mb-0'" :for="prodUnits.primaryUnit + '-' + pid + '-measurement-unit-ptile' + additionalTag">
                    {{prodUnits.primaryUnit}}
                    </label>
                    <span class="checkmark"></span>
                    </div>
                    </div>
                    <template v-if="!isPDP &amp;&amp; isPriceAvailable">
                    <span class="quantity-error ct-span-error product-max-allocation" v-if="isMaxQtyReached">
                    Quantidade máxima atingida
                    </span>
                    <span class="quantity-error ct-span-product product-allocation" v-if="!isMinQtyReached &amp;&amp; !isMaxQtyReached">
                    {{quantitySelected}} no carrinho
                    </span>
                    <span class="quantity-error ct-span-error product-min-allocation" :data-pid="pid" v-if="isMinQtyReached &amp;&amp; !isMaxQtyReached">
                    Quantidade mínima atingida
                    </span>
                    </template>
                    </template>
                    </div>
                    <input class="quantity-value-mask d-none" name="quantity" type="number" min="0" value="">
                    </div>
                    <button type="button" class="add-to-cart button js-add-to-cart js-add-to-cart-tile 7442172 button--primary dynamic-layout-btn" data-toggle="modal" data-target="#chooseBonusProductModal" data-pid="7442172" data-quantity-value="null" aria-label="Carrinho">
                    <span class="d-block d-sm-none">
                    <span class="svg-wrapper svg-icon-cart" style="width:20px; height:20px">
                    <svg class="svg-inline icon-cart" xmlns="http://www.w3.org/2000/svg" viewBox="0 0 500 500" width="100%" height="100%"><path fill="#EB0203" fill-rule="evenodd" d="M 485.67317,94.386311 C 476.37798,83.847129 463.09468,78.03348 448.30404,78.03348 H 90.690813 L 87.079511,51.327997 C 83.185582,22.539551 62.962285,0 41.011841,0 H 14.727836 C 6.563151,0 0,6.5286975 0,14.580758 c 0,8.05206 6.5945535,14.580758 14.727836,14.580758 h 26.284005 c 4.710398,0 14.696435,9.855222 16.894619,26.021523 L 100.01739,368.0631 c 1.88416,13.77244 9.01256,26.70549 20.1605,36.37417 8.25889,7.15046 18.02511,11.9071 28.26237,13.89679 -4.17655,7.58572 -6.53175,16.25957 -6.53175,25.493 0,29.53459 24.27424,53.59751 54.13815,53.59751 29.8325,0 54.13814,-24.03184 54.13814,-53.59751 0,-8.79818 -2.19818,-17.09897 -5.9979,-24.43598 h 77.12488 c -3.79973,7.33701 -5.96652,15.6378 -5.96652,24.43598 0,29.53459 24.27424,53.59751 54.13817,53.59751 29.83249,0 54.13814,-24.03184 54.13814,-53.59751 0,-8.79818 -2.1982,-17.09897 -5.9979,-24.43598 h 38.56243 c 8.13328,0 14.72783,-6.5287 14.72783,-14.61183 0,-8.02098 -6.59455,-14.54967 -14.72783,-14.54967 H 159.24277 c -14.38241,0 -28.13677,-11.90711 -30.02092,-26.02153 l -3.07746,-22.88154 h 290.6314 c 14.03698,0 27.94834,-5.28513 39.06488,-14.95381 11.11652,-9.6376 18.27632,-22.57065 20.16048,-36.37417 l 21.10259,-156.78201 c 1.94694,-14.51858 -2.10398,-28.29103 -11.43057,-38.861299 z M 220.76053,443.82706 c 0,13.49265 -11.08513,24.46709 -24.68247,24.46709 -13.62874,0 -24.71387,-10.97444 -24.71387,-24.46709 0,-13.49262 11.08513,-24.43598 24.71387,-24.43598 13.59734,0 24.68247,10.94336 24.68247,24.43598 z m 173.43675,0 c 0,13.49265 -11.08512,24.46709 -24.68245,24.46709 -13.62876,0 -24.71388,-10.97444 -24.71388,-24.46709 0,-13.49262 11.08512,-24.43598 24.71388,-24.43598 13.59733,0 24.68245,10.94336 24.68245,24.43598 z m 73.7648,-314.46558 -21.13397,156.782 c -1.88416,14.11442 -15.63851,26.05261 -30.02091,26.05261 H 122.25046 L 94.616142,107.19499 H 448.33544 c 6.18632,0 11.61896,2.2695 15.23028,6.37326 3.64269,4.13484 5.21283,9.73086 4.39636,15.79323 z"></path></svg>
                    </span>
                    </span>
                    <span class="add-to-cart--text d-none d-sm-block">Carrinho</span>
                    </button>
                    </div>
                    </div>
                    </div>
                    </div>
                    
                    <div class="col-12 d-sm-none">
                    </div>
                    </div>
                    </div>
                    </div>
                    </div>
                    <div class="col-12 col-sm-3 col-lg-2 productTile" data-idx="26">
                    
                    <script type="text/javascript">//<!--
                    /* <![CDATA[ */
                    (function(){
                    try {
                        if(window.CQuotient) {
                        var cq_params = {};
                        
                        cq_params.cookieId = window.CQuotient.getCQCookieId();
                        cq_params.userId = window.CQuotient.getCQUserId();
                        cq_params.emailId = CQuotient.getCQHashedEmail();
                        cq_params.loginId = CQuotient.getCQHashedLogin();
                        cq_params.accumulate = true;
                        cq_params.products = [{
                            id: '6993168',
                            sku: ''
                        }];
                        cq_params.categoryId = 'laticinios';
                        cq_params.refinements = '[{\"name\":\"priceMin\",\"value\":\"0.01\"},{\"name\":\"priceMax\",\"value\":\"null\"},{\"name\":\"curr\",\"value\":\"EUR\"},{\"name\":\"Category\",\"value\":\"laticinios\"}]';
                        cq_params.personalized = 'false';
                        cq_params.sortingRule = 'FOOD-Laticinios';
                        cq_params.imageUUID = '__UNDEFINED__';
                        cq_params.realm = "BDVS";
                        cq_params.siteId = "continente";
                        cq_params.instanceType = "prd";
                        cq_params.queryLocale = "default";
                        cq_params.locale = window.CQuotient.locale;
                        
                        if(window.CQuotient.sendActivity)
                            window.CQuotient.sendActivity(CQuotient.clientId, 'viewCategory', cq_params);
                        else
                            window.CQuotient.activities.push({
                                activityType: 'viewCategory',
                                parameters: cq_params
                            });
                      }
                    } catch(err) {}
                    })();
                    /* ]]> */
                    // -->
                    </script>
                    <script type="text/javascript">//<!--
                    /* <![CDATA[ (viewCategoryProduct-active_data.js) */
                    (function(){
                    try {
                        if (dw.ac) {
                            var search_params = {};
                            search_params.persd = 'false';
                            search_params.refs = '[{\"name\":\"priceMin\",\"value\":\"0.01\"},{\"name\":\"priceMax\",\"value\":\"null\"},{\"name\":\"curr\",\"value\":\"EUR\"},{\"name\":\"Category\",\"value\":\"laticinios\"}]';
                            search_params.sort = 'FOOD-Laticinios';
                            search_params.imageUUID = '';
                            search_params.searchID = 'ff60679a-0a42-4d90-af85-afdcdfaee427';
                            search_params.locale = 'default';
                            search_params.queryLocale = 'default';
                            search_params.showProducts = 'true';
                            dw.ac.applyContext({category: "laticinios", searchData: search_params});
                            if (typeof dw.ac._scheduleDataSubmission === "function") {
                                dw.ac._scheduleDataSubmission();
                            }
                        }
                    } catch(err) {}
                    })();
                    /* ]]> */
                    // -->
                    </script>
                    <script type="text/javascript">//<!--
                    /* <![CDATA[ (viewProduct-active_data.js) */
                    dw.ac._capture({id: "6993168", type: "searchhit"});
                    /* ]]> */
                    // -->
                    </script>
                    <div class="product" data-pid="6993168">
                    <div class="product-tile pid-6993168 ct-product-tile data-layer-pushed" data-delay-time="3000" data-variants-mapping="[]" data-in-cart-msg="no carrinho" data-one-product-added="Adicionado ao carrinho" data-remove-from-cart-msg="Removido do carrinho" data-stay-open="6000.0" data-product-tile-impression="{&quot;name&quot;:&quot;6993168&quot;,&quot;id&quot;:&quot;6993168&quot;,&quot;price&quot;:3.15,&quot;brand&quot;:&quot;&quot;,&quot;category&quot;:[{&quot;category_level_1&quot;:&quot;Laticínios e Ovos&quot;},{&quot;category_level_2&quot;:&quot;Ovos&quot;}],&quot;variant&quot;:&quot;&quot;}">
                    <div class="ct-inner-tile-wrap row no-gutters justify-content-center align-content-start">
                    
                    <div class="ct-image-container col-4 col-sm" data-confirmation-image="{&quot;url&quot;:&quot;https://www.continente.pt/dw/image/v2/BDVS_PRD/on/demandware.static/-/Sites-col-master-catalog/default/dw06fdb838/images/col/699/6993168-esquerdo.jpg?sw=87&amp;sh=80&quot;,&quot;fallbackimage&quot;:{&quot;url&quot;:&quot;https://www.continente.pt/dw/image/v2/BDVS_PRD/on/demandware.static/Sites-continente-Site/-/default/dw7c42b4da/images/noimagelarge_product.png?sw=87&amp;sh=80&quot;,&quot;title&quot;:&quot;Ovos Classe L&quot;,&quot;alt&quot;:&quot;Ovos Classe L&quot;},&quot;title&quot;:&quot;Ovos Classe L&quot;,&quot;alt&quot;:&quot;Ovos Classe L&quot;}">
                    <a href="https://www.continente.pt/produto/ovos-classe-l-6993168.html?cgid=laticinios">
                    <picture class="intrinsic intrinsic--square">
                    <img class="ct-tile-image lazyloaded" loading="lazy" onerror="this.onerror=null;this.src='/on/demandware.static/Sites-continente-Site/-/default/dw7c42b4da/images/noimagelarge_product.png';" data-src="https://www.continente.pt/dw/image/v2/BDVS_PRD/on/demandware.static/-/Sites-col-master-catalog/default/dw06fdb838/images/col/699/6993168-esquerdo.jpg?sw=280&amp;sh=280" alt="Ovos Classe L" title="Ovos Classe L" src="https://www.continente.pt/dw/image/v2/BDVS_PRD/on/demandware.static/-/Sites-col-master-catalog/default/dw06fdb838/images/col/699/6993168-esquerdo.jpg?sw=280&amp;sh=280">
                    </picture>
                    </a>
                    <div class=" ct-product-tile-badge ct-product-tile-badge--general">
                    <img class="img-fluid ct-tooltip-trigger lazyloaded" loading="lazy" data-src="https://www.continente.pt/dw/image/v2/BDVS_PRD/on/demandware.static/-/Sites-continente-Library/default/dw62d4c957/images/badges/general/col/madein.png?sw=25&amp;sh=25" alt="Crachá do produto" title="" data-toggle="tooltip" data-placement="right" data-original-title="Produzido em Portugal" src="https://www.continente.pt/dw/image/v2/BDVS_PRD/on/demandware.static/-/Sites-continente-Library/default/dw62d4c957/images/badges/general/col/madein.png?sw=25&amp;sh=25">
                    </div>
                    <div class="color-swatches d-flex" style="margin-left: 5px;">
                    <div class="swatches d-flex">
                    </div>
                    </div>
                    </div>
                    <div class="ct-tile-body col col-sm-auto ">
                    <div class="ct-pdp-details">
                    <div class="ct-pdp-link">
                    <a class="ct-tile--description" href="https://www.continente.pt/produto/ovos-classe-l-6993168.html?cgid=laticinios">Ovos Classe L</a>
                    <div class="ct-tile--favorite-top d-sm-none">
                    <button class="wishlist-toggler guest-mode inactive button button--tertiary" data-pid="6993168" data-add-url="https://www.continente.pt/on/demandware.store/Sites-continente-Site/default/Wishlist-AddProduct?pid=6993168" data-toggle="tooltip" aria-label="Adicionar aos favoritos " data-original-title="Adicionar aos favoritos" data-placement="top">
                    <svg class="active-content" width="100%" height="100%" viewBox="0 0 20 22" fill="none" xmlns="http://www.w3.org/2000/svg">
                    <path fill-rule="evenodd" clip-rule="evenodd" d="M0 1.53052C0 0.685236 0.692171 0 1.54601 0H15.0736C15.9274 0 16.6196 0.685235 16.6196 1.53052V13.4064L15.8127 13.922L14.2658 14.2658L12.7189 13.4064L10.6054 14.3818C10.4994 14.2451 10.3327 14.157 10.1452 14.157H6.76329C6.4431 14.157 6.18354 14.414 6.18354 14.731C6.18354 15.0479 6.4431 15.3049 6.76329 15.3049H10.1452C10.2478 15.3049 10.3441 15.2785 10.4277 15.2322L10.3126 16.8439L13.2345 20.2793H1.54601C0.69217 20.2793 0 19.5941 0 18.7488V1.53052ZM6.18354 5.5483C6.18354 5.23132 6.4431 4.97436 6.76329 4.97436H12.3676C12.6878 4.97436 12.9473 5.23132 12.9473 5.5483C12.9473 5.86528 12.6878 6.12224 12.3676 6.12224H6.76329C6.4431 6.12224 6.18354 5.86528 6.18354 5.5483ZM6.76329 11.0961C6.4431 11.0961 6.18354 11.3531 6.18354 11.6701C6.18354 11.987 6.4431 12.244 6.76329 12.244H12.3676C12.6878 12.244 12.9473 11.987 12.9473 11.6701C12.9473 11.3531 12.6878 11.0961 12.3676 11.0961H6.76329ZM6.18354 8.60985C6.18354 8.29287 6.4431 8.03591 6.76329 8.03591H12.3676C12.6878 8.03591 12.9473 8.29287 12.9473 8.60985C12.9473 8.92684 12.6878 9.1838 12.3676 9.1838H6.76329C6.4431 9.1838 6.18354 8.92684 6.18354 8.60985ZM3.67118 5.5483C3.67118 5.23132 3.93075 4.97436 4.25093 4.97436H4.63743C4.95762 4.97436 5.21719 5.23132 5.21719 5.5483C5.21719 5.86528 4.95762 6.12224 4.63743 6.12224H4.25093C3.93075 6.12224 3.67118 5.86528 3.67118 5.5483ZM4.25093 11.0961C3.93075 11.0961 3.67118 11.3531 3.67118 11.6701C3.67118 11.987 3.93075 12.244 4.25093 12.244H4.63743C4.95762 12.244 5.21719 11.987 5.21719 11.6701C5.21719 11.3531 4.95762 11.0961 4.63743 11.0961H4.25093ZM3.67118 8.60985C3.67118 8.29287 3.93075 8.03591 4.25093 8.03591H4.63743C4.95762 8.03591 5.21719 8.29287 5.21719 8.60985C5.21719 8.92684 4.95762 9.1838 4.63743 9.1838H4.25093C3.93075 9.1838 3.67118 8.92684 3.67118 8.60985ZM4.25093 14.157C3.93075 14.157 3.67118 14.414 3.67118 14.731C3.67118 15.0479 3.93075 15.3049 4.25093 15.3049H4.63743C4.95762 15.3049 5.21719 15.0479 5.21719 14.731C5.21719 14.414 4.95762 14.157 4.63743 14.157H4.25093Z" fill="#EB0203"></path>
                    <path fill-rule="evenodd" clip-rule="evenodd" d="M14.6252 13.6363C13.4918 12.6215 11.7817 12.5264 10.6569 13.4792C9.12421 14.7764 9.34841 16.8912 10.4409 18.0122L14.0159 21.6742C14.2197 21.8832 14.4928 22 14.7822 22C15.0737 22 15.3448 21.8852 15.5486 21.6762L19.1236 18.0142C20.214 16.8933 20.4423 14.7785 18.9075 13.4792C17.7827 12.5283 16.0724 12.6217 14.9391 13.6365C14.8855 13.6845 14.8331 13.7345 14.7822 13.7866C14.7313 13.7345 14.6789 13.6843 14.6252 13.6363ZM18.1546 14.3522C19.0973 15.1508 18.9962 16.4896 18.2891 17.2173C18.2888 17.2175 18.2886 17.2177 18.2884 17.218L14.7832 20.8084L11.2753 17.2151C11.2752 17.215 11.2751 17.2149 11.2749 17.2148C10.5677 16.4887 10.4678 15.1495 11.4104 14.3518L11.4108 14.3514C12.0745 13.7892 13.2018 13.82 13.9488 14.5846L14.7822 15.4378L15.6157 14.5846C16.3617 13.8211 17.4896 13.79 18.1545 14.3521" fill="#EB0203"></path>
                    </svg>
                    <svg class="inactive-content" width="100%" height="100%" viewBox="0 0 20 23" fill="none" xmlns="http://www.w3.org/2000/svg">
                    <path fill-rule="evenodd" clip-rule="evenodd" d="M6.18408 5.77914C6.18408 5.46223 6.44363 5.20532 6.7638 5.20532H12.3678C12.6879 5.20532 12.9475 5.46223 12.9475 5.77914C12.9475 6.09606 12.6879 6.35297 12.3678 6.35297H6.7638C6.44363 6.35297 6.18408 6.09606 6.18408 5.77914Z" fill="#EB0203"></path>
                    <path fill-rule="evenodd" clip-rule="evenodd" d="M6.18408 11.9034C6.18408 11.5865 6.44363 11.3296 6.7638 11.3296H12.3678C12.6879 11.3296 12.9475 11.5865 12.9475 11.9034C12.9475 12.2202 12.6879 12.4771 12.3678 12.4771H6.7638C6.44363 12.4771 6.18408 12.2202 6.18408 11.9034Z" fill="#EB0203"></path>
                    <path fill-rule="evenodd" clip-rule="evenodd" d="M6.18408 8.84116C6.18408 8.52424 6.44363 8.26733 6.7638 8.26733H12.3678C12.6879 8.26733 12.9475 8.52424 12.9475 8.84116C12.9475 9.15807 12.6879 9.41498 12.3678 9.41498H6.7638C6.44363 9.41498 6.18408 9.15807 6.18408 8.84116Z" fill="#EB0203"></path>
                    <path fill-rule="evenodd" clip-rule="evenodd" d="M6.18408 14.9655C6.18408 14.6486 6.44363 14.3917 6.7638 14.3917H10.1455C10.4657 14.3917 10.7252 14.6486 10.7252 14.9655C10.7252 15.2825 10.4657 15.5394 10.1455 15.5394H6.7638C6.44363 15.5394 6.18408 15.2825 6.18408 14.9655Z" fill="#EB0203"></path>
                    <path fill-rule="evenodd" clip-rule="evenodd" d="M3.67139 5.77914C3.67139 5.46223 3.93094 5.20532 4.25111 5.20532H4.63759C4.95776 5.20532 5.21731 5.46223 5.21731 5.77914C5.21731 6.09606 4.95776 6.35297 4.63759 6.35297H4.25111C3.93094 6.35297 3.67139 6.09606 3.67139 5.77914Z" fill="#EB0203"></path>
                    <path fill-rule="evenodd" clip-rule="evenodd" d="M3.67139 11.9034C3.67139 11.5865 3.93094 11.3296 4.25111 11.3296H4.63759C4.95776 11.3296 5.21731 11.5865 5.21731 11.9034C5.21731 12.2202 4.95776 12.4771 4.63759 12.4771H4.25111C3.93094 12.4771 3.67139 12.2202 3.67139 11.9034Z" fill="#EB0203"></path>
                    <path fill-rule="evenodd" clip-rule="evenodd" d="M3.67139 8.84116C3.67139 8.52424 3.93094 8.26733 4.25111 8.26733H4.63759C4.95776 8.26733 5.21731 8.52424 5.21731 8.84116C5.21731 9.15807 4.95776 9.41498 4.63759 9.41498H4.25111C3.93094 9.41498 3.67139 9.15807 3.67139 8.84116Z" fill="#EB0203"></path>
                    <path fill-rule="evenodd" clip-rule="evenodd" d="M3.67139 14.9655C3.67139 14.6486 3.93094 14.3917 4.25111 14.3917H4.63759C4.95776 14.3917 5.21731 14.6486 5.21731 14.9655C5.21731 15.2825 4.95776 15.5394 4.63759 15.5394H4.25111C3.93094 15.5394 3.67139 15.2825 3.67139 14.9655Z" fill="#EB0203"></path>
                    <path fill-rule="evenodd" clip-rule="evenodd" d="M0 1.76033C0 0.914738 0.692131 0.229248 1.54592 0.229248H15.0727C15.9265 0.229248 16.6186 0.914738 16.6186 1.76033V11.2818C16.6186 11.5989 16.3591 11.8559 16.0389 11.8559C15.7187 11.8559 15.4592 11.5989 15.4592 11.2818V1.76033C15.4592 1.54893 15.2862 1.37756 15.0727 1.37756H1.54592C1.33247 1.37756 1.15944 1.54893 1.15944 1.76033V18.985C1.15944 19.1964 1.33247 19.3678 1.54592 19.3678H9.27551C9.59568 19.3678 9.85523 19.6249 9.85523 19.942C9.85523 20.2591 9.59568 20.5161 9.27551 20.5161H1.54592C0.692131 20.5161 0 19.8306 0 18.985V1.76033Z" fill="#EB0203"></path>
                    <path fill-rule="evenodd" clip-rule="evenodd" d="M14.6254 13.8718C13.4921 12.8567 11.7821 12.7615 10.6574 13.7147C9.12472 15.0124 9.34891 17.128 10.4413 18.2493L14.0161 21.9126C14.2199 22.1217 14.493 22.2386 14.7824 22.2386C15.0739 22.2386 15.3449 22.1238 15.5487 21.9147L19.1235 18.2514C20.2139 17.13 20.4422 15.0144 18.9075 13.7147C17.7827 12.7634 16.0726 12.8569 14.9392 13.872C14.8856 13.92 14.8333 13.9701 14.7824 14.0222C14.7314 13.97 14.6791 13.9199 14.6254 13.8718ZM18.1546 14.588C19.0972 15.3869 18.9961 16.7262 18.2891 17.4541C18.2888 17.4543 18.2886 17.4546 18.2884 17.4548L14.7834 21.0466L11.2757 17.452C11.2756 17.4519 11.2755 17.4517 11.2753 17.4516C10.5681 16.7252 10.4682 15.3856 11.4108 14.5876L11.4112 14.5872C12.0748 14.0248 13.202 14.0556 13.949 14.8205L14.7824 15.674L15.6158 14.8205C16.3618 14.0567 17.4896 14.0256 18.1545 14.5879" fill="#EB0203"></path>
                    </svg>
                    </button>
                    </div>
                    </div>
                    <p class="ct-tile--quantity">emb. 18 un</p>
                    </div>
                    <div class="ct-tile-bottom row no-gutters justify-content-between">
                    <div class="ct-price-wrap col-8 col-sm-12">
                    <div class="price js-product-price">
                    <div class="prices-wrapper">
                    <span class="sales ct-tile--price-primary ">
                    <span class="value" content="3.15">
                    <span class="ct-price-formatted">
                    €3,15
                    </span>
                    <span class="ct-m-unit">
                     /un
                    </span>
                    </span>
                    </span>
                    </div>
                    <div class="ct-tile--price-secondary">
                    <span class="ct-price-value">
                    €2,10
                    </span>
                    <span class="ct-m-unit">
                    /doz
                    </span>
                    </div>
                    </div>
                    </div>
                    <div class="ct-tile-buy-section d-flex justify-content-center no-gutters col-auto col-sm-12">
                    <div class="col-2 d-sm-flex d-none">
                    <button class="wishlist-toggler guest-mode inactive button button--tertiary" data-pid="6993168" data-add-url="https://www.continente.pt/on/demandware.store/Sites-continente-Site/default/Wishlist-AddProduct?pid=6993168" data-toggle="tooltip" aria-label="Adicionar aos favoritos " data-original-title="Adicionar aos favoritos" data-placement="top">
                    <svg class="active-content" width="100%" height="100%" viewBox="0 0 20 22" fill="none" xmlns="http://www.w3.org/2000/svg">
                    <path fill-rule="evenodd" clip-rule="evenodd" d="M0 1.53052C0 0.685236 0.692171 0 1.54601 0H15.0736C15.9274 0 16.6196 0.685235 16.6196 1.53052V13.4064L15.8127 13.922L14.2658 14.2658L12.7189 13.4064L10.6054 14.3818C10.4994 14.2451 10.3327 14.157 10.1452 14.157H6.76329C6.4431 14.157 6.18354 14.414 6.18354 14.731C6.18354 15.0479 6.4431 15.3049 6.76329 15.3049H10.1452C10.2478 15.3049 10.3441 15.2785 10.4277 15.2322L10.3126 16.8439L13.2345 20.2793H1.54601C0.69217 20.2793 0 19.5941 0 18.7488V1.53052ZM6.18354 5.5483C6.18354 5.23132 6.4431 4.97436 6.76329 4.97436H12.3676C12.6878 4.97436 12.9473 5.23132 12.9473 5.5483C12.9473 5.86528 12.6878 6.12224 12.3676 6.12224H6.76329C6.4431 6.12224 6.18354 5.86528 6.18354 5.5483ZM6.76329 11.0961C6.4431 11.0961 6.18354 11.3531 6.18354 11.6701C6.18354 11.987 6.4431 12.244 6.76329 12.244H12.3676C12.6878 12.244 12.9473 11.987 12.9473 11.6701C12.9473 11.3531 12.6878 11.0961 12.3676 11.0961H6.76329ZM6.18354 8.60985C6.18354 8.29287 6.4431 8.03591 6.76329 8.03591H12.3676C12.6878 8.03591 12.9473 8.29287 12.9473 8.60985C12.9473 8.92684 12.6878 9.1838 12.3676 9.1838H6.76329C6.4431 9.1838 6.18354 8.92684 6.18354 8.60985ZM3.67118 5.5483C3.67118 5.23132 3.93075 4.97436 4.25093 4.97436H4.63743C4.95762 4.97436 5.21719 5.23132 5.21719 5.5483C5.21719 5.86528 4.95762 6.12224 4.63743 6.12224H4.25093C3.93075 6.12224 3.67118 5.86528 3.67118 5.5483ZM4.25093 11.0961C3.93075 11.0961 3.67118 11.3531 3.67118 11.6701C3.67118 11.987 3.93075 12.244 4.25093 12.244H4.63743C4.95762 12.244 5.21719 11.987 5.21719 11.6701C5.21719 11.3531 4.95762 11.0961 4.63743 11.0961H4.25093ZM3.67118 8.60985C3.67118 8.29287 3.93075 8.03591 4.25093 8.03591H4.63743C4.95762 8.03591 5.21719 8.29287 5.21719 8.60985C5.21719 8.92684 4.95762 9.1838 4.63743 9.1838H4.25093C3.93075 9.1838 3.67118 8.92684 3.67118 8.60985ZM4.25093 14.157C3.93075 14.157 3.67118 14.414 3.67118 14.731C3.67118 15.0479 3.93075 15.3049 4.25093 15.3049H4.63743C4.95762 15.3049 5.21719 15.0479 5.21719 14.731C5.21719 14.414 4.95762 14.157 4.63743 14.157H4.25093Z" fill="#EB0203"></path>
                    <path fill-rule="evenodd" clip-rule="evenodd" d="M14.6252 13.6363C13.4918 12.6215 11.7817 12.5264 10.6569 13.4792C9.12421 14.7764 9.34841 16.8912 10.4409 18.0122L14.0159 21.6742C14.2197 21.8832 14.4928 22 14.7822 22C15.0737 22 15.3448 21.8852 15.5486 21.6762L19.1236 18.0142C20.214 16.8933 20.4423 14.7785 18.9075 13.4792C17.7827 12.5283 16.0724 12.6217 14.9391 13.6365C14.8855 13.6845 14.8331 13.7345 14.7822 13.7866C14.7313 13.7345 14.6789 13.6843 14.6252 13.6363ZM18.1546 14.3522C19.0973 15.1508 18.9962 16.4896 18.2891 17.2173C18.2888 17.2175 18.2886 17.2177 18.2884 17.218L14.7832 20.8084L11.2753 17.2151C11.2752 17.215 11.2751 17.2149 11.2749 17.2148C10.5677 16.4887 10.4678 15.1495 11.4104 14.3518L11.4108 14.3514C12.0745 13.7892 13.2018 13.82 13.9488 14.5846L14.7822 15.4378L15.6157 14.5846C16.3617 13.8211 17.4896 13.79 18.1545 14.3521" fill="#EB0203"></path>
                    </svg>
                    <svg class="inactive-content" width="100%" height="100%" viewBox="0 0 20 23" fill="none" xmlns="http://www.w3.org/2000/svg">
                    <path fill-rule="evenodd" clip-rule="evenodd" d="M6.18408 5.77914C6.18408 5.46223 6.44363 5.20532 6.7638 5.20532H12.3678C12.6879 5.20532 12.9475 5.46223 12.9475 5.77914C12.9475 6.09606 12.6879 6.35297 12.3678 6.35297H6.7638C6.44363 6.35297 6.18408 6.09606 6.18408 5.77914Z" fill="#EB0203"></path>
                    <path fill-rule="evenodd" clip-rule="evenodd" d="M6.18408 11.9034C6.18408 11.5865 6.44363 11.3296 6.7638 11.3296H12.3678C12.6879 11.3296 12.9475 11.5865 12.9475 11.9034C12.9475 12.2202 12.6879 12.4771 12.3678 12.4771H6.7638C6.44363 12.4771 6.18408 12.2202 6.18408 11.9034Z" fill="#EB0203"></path>
                    <path fill-rule="evenodd" clip-rule="evenodd" d="M6.18408 8.84116C6.18408 8.52424 6.44363 8.26733 6.7638 8.26733H12.3678C12.6879 8.26733 12.9475 8.52424 12.9475 8.84116C12.9475 9.15807 12.6879 9.41498 12.3678 9.41498H6.7638C6.44363 9.41498 6.18408 9.15807 6.18408 8.84116Z" fill="#EB0203"></path>
                    <path fill-rule="evenodd" clip-rule="evenodd" d="M6.18408 14.9655C6.18408 14.6486 6.44363 14.3917 6.7638 14.3917H10.1455C10.4657 14.3917 10.7252 14.6486 10.7252 14.9655C10.7252 15.2825 10.4657 15.5394 10.1455 15.5394H6.7638C6.44363 15.5394 6.18408 15.2825 6.18408 14.9655Z" fill="#EB0203"></path>
                    <path fill-rule="evenodd" clip-rule="evenodd" d="M3.67139 5.77914C3.67139 5.46223 3.93094 5.20532 4.25111 5.20532H4.63759C4.95776 5.20532 5.21731 5.46223 5.21731 5.77914C5.21731 6.09606 4.95776 6.35297 4.63759 6.35297H4.25111C3.93094 6.35297 3.67139 6.09606 3.67139 5.77914Z" fill="#EB0203"></path>
                    <path fill-rule="evenodd" clip-rule="evenodd" d="M3.67139 11.9034C3.67139 11.5865 3.93094 11.3296 4.25111 11.3296H4.63759C4.95776 11.3296 5.21731 11.5865 5.21731 11.9034C5.21731 12.2202 4.95776 12.4771 4.63759 12.4771H4.25111C3.93094 12.4771 3.67139 12.2202 3.67139 11.9034Z" fill="#EB0203"></path>
                    <path fill-rule="evenodd" clip-rule="evenodd" d="M3.67139 8.84116C3.67139 8.52424 3.93094 8.26733 4.25111 8.26733H4.63759C4.95776 8.26733 5.21731 8.52424 5.21731 8.84116C5.21731 9.15807 4.95776 9.41498 4.63759 9.41498H4.25111C3.93094 9.41498 3.67139 9.15807 3.67139 8.84116Z" fill="#EB0203"></path>
                    <path fill-rule="evenodd" clip-rule="evenodd" d="M3.67139 14.9655C3.67139 14.6486 3.93094 14.3917 4.25111 14.3917H4.63759C4.95776 14.3917 5.21731 14.6486 5.21731 14.9655C5.21731 15.2825 4.95776 15.5394 4.63759 15.5394H4.25111C3.93094 15.5394 3.67139 15.2825 3.67139 14.9655Z" fill="#EB0203"></path>
                    <path fill-rule="evenodd" clip-rule="evenodd" d="M0 1.76033C0 0.914738 0.692131 0.229248 1.54592 0.229248H15.0727C15.9265 0.229248 16.6186 0.914738 16.6186 1.76033V11.2818C16.6186 11.5989 16.3591 11.8559 16.0389 11.8559C15.7187 11.8559 15.4592 11.5989 15.4592 11.2818V1.76033C15.4592 1.54893 15.2862 1.37756 15.0727 1.37756H1.54592C1.33247 1.37756 1.15944 1.54893 1.15944 1.76033V18.985C1.15944 19.1964 1.33247 19.3678 1.54592 19.3678H9.27551C9.59568 19.3678 9.85523 19.6249 9.85523 19.942C9.85523 20.2591 9.59568 20.5161 9.27551 20.5161H1.54592C0.692131 20.5161 0 19.8306 0 18.985V1.76033Z" fill="#EB0203"></path>
                    <path fill-rule="evenodd" clip-rule="evenodd" d="M14.6254 13.8718C13.4921 12.8567 11.7821 12.7615 10.6574 13.7147C9.12472 15.0124 9.34891 17.128 10.4413 18.2493L14.0161 21.9126C14.2199 22.1217 14.493 22.2386 14.7824 22.2386C15.0739 22.2386 15.3449 22.1238 15.5487 21.9147L19.1235 18.2514C20.2139 17.13 20.4422 15.0144 18.9075 13.7147C17.7827 12.7634 16.0726 12.8569 14.9392 13.872C14.8856 13.92 14.8333 13.9701 14.7824 14.0222C14.7314 13.97 14.6791 13.9199 14.6254 13.8718ZM18.1546 14.588C19.0972 15.3869 18.9961 16.7262 18.2891 17.4541C18.2888 17.4543 18.2886 17.4546 18.2884 17.4548L14.7834 21.0466L11.2757 17.452C11.2756 17.4519 11.2755 17.4517 11.2753 17.4516C10.5681 16.7252 10.4682 15.3856 11.4108 14.5876L11.4112 14.5872C12.0748 14.0248 13.202 14.0556 13.949 14.8205L14.7824 15.674L15.6158 14.8205C16.3618 14.0567 17.4896 14.0256 18.1545 14.5879" fill="#EB0203"></path>
                    </svg>
                    </button>
                    </div>
                    
                    <div class="col-sm-10 col-12">
                    <div class="ct-tile-quantity d-none" data-pid="6993168">
                    <input type="hidden" class="add-to-cart-url" value="https://www.continente.pt/on/demandware.store/Sites-continente-Site/default/Cart-AddProduct">
                    <div class="d-none tile-delete-confirmation-btn" data-pid="6993168" data-delay-time="3000" data-in-cart-msg="no carrinho" data-one-product-added="Adicionado ao carrinho" data-remove-from-cart-msg="Removido do carrinho" data-stay-open="6000.0" data-confirmation-image="{&quot;url&quot;:&quot;https://www.continente.pt/dw/image/v2/BDVS_PRD/on/demandware.static/-/Sites-col-master-catalog/default/dw06fdb838/images/col/699/6993168-esquerdo.jpg?sw=87&amp;sh=80&quot;,&quot;fallbackimage&quot;:{&quot;url&quot;:&quot;https://www.continente.pt/dw/image/v2/BDVS_PRD/on/demandware.static/Sites-continente-Site/-/default/dw7c42b4da/images/noimagelarge_product.png?sw=87&amp;sh=80&quot;,&quot;title&quot;:&quot;Ovos Classe L&quot;,&quot;alt&quot;:&quot;Ovos Classe L&quot;},&quot;title&quot;:&quot;Ovos Classe L&quot;,&quot;alt&quot;:&quot;Ovos Classe L&quot;}"></div>
                    <div class="ct-tile-quantity-update quantity-update product-qty-vue" data-remove-action="https://www.continente.pt/on/demandware.store/Sites-continente-Site/default/Cart-RemoveProductLineItem" data-action="https://www.continente.pt/on/demandware.store/Sites-continente-Site/default/Cart-UpdateQuantity" data-dimension-update="https://www.continente.pt/on/demandware.store/Sites-continente-Site/default/Cart-DimensionUpdate" data-pid="6993168" data-uuid="121f6decb7b3788feb77c4f432" data-add-delay="500.0" data-measure-options="{&quot;hasConversionRate&quot;:false,&quot;hasAlternativeSaleUnit&quot;:false,&quot;unitConversionRate&quot;:0,&quot;minOrderQuantity&quot;:1,&quot;stepQuantity&quot;:1,&quot;primaryunit&quot;:&quot;un&quot;,&quot;secondaryunit&quot;:&quot;doz&quot;,&quot;selectedunit&quot;:&quot;primary&quot;,&quot;maxNumberOfUnitsPerSale&quot;:50}" data-price-available="null" :data-has-error="isMaxQtyReached || isMinQtyReached || qtySelectedMoreThanOne">
                    <template v-show="prodUnits">
                    <div class="quantity-input-wrapper has-units">
                    <label class="visually-hidden" :for="'quantity-' + pid + additionalTag">
                    Quantidade no carrinho
                    </label>
                    <input :ref="'quantityInput-' + pid + additionalTag" class="add-to-cart-quantity form-control ct-form-input text-center" inputmode="numeric" :class="{'is-invalid': isInvalid}" :data-pid="pid + additionalTag" :name="'quantity-' + pid + additionalTag" type="text" aria-label="Insira a quantidade" title="" v-model="displayValue" @change="updateQuantity" @focus="updateQtyFormat" @blur="restoreQtyFormat" :disabled="!isPriceAvailable">
                    <span class="quantity-icon quantity-icon--minus">
                    <button class="decrease-quantity-btn" @click="updateQuantity" :disabled="!isPriceAvailable" role="button" aria-label="Reduzir quantidade">
                    <i class="css-math-minus"></i>
                    </button>
                    </span>
                    <span class="quantity-icon quantity-icon--plus">
                    <button class="increase-quantity-btn" @click="updateQuantity" :disabled="isMaxQtyReached || !isPriceAvailable" role="button" aria-label="Aumentar quantidade">
                    <i class="css-math-plus"></i>
                    </button>
                    <span class="quantity-btn-disabled-placeholder"></span>
                    </span>
                    <template v-if="isPDP">
                    <span class="quantity-error ct-span-error text-sm-center product-max-allocation" v-if="isMaxQtyReached">
                    Quantidade máxima atingida
                    </span>
                    <span class="quantity-error ct-span-product text-sm-center product-allocation" v-if="!isMinQtyReached &amp;&amp; !isMaxQtyReached">
                    {{quantitySelected}} no carrinho
                    </span>
                    <span class="quantity-error ct-span-error text-sm-center product-min-allocation" :data-pid="pid" v-if="isMinQtyReached &amp;&amp; !isMaxQtyReached">
                    Quantidade mínima atingida
                    </span>
                    </template>
                    </div>
                    <template v-if="showNotes">
                    <div class="add-note-link-container ">
                    <div class="add-note">
                    <a href="/produto/ovos-classe-l-6993168.html?showNote=true" class="ct-add-note-redirect-pdp" aria-label="Adicionar comentário">
                    <span class="svg-wrapper svg-icon-notes" style="width:19px; height:20px">
                    <svg class="svg-inline icon-notes" viewBox="0 0 28 30" xmlns="http://www.w3.org/2000/svg" width="100%" height="100%"><path d="M21.738 0C22.985 0 24 1.04 24 2.319V12.47c0 .469-.37.848-.828.848-.457 0-.827-.38-.827-.848V2.32c0-.343-.273-.622-.607-.622H2.262c-.334 0-.607.279-.607.622V27.68c0 .343.273.622.607.622h7.81c.457 0 .827.38.827.849 0 .468-.37.848-.827.848h-7.81C1.015 30 0 28.96 0 27.681V2.32C0 1.04 1.015 0 2.262 0h19.476zm2.844 16.004l.227.007c.823.053 1.589.39 2.176.964.64.627.993 1.46.993 2.349 0 .888-.353 1.722-.993 2.348l-6.83 6.665c-.11.108-.247.186-.397.226l-5.032 1.363c-.078.021-.16.032-.241.032-.242 0-.478-.097-.647-.266-.23-.231-.314-.566-.218-.874l1.49-4.798c.044-.139.122-.266.227-.369l6.844-6.677c.64-.625 1.493-.97 2.401-.97zm-2.886 3.94l-4.922 4.802-.947 3.048 3.22-.872 4.897-4.78-2.248-2.197zm2.887-2.174c-.425 0-.824.162-1.124.455l-.484.472 2.248 2.197.484-.472c.62-.606.62-1.591 0-2.197l-.117-.104c-.283-.227-.636-.35-1.007-.35zm-10.839.022c.498 0 .904.396.904.883 0 .488-.406.884-.904.884H5.946c-.499 0-.904-.396-.904-.884 0-.487.405-.883.904-.883zm5.042-4.876c.498 0 .904.397.904.884s-.406.884-.904.884H5.946c-.499 0-.904-.397-.904-.884s.405-.884.904-.884zm0-4.875c.498 0 .904.396.904.884 0 .487-.406.883-.904.883H5.946c-.499 0-.904-.396-.904-.883 0-.488.405-.884.904-.884z" fill="#EB0203" fill-rule="evenodd"></path></svg>
                    </span>
                    <div class="available-note d-none"></div>
                    </a>
                    </div>
                    </div>
                    </template>
                    <div class="measurement-unit-section" v-if="isPriceAvailable &amp;&amp; prodUnits ? prodUnits.hasAlternativeUnit : false">
                    <div class="ct-form-radio" @click="setDimension">
                    <input type="radio" title="" class="ct-form-check-input product-measurement-unit" :data-type="prodUnits.selectedUnit == prodUnits.secondaryUnit ? 'primary' : ''" :id="prodUnits.secondaryUnit + '-' + pid + '-measurement-unit-ptile' + additionalTag" :name="'measurement-unit-' + pid + '-ptile' + additionalTag" :value="prodUnits.secondaryUnit" v-model="prodUnits.selectedUnit">
                    <label :class="prodUnits.secondaryUnit + '-label ct-form-check-label mb-0'" :for="prodUnits.secondaryUnit + '-' + pid + '-measurement-unit-ptile' + additionalTag">
                    {{prodUnits.secondaryUnit}}
                    </label>
                    <span class="checkmark"></span>
                    </div>
                    <div class="ct-form-radio" @click="setDimension">
                    <input type="radio" title="" class="ct-form-check-input product-measurement-unit" :data-type="prodUnits.selectedUnit == prodUnits.primaryUnit ? 'primary' : ''" :id="prodUnits.primaryUnit + '-' + pid + '-measurement-unit-ptile' + additionalTag" :name="'measurement-unit-' + pid + '-ptile' + additionalTag" :value="prodUnits.primaryUnit" v-model="prodUnits.selectedUnit">
                    <label :class="prodUnits.primaryUnit + '-label ct-form-check-label mb-0'" :for="prodUnits.primaryUnit + '-' + pid + '-measurement-unit-ptile' + additionalTag">
                    {{prodUnits.primaryUnit}}
                    </label>
                    <span class="checkmark"></span>
                    </div>
                    </div>
                    <template v-if="!isPDP &amp;&amp; isPriceAvailable">
                    <span class="quantity-error ct-span-error product-max-allocation" v-if="isMaxQtyReached">
                    Quantidade máxima atingida
                    </span>
                    <span class="quantity-error ct-span-product product-allocation" v-if="!isMinQtyReached &amp;&amp; !isMaxQtyReached">
                    {{quantitySelected}} no carrinho
                    </span>
                    <span class="quantity-error ct-span-error product-min-allocation" :data-pid="pid" v-if="isMinQtyReached &amp;&amp; !isMaxQtyReached">
                    Quantidade mínima atingida
                    </span>
                    </template>
                    </template>
                    </div>
                    <input class="quantity-value-mask d-none" name="quantity" type="number" min="0" value="">
                    </div>
                    <button type="button" class="add-to-cart button js-add-to-cart js-add-to-cart-tile 6993168 button--primary dynamic-layout-btn" data-toggle="modal" data-target="#chooseBonusProductModal" data-pid="6993168" data-quantity-value="null" aria-label="Carrinho">
                    <span class="d-block d-sm-none">
                    <span class="svg-wrapper svg-icon-cart" style="width:20px; height:20px">
                    <svg class="svg-inline icon-cart" xmlns="http://www.w3.org/2000/svg" viewBox="0 0 500 500" width="100%" height="100%"><path fill="#EB0203" fill-rule="evenodd" d="M 485.67317,94.386311 C 476.37798,83.847129 463.09468,78.03348 448.30404,78.03348 H 90.690813 L 87.079511,51.327997 C 83.185582,22.539551 62.962285,0 41.011841,0 H 14.727836 C 6.563151,0 0,6.5286975 0,14.580758 c 0,8.05206 6.5945535,14.580758 14.727836,14.580758 h 26.284005 c 4.710398,0 14.696435,9.855222 16.894619,26.021523 L 100.01739,368.0631 c 1.88416,13.77244 9.01256,26.70549 20.1605,36.37417 8.25889,7.15046 18.02511,11.9071 28.26237,13.89679 -4.17655,7.58572 -6.53175,16.25957 -6.53175,25.493 0,29.53459 24.27424,53.59751 54.13815,53.59751 29.8325,0 54.13814,-24.03184 54.13814,-53.59751 0,-8.79818 -2.19818,-17.09897 -5.9979,-24.43598 h 77.12488 c -3.79973,7.33701 -5.96652,15.6378 -5.96652,24.43598 0,29.53459 24.27424,53.59751 54.13817,53.59751 29.83249,0 54.13814,-24.03184 54.13814,-53.59751 0,-8.79818 -2.1982,-17.09897 -5.9979,-24.43598 h 38.56243 c 8.13328,0 14.72783,-6.5287 14.72783,-14.61183 0,-8.02098 -6.59455,-14.54967 -14.72783,-14.54967 H 159.24277 c -14.38241,0 -28.13677,-11.90711 -30.02092,-26.02153 l -3.07746,-22.88154 h 290.6314 c 14.03698,0 27.94834,-5.28513 39.06488,-14.95381 11.11652,-9.6376 18.27632,-22.57065 20.16048,-36.37417 l 21.10259,-156.78201 c 1.94694,-14.51858 -2.10398,-28.29103 -11.43057,-38.861299 z M 220.76053,443.82706 c 0,13.49265 -11.08513,24.46709 -24.68247,24.46709 -13.62874,0 -24.71387,-10.97444 -24.71387,-24.46709 0,-13.49262 11.08513,-24.43598 24.71387,-24.43598 13.59734,0 24.68247,10.94336 24.68247,24.43598 z m 173.43675,0 c 0,13.49265 -11.08512,24.46709 -24.68245,24.46709 -13.62876,0 -24.71388,-10.97444 -24.71388,-24.46709 0,-13.49262 11.08512,-24.43598 24.71388,-24.43598 13.59733,0 24.68245,10.94336 24.68245,24.43598 z m 73.7648,-314.46558 -21.13397,156.782 c -1.88416,14.11442 -15.63851,26.05261 -30.02091,26.05261 H 122.25046 L 94.616142,107.19499 H 448.33544 c 6.18632,0 11.61896,2.2695 15.23028,6.37326 3.64269,4.13484 5.21283,9.73086 4.39636,15.79323 z"></path></svg>
                    </span>
                    </span>
                    <span class="add-to-cart--text d-none d-sm-block">Carrinho</span>
                    </button>
                    </div>
                    </div>
                    </div>
                    </div>
                    
                    <div class="col-12 d-sm-none">
                    </div>
                    </div>
                    </div>
                    </div>
                    </div>
                    <div class="col-12 col-sm-3 col-lg-2 productTile" data-idx="27">
                    
                    <script type="text/javascript">//<!--
                    /* <![CDATA[ */
                    (function(){
                    try {
                        if(window.CQuotient) {
                        var cq_params = {};
                        
                        cq_params.cookieId = window.CQuotient.getCQCookieId();
                        cq_params.userId = window.CQuotient.getCQUserId();
                        cq_params.emailId = CQuotient.getCQHashedEmail();
                        cq_params.loginId = CQuotient.getCQHashedLogin();
                        cq_params.accumulate = true;
                        cq_params.products = [{
                            id: '3579522',
                            sku: ''
                        }];
                        cq_params.categoryId = 'laticinios';
                        cq_params.refinements = '[{\"name\":\"priceMin\",\"value\":\"0.01\"},{\"name\":\"priceMax\",\"value\":\"null\"},{\"name\":\"curr\",\"value\":\"EUR\"},{\"name\":\"Category\",\"value\":\"laticinios\"}]';
                        cq_params.personalized = 'false';
                        cq_params.sortingRule = 'FOOD-Laticinios';
                        cq_params.imageUUID = '__UNDEFINED__';
                        cq_params.realm = "BDVS";
                        cq_params.siteId = "continente";
                        cq_params.instanceType = "prd";
                        cq_params.queryLocale = "default";
                        cq_params.locale = window.CQuotient.locale;
                        
                        if(window.CQuotient.sendActivity)
                            window.CQuotient.sendActivity(CQuotient.clientId, 'viewCategory', cq_params);
                        else
                            window.CQuotient.activities.push({
                                activityType: 'viewCategory',
                                parameters: cq_params
                            });
                      }
                    } catch(err) {}
                    })();
                    /* ]]> */
                    // -->
                    </script>
                    <script type="text/javascript">//<!--
                    /* <![CDATA[ (viewCategoryProduct-active_data.js) */
                    (function(){
                    try {
                        if (dw.ac) {
                            var search_params = {};
                            search_params.persd = 'false';
                            search_params.refs = '[{\"name\":\"priceMin\",\"value\":\"0.01\"},{\"name\":\"priceMax\",\"value\":\"null\"},{\"name\":\"curr\",\"value\":\"EUR\"},{\"name\":\"Category\",\"value\":\"laticinios\"}]';
                            search_params.sort = 'FOOD-Laticinios';
                            search_params.imageUUID = '';
                            search_params.searchID = 'ff60679a-0a42-4d90-af85-afdcdfaee427';
                            search_params.locale = 'default';
                            search_params.queryLocale = 'default';
                            search_params.showProducts = 'true';
                            dw.ac.applyContext({category: "laticinios", searchData: search_params});
                            if (typeof dw.ac._scheduleDataSubmission === "function") {
                                dw.ac._scheduleDataSubmission();
                            }
                        }
                    } catch(err) {}
                    })();
                    /* ]]> */
                    // -->
                    </script>
                    <script type="text/javascript">//<!--
                    /* <![CDATA[ (viewProduct-active_data.js) */
                    dw.ac._capture({id: "3579522", type: "searchhit"});
                    /* ]]> */
                    // -->
                    </script>
                    <div class="product" data-pid="3579522">
                    <div class="product-tile pid-3579522 ct-product-tile data-layer-pushed" data-delay-time="3000" data-variants-mapping="[]" data-in-cart-msg="no carrinho" data-one-product-added="Adicionado ao carrinho" data-remove-from-cart-msg="Removido do carrinho" data-stay-open="6000.0" data-product-tile-impression="{&quot;name&quot;:&quot;3579522&quot;,&quot;id&quot;:&quot;3579522&quot;,&quot;price&quot;:1.19,&quot;brand&quot;:&quot;Mimosa&quot;,&quot;category&quot;:[{&quot;category_level_1&quot;:&quot;Laticínios e Ovos&quot;},{&quot;category_level_2&quot;:&quot;Leite&quot;},{&quot;category_level_3&quot;:&quot;Leite Meio Gordo&quot;}],&quot;variant&quot;:&quot;&quot;}">
                    <div class="ct-inner-tile-wrap row no-gutters justify-content-center align-content-start">
                    
                    <div class="ct-image-container col-4 col-sm" data-confirmation-image="{&quot;url&quot;:&quot;https://www.continente.pt/dw/image/v2/BDVS_PRD/on/demandware.static/-/Sites-col-master-catalog/default/dwf3170020/images/col/357/3579522-esquerdo.jpg?sw=87&amp;sh=80&quot;,&quot;fallbackimage&quot;:{&quot;url&quot;:&quot;https://www.continente.pt/dw/image/v2/BDVS_PRD/on/demandware.static/Sites-continente-Site/-/default/dw7c42b4da/images/noimagelarge_product.png?sw=87&amp;sh=80&quot;,&quot;title&quot;:&quot;Leite UHT Meio Gordo&quot;,&quot;alt&quot;:&quot;Leite UHT Meio Gordo&quot;},&quot;title&quot;:&quot;Leite UHT Meio Gordo&quot;,&quot;alt&quot;:&quot;Leite UHT Meio Gordo&quot;}">
                    <a href="https://www.continente.pt/produto/leite-uht-meio-gordo-mimosa-3579522.html?cgid=laticinios">
                    <picture class="intrinsic intrinsic--square">
                    <img class="ct-tile-image lazyloaded" loading="lazy" onerror="this.onerror=null;this.src='/on/demandware.static/Sites-continente-Site/-/default/dw7c42b4da/images/noimagelarge_product.png';" data-src="https://www.continente.pt/dw/image/v2/BDVS_PRD/on/demandware.static/-/Sites-col-master-catalog/default/dwf3170020/images/col/357/3579522-esquerdo.jpg?sw=280&amp;sh=280" alt="Leite UHT Meio Gordo" title="Leite UHT Meio Gordo" src="https://www.continente.pt/dw/image/v2/BDVS_PRD/on/demandware.static/-/Sites-col-master-catalog/default/dwf3170020/images/col/357/3579522-esquerdo.jpg?sw=280&amp;sh=280">
                    </picture>
                    </a>
                    <div class=" ct-product-tile-badge ct-product-tile-badge--general">
                    <img class="img-fluid ct-tooltip-trigger lazyloaded" loading="lazy" data-src="https://www.continente.pt/dw/image/v2/BDVS_PRD/on/demandware.static/-/Sites-continente-Library/default/dw62d4c957/images/badges/general/col/madein.png?sw=25&amp;sh=25" alt="Crachá do produto" title="" data-toggle="tooltip" data-placement="right" data-original-title="Produzido em Portugal" src="https://www.continente.pt/dw/image/v2/BDVS_PRD/on/demandware.static/-/Sites-continente-Library/default/dw62d4c957/images/badges/general/col/madein.png?sw=25&amp;sh=25">
                    </div>
                    <div class="color-swatches d-flex" style="margin-left: 5px;">
                    <div class="swatches d-flex">
                    </div>
                    </div>
                    </div>
                    <div class="ct-tile-body col col-sm-auto ">
                    <div class="ct-pdp-details">
                    <div class="ct-pdp-link">
                    <a class="ct-tile--description" href="https://www.continente.pt/produto/leite-uht-meio-gordo-mimosa-3579522.html?cgid=laticinios">Leite UHT Meio Gordo</a>
                    <div class="ct-tile--favorite-top d-sm-none">
                    <button class="wishlist-toggler guest-mode inactive button button--tertiary" data-pid="3579522" data-add-url="https://www.continente.pt/on/demandware.store/Sites-continente-Site/default/Wishlist-AddProduct?pid=3579522" data-toggle="tooltip" aria-label="Adicionar aos favoritos " data-original-title="Adicionar aos favoritos" data-placement="top">
                    <svg class="active-content" width="100%" height="100%" viewBox="0 0 20 22" fill="none" xmlns="http://www.w3.org/2000/svg">
                    <path fill-rule="evenodd" clip-rule="evenodd" d="M0 1.53052C0 0.685236 0.692171 0 1.54601 0H15.0736C15.9274 0 16.6196 0.685235 16.6196 1.53052V13.4064L15.8127 13.922L14.2658 14.2658L12.7189 13.4064L10.6054 14.3818C10.4994 14.2451 10.3327 14.157 10.1452 14.157H6.76329C6.4431 14.157 6.18354 14.414 6.18354 14.731C6.18354 15.0479 6.4431 15.3049 6.76329 15.3049H10.1452C10.2478 15.3049 10.3441 15.2785 10.4277 15.2322L10.3126 16.8439L13.2345 20.2793H1.54601C0.69217 20.2793 0 19.5941 0 18.7488V1.53052ZM6.18354 5.5483C6.18354 5.23132 6.4431 4.97436 6.76329 4.97436H12.3676C12.6878 4.97436 12.9473 5.23132 12.9473 5.5483C12.9473 5.86528 12.6878 6.12224 12.3676 6.12224H6.76329C6.4431 6.12224 6.18354 5.86528 6.18354 5.5483ZM6.76329 11.0961C6.4431 11.0961 6.18354 11.3531 6.18354 11.6701C6.18354 11.987 6.4431 12.244 6.76329 12.244H12.3676C12.6878 12.244 12.9473 11.987 12.9473 11.6701C12.9473 11.3531 12.6878 11.0961 12.3676 11.0961H6.76329ZM6.18354 8.60985C6.18354 8.29287 6.4431 8.03591 6.76329 8.03591H12.3676C12.6878 8.03591 12.9473 8.29287 12.9473 8.60985C12.9473 8.92684 12.6878 9.1838 12.3676 9.1838H6.76329C6.4431 9.1838 6.18354 8.92684 6.18354 8.60985ZM3.67118 5.5483C3.67118 5.23132 3.93075 4.97436 4.25093 4.97436H4.63743C4.95762 4.97436 5.21719 5.23132 5.21719 5.5483C5.21719 5.86528 4.95762 6.12224 4.63743 6.12224H4.25093C3.93075 6.12224 3.67118 5.86528 3.67118 5.5483ZM4.25093 11.0961C3.93075 11.0961 3.67118 11.3531 3.67118 11.6701C3.67118 11.987 3.93075 12.244 4.25093 12.244H4.63743C4.95762 12.244 5.21719 11.987 5.21719 11.6701C5.21719 11.3531 4.95762 11.0961 4.63743 11.0961H4.25093ZM3.67118 8.60985C3.67118 8.29287 3.93075 8.03591 4.25093 8.03591H4.63743C4.95762 8.03591 5.21719 8.29287 5.21719 8.60985C5.21719 8.92684 4.95762 9.1838 4.63743 9.1838H4.25093C3.93075 9.1838 3.67118 8.92684 3.67118 8.60985ZM4.25093 14.157C3.93075 14.157 3.67118 14.414 3.67118 14.731C3.67118 15.0479 3.93075 15.3049 4.25093 15.3049H4.63743C4.95762 15.3049 5.21719 15.0479 5.21719 14.731C5.21719 14.414 4.95762 14.157 4.63743 14.157H4.25093Z" fill="#EB0203"></path>
                    <path fill-rule="evenodd" clip-rule="evenodd" d="M14.6252 13.6363C13.4918 12.6215 11.7817 12.5264 10.6569 13.4792C9.12421 14.7764 9.34841 16.8912 10.4409 18.0122L14.0159 21.6742C14.2197 21.8832 14.4928 22 14.7822 22C15.0737 22 15.3448 21.8852 15.5486 21.6762L19.1236 18.0142C20.214 16.8933 20.4423 14.7785 18.9075 13.4792C17.7827 12.5283 16.0724 12.6217 14.9391 13.6365C14.8855 13.6845 14.8331 13.7345 14.7822 13.7866C14.7313 13.7345 14.6789 13.6843 14.6252 13.6363ZM18.1546 14.3522C19.0973 15.1508 18.9962 16.4896 18.2891 17.2173C18.2888 17.2175 18.2886 17.2177 18.2884 17.218L14.7832 20.8084L11.2753 17.2151C11.2752 17.215 11.2751 17.2149 11.2749 17.2148C10.5677 16.4887 10.4678 15.1495 11.4104 14.3518L11.4108 14.3514C12.0745 13.7892 13.2018 13.82 13.9488 14.5846L14.7822 15.4378L15.6157 14.5846C16.3617 13.8211 17.4896 13.79 18.1545 14.3521" fill="#EB0203"></path>
                    </svg>
                    <svg class="inactive-content" width="100%" height="100%" viewBox="0 0 20 23" fill="none" xmlns="http://www.w3.org/2000/svg">
                    <path fill-rule="evenodd" clip-rule="evenodd" d="M6.18408 5.77914C6.18408 5.46223 6.44363 5.20532 6.7638 5.20532H12.3678C12.6879 5.20532 12.9475 5.46223 12.9475 5.77914C12.9475 6.09606 12.6879 6.35297 12.3678 6.35297H6.7638C6.44363 6.35297 6.18408 6.09606 6.18408 5.77914Z" fill="#EB0203"></path>
                    <path fill-rule="evenodd" clip-rule="evenodd" d="M6.18408 11.9034C6.18408 11.5865 6.44363 11.3296 6.7638 11.3296H12.3678C12.6879 11.3296 12.9475 11.5865 12.9475 11.9034C12.9475 12.2202 12.6879 12.4771 12.3678 12.4771H6.7638C6.44363 12.4771 6.18408 12.2202 6.18408 11.9034Z" fill="#EB0203"></path>
                    <path fill-rule="evenodd" clip-rule="evenodd" d="M6.18408 8.84116C6.18408 8.52424 6.44363 8.26733 6.7638 8.26733H12.3678C12.6879 8.26733 12.9475 8.52424 12.9475 8.84116C12.9475 9.15807 12.6879 9.41498 12.3678 9.41498H6.7638C6.44363 9.41498 6.18408 9.15807 6.18408 8.84116Z" fill="#EB0203"></path>
                    <path fill-rule="evenodd" clip-rule="evenodd" d="M6.18408 14.9655C6.18408 14.6486 6.44363 14.3917 6.7638 14.3917H10.1455C10.4657 14.3917 10.7252 14.6486 10.7252 14.9655C10.7252 15.2825 10.4657 15.5394 10.1455 15.5394H6.7638C6.44363 15.5394 6.18408 15.2825 6.18408 14.9655Z" fill="#EB0203"></path>
                    <path fill-rule="evenodd" clip-rule="evenodd" d="M3.67139 5.77914C3.67139 5.46223 3.93094 5.20532 4.25111 5.20532H4.63759C4.95776 5.20532 5.21731 5.46223 5.21731 5.77914C5.21731 6.09606 4.95776 6.35297 4.63759 6.35297H4.25111C3.93094 6.35297 3.67139 6.09606 3.67139 5.77914Z" fill="#EB0203"></path>
                    <path fill-rule="evenodd" clip-rule="evenodd" d="M3.67139 11.9034C3.67139 11.5865 3.93094 11.3296 4.25111 11.3296H4.63759C4.95776 11.3296 5.21731 11.5865 5.21731 11.9034C5.21731 12.2202 4.95776 12.4771 4.63759 12.4771H4.25111C3.93094 12.4771 3.67139 12.2202 3.67139 11.9034Z" fill="#EB0203"></path>
                    <path fill-rule="evenodd" clip-rule="evenodd" d="M3.67139 8.84116C3.67139 8.52424 3.93094 8.26733 4.25111 8.26733H4.63759C4.95776 8.26733 5.21731 8.52424 5.21731 8.84116C5.21731 9.15807 4.95776 9.41498 4.63759 9.41498H4.25111C3.93094 9.41498 3.67139 9.15807 3.67139 8.84116Z" fill="#EB0203"></path>
                    <path fill-rule="evenodd" clip-rule="evenodd" d="M3.67139 14.9655C3.67139 14.6486 3.93094 14.3917 4.25111 14.3917H4.63759C4.95776 14.3917 5.21731 14.6486 5.21731 14.9655C5.21731 15.2825 4.95776 15.5394 4.63759 15.5394H4.25111C3.93094 15.5394 3.67139 15.2825 3.67139 14.9655Z" fill="#EB0203"></path>
                    <path fill-rule="evenodd" clip-rule="evenodd" d="M0 1.76033C0 0.914738 0.692131 0.229248 1.54592 0.229248H15.0727C15.9265 0.229248 16.6186 0.914738 16.6186 1.76033V11.2818C16.6186 11.5989 16.3591 11.8559 16.0389 11.8559C15.7187 11.8559 15.4592 11.5989 15.4592 11.2818V1.76033C15.4592 1.54893 15.2862 1.37756 15.0727 1.37756H1.54592C1.33247 1.37756 1.15944 1.54893 1.15944 1.76033V18.985C1.15944 19.1964 1.33247 19.3678 1.54592 19.3678H9.27551C9.59568 19.3678 9.85523 19.6249 9.85523 19.942C9.85523 20.2591 9.59568 20.5161 9.27551 20.5161H1.54592C0.692131 20.5161 0 19.8306 0 18.985V1.76033Z" fill="#EB0203"></path>
                    <path fill-rule="evenodd" clip-rule="evenodd" d="M14.6254 13.8718C13.4921 12.8567 11.7821 12.7615 10.6574 13.7147C9.12472 15.0124 9.34891 17.128 10.4413 18.2493L14.0161 21.9126C14.2199 22.1217 14.493 22.2386 14.7824 22.2386C15.0739 22.2386 15.3449 22.1238 15.5487 21.9147L19.1235 18.2514C20.2139 17.13 20.4422 15.0144 18.9075 13.7147C17.7827 12.7634 16.0726 12.8569 14.9392 13.872C14.8856 13.92 14.8333 13.9701 14.7824 14.0222C14.7314 13.97 14.6791 13.9199 14.6254 13.8718ZM18.1546 14.588C19.0972 15.3869 18.9961 16.7262 18.2891 17.4541C18.2888 17.4543 18.2886 17.4546 18.2884 17.4548L14.7834 21.0466L11.2757 17.452C11.2756 17.4519 11.2755 17.4517 11.2753 17.4516C10.5681 16.7252 10.4682 15.3856 11.4108 14.5876L11.4112 14.5872C12.0748 14.0248 13.202 14.0556 13.949 14.8205L14.7824 15.674L15.6158 14.8205C16.3618 14.0567 17.4896 14.0256 18.1545 14.5879" fill="#EB0203"></path>
                    </svg>
                    </button>
                    </div>
                    </div>
                    <p class="ct-tile--brand">Mimosa</p>
                    <p class="ct-tile--quantity">emb. 3 x 200 ml</p>
                    </div>
                    <div class="ct-tile-bottom row no-gutters justify-content-between">
                    <div class="ct-price-wrap col-8 col-sm-12">
                    <div class="price js-product-price">
                    <div class="prices-wrapper">
                    <span class="sales ct-tile--price-primary ">
                    <span class="value" content="1.19">
                    <span class="ct-price-formatted">
                    €1,19
                    </span>
                    <span class="ct-m-unit">
                    /un
                    </span>
                    </span>
                    </span>
                    </div>
                    <div class="ct-tile--price-secondary">
                    <span class="ct-price-value">
                    €1,98
                    </span>
                    <span class="ct-m-unit">
                    /lt
                    </span>
                    </div>
                    </div>
                    </div>
                    <div class="ct-tile-buy-section d-flex justify-content-center no-gutters col-auto col-sm-12">
                    <div class="col-2 d-sm-flex d-none">
                    <button class="wishlist-toggler guest-mode inactive button button--tertiary" data-pid="3579522" data-add-url="https://www.continente.pt/on/demandware.store/Sites-continente-Site/default/Wishlist-AddProduct?pid=3579522" data-toggle="tooltip" aria-label="Adicionar aos favoritos " data-original-title="Adicionar aos favoritos" data-placement="top">
                    <svg class="active-content" width="100%" height="100%" viewBox="0 0 20 22" fill="none" xmlns="http://www.w3.org/2000/svg">
                    <path fill-rule="evenodd" clip-rule="evenodd" d="M0 1.53052C0 0.685236 0.692171 0 1.54601 0H15.0736C15.9274 0 16.6196 0.685235 16.6196 1.53052V13.4064L15.8127 13.922L14.2658 14.2658L12.7189 13.4064L10.6054 14.3818C10.4994 14.2451 10.3327 14.157 10.1452 14.157H6.76329C6.4431 14.157 6.18354 14.414 6.18354 14.731C6.18354 15.0479 6.4431 15.3049 6.76329 15.3049H10.1452C10.2478 15.3049 10.3441 15.2785 10.4277 15.2322L10.3126 16.8439L13.2345 20.2793H1.54601C0.69217 20.2793 0 19.5941 0 18.7488V1.53052ZM6.18354 5.5483C6.18354 5.23132 6.4431 4.97436 6.76329 4.97436H12.3676C12.6878 4.97436 12.9473 5.23132 12.9473 5.5483C12.9473 5.86528 12.6878 6.12224 12.3676 6.12224H6.76329C6.4431 6.12224 6.18354 5.86528 6.18354 5.5483ZM6.76329 11.0961C6.4431 11.0961 6.18354 11.3531 6.18354 11.6701C6.18354 11.987 6.4431 12.244 6.76329 12.244H12.3676C12.6878 12.244 12.9473 11.987 12.9473 11.6701C12.9473 11.3531 12.6878 11.0961 12.3676 11.0961H6.76329ZM6.18354 8.60985C6.18354 8.29287 6.4431 8.03591 6.76329 8.03591H12.3676C12.6878 8.03591 12.9473 8.29287 12.9473 8.60985C12.9473 8.92684 12.6878 9.1838 12.3676 9.1838H6.76329C6.4431 9.1838 6.18354 8.92684 6.18354 8.60985ZM3.67118 5.5483C3.67118 5.23132 3.93075 4.97436 4.25093 4.97436H4.63743C4.95762 4.97436 5.21719 5.23132 5.21719 5.5483C5.21719 5.86528 4.95762 6.12224 4.63743 6.12224H4.25093C3.93075 6.12224 3.67118 5.86528 3.67118 5.5483ZM4.25093 11.0961C3.93075 11.0961 3.67118 11.3531 3.67118 11.6701C3.67118 11.987 3.93075 12.244 4.25093 12.244H4.63743C4.95762 12.244 5.21719 11.987 5.21719 11.6701C5.21719 11.3531 4.95762 11.0961 4.63743 11.0961H4.25093ZM3.67118 8.60985C3.67118 8.29287 3.93075 8.03591 4.25093 8.03591H4.63743C4.95762 8.03591 5.21719 8.29287 5.21719 8.60985C5.21719 8.92684 4.95762 9.1838 4.63743 9.1838H4.25093C3.93075 9.1838 3.67118 8.92684 3.67118 8.60985ZM4.25093 14.157C3.93075 14.157 3.67118 14.414 3.67118 14.731C3.67118 15.0479 3.93075 15.3049 4.25093 15.3049H4.63743C4.95762 15.3049 5.21719 15.0479 5.21719 14.731C5.21719 14.414 4.95762 14.157 4.63743 14.157H4.25093Z" fill="#EB0203"></path>
                    <path fill-rule="evenodd" clip-rule="evenodd" d="M14.6252 13.6363C13.4918 12.6215 11.7817 12.5264 10.6569 13.4792C9.12421 14.7764 9.34841 16.8912 10.4409 18.0122L14.0159 21.6742C14.2197 21.8832 14.4928 22 14.7822 22C15.0737 22 15.3448 21.8852 15.5486 21.6762L19.1236 18.0142C20.214 16.8933 20.4423 14.7785 18.9075 13.4792C17.7827 12.5283 16.0724 12.6217 14.9391 13.6365C14.8855 13.6845 14.8331 13.7345 14.7822 13.7866C14.7313 13.7345 14.6789 13.6843 14.6252 13.6363ZM18.1546 14.3522C19.0973 15.1508 18.9962 16.4896 18.2891 17.2173C18.2888 17.2175 18.2886 17.2177 18.2884 17.218L14.7832 20.8084L11.2753 17.2151C11.2752 17.215 11.2751 17.2149 11.2749 17.2148C10.5677 16.4887 10.4678 15.1495 11.4104 14.3518L11.4108 14.3514C12.0745 13.7892 13.2018 13.82 13.9488 14.5846L14.7822 15.4378L15.6157 14.5846C16.3617 13.8211 17.4896 13.79 18.1545 14.3521" fill="#EB0203"></path>
                    </svg>
                    <svg class="inactive-content" width="100%" height="100%" viewBox="0 0 20 23" fill="none" xmlns="http://www.w3.org/2000/svg">
                    <path fill-rule="evenodd" clip-rule="evenodd" d="M6.18408 5.77914C6.18408 5.46223 6.44363 5.20532 6.7638 5.20532H12.3678C12.6879 5.20532 12.9475 5.46223 12.9475 5.77914C12.9475 6.09606 12.6879 6.35297 12.3678 6.35297H6.7638C6.44363 6.35297 6.18408 6.09606 6.18408 5.77914Z" fill="#EB0203"></path>
                    <path fill-rule="evenodd" clip-rule="evenodd" d="M6.18408 11.9034C6.18408 11.5865 6.44363 11.3296 6.7638 11.3296H12.3678C12.6879 11.3296 12.9475 11.5865 12.9475 11.9034C12.9475 12.2202 12.6879 12.4771 12.3678 12.4771H6.7638C6.44363 12.4771 6.18408 12.2202 6.18408 11.9034Z" fill="#EB0203"></path>
                    <path fill-rule="evenodd" clip-rule="evenodd" d="M6.18408 8.84116C6.18408 8.52424 6.44363 8.26733 6.7638 8.26733H12.3678C12.6879 8.26733 12.9475 8.52424 12.9475 8.84116C12.9475 9.15807 12.6879 9.41498 12.3678 9.41498H6.7638C6.44363 9.41498 6.18408 9.15807 6.18408 8.84116Z" fill="#EB0203"></path>
                    <path fill-rule="evenodd" clip-rule="evenodd" d="M6.18408 14.9655C6.18408 14.6486 6.44363 14.3917 6.7638 14.3917H10.1455C10.4657 14.3917 10.7252 14.6486 10.7252 14.9655C10.7252 15.2825 10.4657 15.5394 10.1455 15.5394H6.7638C6.44363 15.5394 6.18408 15.2825 6.18408 14.9655Z" fill="#EB0203"></path>
                    <path fill-rule="evenodd" clip-rule="evenodd" d="M3.67139 5.77914C3.67139 5.46223 3.93094 5.20532 4.25111 5.20532H4.63759C4.95776 5.20532 5.21731 5.46223 5.21731 5.77914C5.21731 6.09606 4.95776 6.35297 4.63759 6.35297H4.25111C3.93094 6.35297 3.67139 6.09606 3.67139 5.77914Z" fill="#EB0203"></path>
                    <path fill-rule="evenodd" clip-rule="evenodd" d="M3.67139 11.9034C3.67139 11.5865 3.93094 11.3296 4.25111 11.3296H4.63759C4.95776 11.3296 5.21731 11.5865 5.21731 11.9034C5.21731 12.2202 4.95776 12.4771 4.63759 12.4771H4.25111C3.93094 12.4771 3.67139 12.2202 3.67139 11.9034Z" fill="#EB0203"></path>
                    <path fill-rule="evenodd" clip-rule="evenodd" d="M3.67139 8.84116C3.67139 8.52424 3.93094 8.26733 4.25111 8.26733H4.63759C4.95776 8.26733 5.21731 8.52424 5.21731 8.84116C5.21731 9.15807 4.95776 9.41498 4.63759 9.41498H4.25111C3.93094 9.41498 3.67139 9.15807 3.67139 8.84116Z" fill="#EB0203"></path>
                    <path fill-rule="evenodd" clip-rule="evenodd" d="M3.67139 14.9655C3.67139 14.6486 3.93094 14.3917 4.25111 14.3917H4.63759C4.95776 14.3917 5.21731 14.6486 5.21731 14.9655C5.21731 15.2825 4.95776 15.5394 4.63759 15.5394H4.25111C3.93094 15.5394 3.67139 15.2825 3.67139 14.9655Z" fill="#EB0203"></path>
                    <path fill-rule="evenodd" clip-rule="evenodd" d="M0 1.76033C0 0.914738 0.692131 0.229248 1.54592 0.229248H15.0727C15.9265 0.229248 16.6186 0.914738 16.6186 1.76033V11.2818C16.6186 11.5989 16.3591 11.8559 16.0389 11.8559C15.7187 11.8559 15.4592 11.5989 15.4592 11.2818V1.76033C15.4592 1.54893 15.2862 1.37756 15.0727 1.37756H1.54592C1.33247 1.37756 1.15944 1.54893 1.15944 1.76033V18.985C1.15944 19.1964 1.33247 19.3678 1.54592 19.3678H9.27551C9.59568 19.3678 9.85523 19.6249 9.85523 19.942C9.85523 20.2591 9.59568 20.5161 9.27551 20.5161H1.54592C0.692131 20.5161 0 19.8306 0 18.985V1.76033Z" fill="#EB0203"></path>
                    <path fill-rule="evenodd" clip-rule="evenodd" d="M14.6254 13.8718C13.4921 12.8567 11.7821 12.7615 10.6574 13.7147C9.12472 15.0124 9.34891 17.128 10.4413 18.2493L14.0161 21.9126C14.2199 22.1217 14.493 22.2386 14.7824 22.2386C15.0739 22.2386 15.3449 22.1238 15.5487 21.9147L19.1235 18.2514C20.2139 17.13 20.4422 15.0144 18.9075 13.7147C17.7827 12.7634 16.0726 12.8569 14.9392 13.872C14.8856 13.92 14.8333 13.9701 14.7824 14.0222C14.7314 13.97 14.6791 13.9199 14.6254 13.8718ZM18.1546 14.588C19.0972 15.3869 18.9961 16.7262 18.2891 17.4541C18.2888 17.4543 18.2886 17.4546 18.2884 17.4548L14.7834 21.0466L11.2757 17.452C11.2756 17.4519 11.2755 17.4517 11.2753 17.4516C10.5681 16.7252 10.4682 15.3856 11.4108 14.5876L11.4112 14.5872C12.0748 14.0248 13.202 14.0556 13.949 14.8205L14.7824 15.674L15.6158 14.8205C16.3618 14.0567 17.4896 14.0256 18.1545 14.5879" fill="#EB0203"></path>
                    </svg>
                    </button>
                    </div>
                    <div class="col-sm-10 col-12">
                    <div class="ct-tile-quantity d-none" data-pid="3579522">
                    <input type="hidden" class="add-to-cart-url" value="https://www.continente.pt/on/demandware.store/Sites-continente-Site/default/Cart-AddProduct">
                    <div class="d-none tile-delete-confirmation-btn" data-pid="3579522" data-delay-time="3000" data-in-cart-msg="no carrinho" data-one-product-added="Adicionado ao carrinho" data-remove-from-cart-msg="Removido do carrinho" data-stay-open="6000.0" data-confirmation-image="{&quot;url&quot;:&quot;https://www.continente.pt/dw/image/v2/BDVS_PRD/on/demandware.static/-/Sites-col-master-catalog/default/dwf3170020/images/col/357/3579522-esquerdo.jpg?sw=87&amp;sh=80&quot;,&quot;fallbackimage&quot;:{&quot;url&quot;:&quot;https://www.continente.pt/dw/image/v2/BDVS_PRD/on/demandware.static/Sites-continente-Site/-/default/dw7c42b4da/images/noimagelarge_product.png?sw=87&amp;sh=80&quot;,&quot;title&quot;:&quot;Leite UHT Meio Gordo&quot;,&quot;alt&quot;:&quot;Leite UHT Meio Gordo&quot;},&quot;title&quot;:&quot;Leite UHT Meio Gordo&quot;,&quot;alt&quot;:&quot;Leite UHT Meio Gordo&quot;}"></div>
                    <div class="ct-tile-quantity-update quantity-update product-qty-vue" data-remove-action="https://www.continente.pt/on/demandware.store/Sites-continente-Site/default/Cart-RemoveProductLineItem" data-action="https://www.continente.pt/on/demandware.store/Sites-continente-Site/default/Cart-UpdateQuantity" data-dimension-update="https://www.continente.pt/on/demandware.store/Sites-continente-Site/default/Cart-DimensionUpdate" data-pid="3579522" data-uuid="f8eea2d16eda2305ab0488e76a" data-add-delay="500.0" data-measure-options="{&quot;hasConversionRate&quot;:false,&quot;hasAlternativeSaleUnit&quot;:false,&quot;unitConversionRate&quot;:0,&quot;minOrderQuantity&quot;:1,&quot;stepQuantity&quot;:1,&quot;primaryunit&quot;:&quot;un&quot;,&quot;secondaryunit&quot;:&quot;lt&quot;,&quot;selectedunit&quot;:&quot;primary&quot;,&quot;maxNumberOfUnitsPerSale&quot;:54}" data-price-available="null" :data-has-error="isMaxQtyReached || isMinQtyReached || qtySelectedMoreThanOne">
                    <template v-show="prodUnits">
                    <div class="quantity-input-wrapper has-units">
                    <label class="visually-hidden" :for="'quantity-' + pid + additionalTag">
                    Quantidade no carrinho
                    </label>
                    <input :ref="'quantityInput-' + pid + additionalTag" class="add-to-cart-quantity form-control ct-form-input text-center" inputmode="numeric" :class="{'is-invalid': isInvalid}" :data-pid="pid + additionalTag" :name="'quantity-' + pid + additionalTag" type="text" aria-label="Insira a quantidade" title="" v-model="displayValue" @change="updateQuantity" @focus="updateQtyFormat" @blur="restoreQtyFormat" :disabled="!isPriceAvailable">
                    <span class="quantity-icon quantity-icon--minus">
                    <button class="decrease-quantity-btn" @click="updateQuantity" :disabled="!isPriceAvailable" role="button" aria-label="Reduzir quantidade">
                    <i class="css-math-minus"></i>
                    </button>
                    </span>
                    <span class="quantity-icon quantity-icon--plus">
                    <button class="increase-quantity-btn" @click="updateQuantity" :disabled="isMaxQtyReached || !isPriceAvailable" role="button" aria-label="Aumentar quantidade">
                    <i class="css-math-plus"></i>
                    </button>
                    <span class="quantity-btn-disabled-placeholder"></span>
                    </span>
                    <template v-if="isPDP">
                    <span class="quantity-error ct-span-error text-sm-center product-max-allocation" v-if="isMaxQtyReached">
                    Quantidade máxima atingida
                    </span>
                    <span class="quantity-error ct-span-product text-sm-center product-allocation" v-if="!isMinQtyReached &amp;&amp; !isMaxQtyReached">
                    {{quantitySelected}} no carrinho
                    </span>
                    <span class="quantity-error ct-span-error text-sm-center product-min-allocation" :data-pid="pid" v-if="isMinQtyReached &amp;&amp; !isMaxQtyReached">
                    Quantidade mínima atingida
                    </span>
                    </template>
                    </div>
                    <template v-if="showNotes">
                    <div class="add-note-link-container ">
                    <div class="add-note">
                    <a href="/produto/leite-uht-meio-gordo-mimosa-3579522.html?showNote=true" class="ct-add-note-redirect-pdp" aria-label="Adicionar comentário">
                    <span class="svg-wrapper svg-icon-notes" style="width:19px; height:20px">
                    <svg class="svg-inline icon-notes" viewBox="0 0 28 30" xmlns="http://www.w3.org/2000/svg" width="100%" height="100%"><path d="M21.738 0C22.985 0 24 1.04 24 2.319V12.47c0 .469-.37.848-.828.848-.457 0-.827-.38-.827-.848V2.32c0-.343-.273-.622-.607-.622H2.262c-.334 0-.607.279-.607.622V27.68c0 .343.273.622.607.622h7.81c.457 0 .827.38.827.849 0 .468-.37.848-.827.848h-7.81C1.015 30 0 28.96 0 27.681V2.32C0 1.04 1.015 0 2.262 0h19.476zm2.844 16.004l.227.007c.823.053 1.589.39 2.176.964.64.627.993 1.46.993 2.349 0 .888-.353 1.722-.993 2.348l-6.83 6.665c-.11.108-.247.186-.397.226l-5.032 1.363c-.078.021-.16.032-.241.032-.242 0-.478-.097-.647-.266-.23-.231-.314-.566-.218-.874l1.49-4.798c.044-.139.122-.266.227-.369l6.844-6.677c.64-.625 1.493-.97 2.401-.97zm-2.886 3.94l-4.922 4.802-.947 3.048 3.22-.872 4.897-4.78-2.248-2.197zm2.887-2.174c-.425 0-.824.162-1.124.455l-.484.472 2.248 2.197.484-.472c.62-.606.62-1.591 0-2.197l-.117-.104c-.283-.227-.636-.35-1.007-.35zm-10.839.022c.498 0 .904.396.904.883 0 .488-.406.884-.904.884H5.946c-.499 0-.904-.396-.904-.884 0-.487.405-.883.904-.883zm5.042-4.876c.498 0 .904.397.904.884s-.406.884-.904.884H5.946c-.499 0-.904-.397-.904-.884s.405-.884.904-.884zm0-4.875c.498 0 .904.396.904.884 0 .487-.406.883-.904.883H5.946c-.499 0-.904-.396-.904-.883 0-.488.405-.884.904-.884z" fill="#EB0203" fill-rule="evenodd"></path></svg>
                    </span>
                    <div class="available-note d-none"></div>
                    </a>
                    </div>
                    </div>
                    </template>
                    <div class="measurement-unit-section" v-if="isPriceAvailable &amp;&amp; prodUnits ? prodUnits.hasAlternativeUnit : false">
                    <div class="ct-form-radio" @click="setDimension">
                    <input type="radio" title="" class="ct-form-check-input product-measurement-unit" :data-type="prodUnits.selectedUnit == prodUnits.secondaryUnit ? 'primary' : ''" :id="prodUnits.secondaryUnit + '-' + pid + '-measurement-unit-ptile' + additionalTag" :name="'measurement-unit-' + pid + '-ptile' + additionalTag" :value="prodUnits.secondaryUnit" v-model="prodUnits.selectedUnit">
                    <label :class="prodUnits.secondaryUnit + '-label ct-form-check-label mb-0'" :for="prodUnits.secondaryUnit + '-' + pid + '-measurement-unit-ptile' + additionalTag">
                    {{prodUnits.secondaryUnit}}
                    </label>
                    <span class="checkmark"></span>
                    </div>
                    <div class="ct-form-radio" @click="setDimension">
                    <input type="radio" title="" class="ct-form-check-input product-measurement-unit" :data-type="prodUnits.selectedUnit == prodUnits.primaryUnit ? 'primary' : ''" :id="prodUnits.primaryUnit + '-' + pid + '-measurement-unit-ptile' + additionalTag" :name="'measurement-unit-' + pid + '-ptile' + additionalTag" :value="prodUnits.primaryUnit" v-model="prodUnits.selectedUnit">
                    <label :class="prodUnits.primaryUnit + '-label ct-form-check-label mb-0'" :for="prodUnits.primaryUnit + '-' + pid + '-measurement-unit-ptile' + additionalTag">
                    {{prodUnits.primaryUnit}}
                    </label>
                    <span class="checkmark"></span>
                    </div>
                    </div>
                    <template v-if="!isPDP &amp;&amp; isPriceAvailable">
                    <span class="quantity-error ct-span-error product-max-allocation" v-if="isMaxQtyReached">
                    Quantidade máxima atingida
                    </span>
                    <span class="quantity-error ct-span-product product-allocation" v-if="!isMinQtyReached &amp;&amp; !isMaxQtyReached">
                    {{quantitySelected}} no carrinho
                    </span>
                    <span class="quantity-error ct-span-error product-min-allocation" :data-pid="pid" v-if="isMinQtyReached &amp;&amp; !isMaxQtyReached">
                    Quantidade mínima atingida
                    </span>
                    </template>
                    </template>
                    </div>
                    <input class="quantity-value-mask d-none" name="quantity" type="number" min="0" value="">
                    </div>
                    <button type="button" class="add-to-cart button js-add-to-cart js-add-to-cart-tile 3579522 button--primary dynamic-layout-btn" data-toggle="modal" data-target="#chooseBonusProductModal" data-pid="3579522" data-quantity-value="null" aria-label="Carrinho">
                    <span class="d-block d-sm-none">
                    <span class="svg-wrapper svg-icon-cart" style="width:20px; height:20px">
                    <svg class="svg-inline icon-cart" xmlns="http://www.w3.org/2000/svg" viewBox="0 0 500 500" width="100%" height="100%"><path fill="#EB0203" fill-rule="evenodd" d="M 485.67317,94.386311 C 476.37798,83.847129 463.09468,78.03348 448.30404,78.03348 H 90.690813 L 87.079511,51.327997 C 83.185582,22.539551 62.962285,0 41.011841,0 H 14.727836 C 6.563151,0 0,6.5286975 0,14.580758 c 0,8.05206 6.5945535,14.580758 14.727836,14.580758 h 26.284005 c 4.710398,0 14.696435,9.855222 16.894619,26.021523 L 100.01739,368.0631 c 1.88416,13.77244 9.01256,26.70549 20.1605,36.37417 8.25889,7.15046 18.02511,11.9071 28.26237,13.89679 -4.17655,7.58572 -6.53175,16.25957 -6.53175,25.493 0,29.53459 24.27424,53.59751 54.13815,53.59751 29.8325,0 54.13814,-24.03184 54.13814,-53.59751 0,-8.79818 -2.19818,-17.09897 -5.9979,-24.43598 h 77.12488 c -3.79973,7.33701 -5.96652,15.6378 -5.96652,24.43598 0,29.53459 24.27424,53.59751 54.13817,53.59751 29.83249,0 54.13814,-24.03184 54.13814,-53.59751 0,-8.79818 -2.1982,-17.09897 -5.9979,-24.43598 h 38.56243 c 8.13328,0 14.72783,-6.5287 14.72783,-14.61183 0,-8.02098 -6.59455,-14.54967 -14.72783,-14.54967 H 159.24277 c -14.38241,0 -28.13677,-11.90711 -30.02092,-26.02153 l -3.07746,-22.88154 h 290.6314 c 14.03698,0 27.94834,-5.28513 39.06488,-14.95381 11.11652,-9.6376 18.27632,-22.57065 20.16048,-36.37417 l 21.10259,-156.78201 c 1.94694,-14.51858 -2.10398,-28.29103 -11.43057,-38.861299 z M 220.76053,443.82706 c 0,13.49265 -11.08513,24.46709 -24.68247,24.46709 -13.62874,0 -24.71387,-10.97444 -24.71387,-24.46709 0,-13.49262 11.08513,-24.43598 24.71387,-24.43598 13.59734,0 24.68247,10.94336 24.68247,24.43598 z m 173.43675,0 c 0,13.49265 -11.08512,24.46709 -24.68245,24.46709 -13.62876,0 -24.71388,-10.97444 -24.71388,-24.46709 0,-13.49262 11.08512,-24.43598 24.71388,-24.43598 13.59733,0 24.68245,10.94336 24.68245,24.43598 z m 73.7648,-314.46558 -21.13397,156.782 c -1.88416,14.11442 -15.63851,26.05261 -30.02091,26.05261 H 122.25046 L 94.616142,107.19499 H 448.33544 c 6.18632,0 11.61896,2.2695 15.23028,6.37326 3.64269,4.13484 5.21283,9.73086 4.39636,15.79323 z"></path></svg>
                    </span>
                    </span>
                    <span class="add-to-cart--text d-none d-sm-block">Carrinho</span>
                    </button>
                    </div>
                    </div>
                     </div>
                    </div>
                    
                    <div class="col-12 d-sm-none">
                    </div>
                    </div>
                    </div>
                    </div>
                    </div>
                    <div class="col-12 col-sm-3 col-lg-2 productTile" data-idx="28">
                    
                    <script type="text/javascript">//<!--
                    /* <![CDATA[ */
                    (function(){
                    try {
                        if(window.CQuotient) {
                        var cq_params = {};
                        
                        cq_params.cookieId = window.CQuotient.getCQCookieId();
                        cq_params.userId = window.CQuotient.getCQUserId();
                        cq_params.emailId = CQuotient.getCQHashedEmail();
                        cq_params.loginId = CQuotient.getCQHashedLogin();
                        cq_params.accumulate = true;
                        cq_params.products = [{
                            id: '6896860',
                            sku: ''
                        }];
                        cq_params.categoryId = 'laticinios';
                        cq_params.refinements = '[{\"name\":\"priceMin\",\"value\":\"0.01\"},{\"name\":\"priceMax\",\"value\":\"null\"},{\"name\":\"curr\",\"value\":\"EUR\"},{\"name\":\"Category\",\"value\":\"laticinios\"}]';
                        cq_params.personalized = 'false';
                        cq_params.sortingRule = 'FOOD-Laticinios';
                        cq_params.imageUUID = '__UNDEFINED__';
                        cq_params.realm = "BDVS";
                        cq_params.siteId = "continente";
                        cq_params.instanceType = "prd";
                        cq_params.queryLocale = "default";
                        cq_params.locale = window.CQuotient.locale;
                        
                        if(window.CQuotient.sendActivity)
                            window.CQuotient.sendActivity(CQuotient.clientId, 'viewCategory', cq_params);
                        else
                            window.CQuotient.activities.push({
                                activityType: 'viewCategory',
                                parameters: cq_params
                            });
                      }
                    } catch(err) {}
                    })();
                    /* ]]> */
                    // -->
                    </script>
                    <script type="text/javascript">//<!--
                    /* <![CDATA[ (viewCategoryProduct-active_data.js) */
                    (function(){
                    try {
                        if (dw.ac) {
                            var search_params = {};
                            search_params.persd = 'false';
                            search_params.refs = '[{\"name\":\"priceMin\",\"value\":\"0.01\"},{\"name\":\"priceMax\",\"value\":\"null\"},{\"name\":\"curr\",\"value\":\"EUR\"},{\"name\":\"Category\",\"value\":\"laticinios\"}]';
                            search_params.sort = 'FOOD-Laticinios';
                            search_params.imageUUID = '';
                            search_params.searchID = 'ff60679a-0a42-4d90-af85-afdcdfaee427';
                            search_params.locale = 'default';
                            search_params.queryLocale = 'default';
                            search_params.showProducts = 'true';
                            dw.ac.applyContext({category: "laticinios", searchData: search_params});
                            if (typeof dw.ac._scheduleDataSubmission === "function") {
                                dw.ac._scheduleDataSubmission();
                            }
                        }
                    } catch(err) {}
                    })();
                    /* ]]> */
                    // -->
                    </script>
                    <script type="text/javascript">//<!--
                    /* <![CDATA[ (viewProduct-active_data.js) */
                    dw.ac._capture({id: "6896860", type: "searchhit"});
                    /* ]]> */
                    // -->
                    </script>
                    <div class="product" data-pid="6896860">
                    <div class="product-tile pid-6896860 ct-product-tile data-layer-pushed" data-delay-time="3000" data-variants-mapping="[]" data-in-cart-msg="no carrinho" data-one-product-added="Adicionado ao carrinho" data-remove-from-cart-msg="Removido do carrinho" data-stay-open="6000.0" data-product-tile-impression="{&quot;name&quot;:&quot;6896860&quot;,&quot;id&quot;:&quot;6896860&quot;,&quot;price&quot;:0.75,&quot;brand&quot;:&quot;Continente&quot;,&quot;category&quot;:[{&quot;category_level_1&quot;:&quot;Laticínios e Ovos&quot;},{&quot;category_level_2&quot;:&quot;Natas e Bechamel&quot;},{&quot;category_level_3&quot;:&quot;Natas Culinária&quot;}],&quot;variant&quot;:&quot;&quot;}">
                    <div class="ct-inner-tile-wrap row no-gutters justify-content-center align-content-start">
                    
                    <div class="ct-image-container col-4 col-sm" data-confirmation-image="{&quot;url&quot;:&quot;https://www.continente.pt/dw/image/v2/BDVS_PRD/on/demandware.static/-/Sites-col-master-catalog/default/dw0feadd40/images/col/689/6896860-hero.jpg?sw=87&amp;sh=80&quot;,&quot;fallbackimage&quot;:{&quot;url&quot;:&quot;https://www.continente.pt/dw/image/v2/BDVS_PRD/on/demandware.static/Sites-continente-Site/-/default/dw7c42b4da/images/noimagelarge_product.png?sw=87&amp;sh=80&quot;,&quot;title&quot;:&quot;Nata UHT Culinária&quot;,&quot;alt&quot;:&quot;Nata UHT Culinária&quot;},&quot;title&quot;:&quot;Nata UHT Culinária&quot;,&quot;alt&quot;:&quot;Nata UHT Culinária&quot;}">
                    <a href="https://www.continente.pt/produto/nata-uht-culinaria-continente-6896860.html?cgid=laticinios">
                    <picture class="intrinsic intrinsic--square">
                    <img class="ct-tile-image lazyloaded" loading="lazy" onerror="this.onerror=null;this.src='/on/demandware.static/Sites-continente-Site/-/default/dw7c42b4da/images/noimagelarge_product.png';" data-src="https://www.continente.pt/dw/image/v2/BDVS_PRD/on/demandware.static/-/Sites-col-master-catalog/default/dw0feadd40/images/col/689/6896860-hero.jpg?sw=280&amp;sh=280" alt="Nata UHT Culinária" title="Nata UHT Culinária" src="https://www.continente.pt/dw/image/v2/BDVS_PRD/on/demandware.static/-/Sites-col-master-catalog/default/dw0feadd40/images/col/689/6896860-hero.jpg?sw=280&amp;sh=280">
                    </picture>
                    </a>
                    <div class=" ct-product-tile-badge ct-product-tile-badge--general">
                    <img class="img-fluid ct-tooltip-trigger lazyloaded" loading="lazy" data-src="https://www.continente.pt/dw/image/v2/BDVS_PRD/on/demandware.static/-/Sites-continente-Library/default/dw62d4c957/images/badges/general/col/madein.png?sw=25&amp;sh=25" alt="Crachá do produto" title="" data-toggle="tooltip" data-placement="right" data-original-title="Produzido em Portugal" src="https://www.continente.pt/dw/image/v2/BDVS_PRD/on/demandware.static/-/Sites-continente-Library/default/dw62d4c957/images/badges/general/col/madein.png?sw=25&amp;sh=25">
                    </div>
                    <div class="color-swatches d-flex" style="margin-left: 5px;">
                    <div class="swatches d-flex">
                    </div>
                    </div>
                    </div>
                    <div class="ct-tile-body col col-sm-auto ">
                    <div class="ct-pdp-details">
                    <div class="ct-pdp-link">
                    <a class="ct-tile--description" href="https://www.continente.pt/produto/nata-uht-culinaria-continente-6896860.html?cgid=laticinios">Nata UHT Culinária</a>
                    <div class="ct-tile--favorite-top d-sm-none">
                    <button class="wishlist-toggler guest-mode inactive button button--tertiary" data-pid="6896860" data-add-url="https://www.continente.pt/on/demandware.store/Sites-continente-Site/default/Wishlist-AddProduct?pid=6896860" data-toggle="tooltip" aria-label="Adicionar aos favoritos " data-original-title="Adicionar aos favoritos" data-placement="top">
                    <svg class="active-content" width="100%" height="100%" viewBox="0 0 20 22" fill="none" xmlns="http://www.w3.org/2000/svg">
                    <path fill-rule="evenodd" clip-rule="evenodd" d="M0 1.53052C0 0.685236 0.692171 0 1.54601 0H15.0736C15.9274 0 16.6196 0.685235 16.6196 1.53052V13.4064L15.8127 13.922L14.2658 14.2658L12.7189 13.4064L10.6054 14.3818C10.4994 14.2451 10.3327 14.157 10.1452 14.157H6.76329C6.4431 14.157 6.18354 14.414 6.18354 14.731C6.18354 15.0479 6.4431 15.3049 6.76329 15.3049H10.1452C10.2478 15.3049 10.3441 15.2785 10.4277 15.2322L10.3126 16.8439L13.2345 20.2793H1.54601C0.69217 20.2793 0 19.5941 0 18.7488V1.53052ZM6.18354 5.5483C6.18354 5.23132 6.4431 4.97436 6.76329 4.97436H12.3676C12.6878 4.97436 12.9473 5.23132 12.9473 5.5483C12.9473 5.86528 12.6878 6.12224 12.3676 6.12224H6.76329C6.4431 6.12224 6.18354 5.86528 6.18354 5.5483ZM6.76329 11.0961C6.4431 11.0961 6.18354 11.3531 6.18354 11.6701C6.18354 11.987 6.4431 12.244 6.76329 12.244H12.3676C12.6878 12.244 12.9473 11.987 12.9473 11.6701C12.9473 11.3531 12.6878 11.0961 12.3676 11.0961H6.76329ZM6.18354 8.60985C6.18354 8.29287 6.4431 8.03591 6.76329 8.03591H12.3676C12.6878 8.03591 12.9473 8.29287 12.9473 8.60985C12.9473 8.92684 12.6878 9.1838 12.3676 9.1838H6.76329C6.4431 9.1838 6.18354 8.92684 6.18354 8.60985ZM3.67118 5.5483C3.67118 5.23132 3.93075 4.97436 4.25093 4.97436H4.63743C4.95762 4.97436 5.21719 5.23132 5.21719 5.5483C5.21719 5.86528 4.95762 6.12224 4.63743 6.12224H4.25093C3.93075 6.12224 3.67118 5.86528 3.67118 5.5483ZM4.25093 11.0961C3.93075 11.0961 3.67118 11.3531 3.67118 11.6701C3.67118 11.987 3.93075 12.244 4.25093 12.244H4.63743C4.95762 12.244 5.21719 11.987 5.21719 11.6701C5.21719 11.3531 4.95762 11.0961 4.63743 11.0961H4.25093ZM3.67118 8.60985C3.67118 8.29287 3.93075 8.03591 4.25093 8.03591H4.63743C4.95762 8.03591 5.21719 8.29287 5.21719 8.60985C5.21719 8.92684 4.95762 9.1838 4.63743 9.1838H4.25093C3.93075 9.1838 3.67118 8.92684 3.67118 8.60985ZM4.25093 14.157C3.93075 14.157 3.67118 14.414 3.67118 14.731C3.67118 15.0479 3.93075 15.3049 4.25093 15.3049H4.63743C4.95762 15.3049 5.21719 15.0479 5.21719 14.731C5.21719 14.414 4.95762 14.157 4.63743 14.157H4.25093Z" fill="#EB0203"></path>
                    <path fill-rule="evenodd" clip-rule="evenodd" d="M14.6252 13.6363C13.4918 12.6215 11.7817 12.5264 10.6569 13.4792C9.12421 14.7764 9.34841 16.8912 10.4409 18.0122L14.0159 21.6742C14.2197 21.8832 14.4928 22 14.7822 22C15.0737 22 15.3448 21.8852 15.5486 21.6762L19.1236 18.0142C20.214 16.8933 20.4423 14.7785 18.9075 13.4792C17.7827 12.5283 16.0724 12.6217 14.9391 13.6365C14.8855 13.6845 14.8331 13.7345 14.7822 13.7866C14.7313 13.7345 14.6789 13.6843 14.6252 13.6363ZM18.1546 14.3522C19.0973 15.1508 18.9962 16.4896 18.2891 17.2173C18.2888 17.2175 18.2886 17.2177 18.2884 17.218L14.7832 20.8084L11.2753 17.2151C11.2752 17.215 11.2751 17.2149 11.2749 17.2148C10.5677 16.4887 10.4678 15.1495 11.4104 14.3518L11.4108 14.3514C12.0745 13.7892 13.2018 13.82 13.9488 14.5846L14.7822 15.4378L15.6157 14.5846C16.3617 13.8211 17.4896 13.79 18.1545 14.3521" fill="#EB0203"></path>
                    </svg>
                    <svg class="inactive-content" width="100%" height="100%" viewBox="0 0 20 23" fill="none" xmlns="http://www.w3.org/2000/svg">
                    <path fill-rule="evenodd" clip-rule="evenodd" d="M6.18408 5.77914C6.18408 5.46223 6.44363 5.20532 6.7638 5.20532H12.3678C12.6879 5.20532 12.9475 5.46223 12.9475 5.77914C12.9475 6.09606 12.6879 6.35297 12.3678 6.35297H6.7638C6.44363 6.35297 6.18408 6.09606 6.18408 5.77914Z" fill="#EB0203"></path>
                    <path fill-rule="evenodd" clip-rule="evenodd" d="M6.18408 11.9034C6.18408 11.5865 6.44363 11.3296 6.7638 11.3296H12.3678C12.6879 11.3296 12.9475 11.5865 12.9475 11.9034C12.9475 12.2202 12.6879 12.4771 12.3678 12.4771H6.7638C6.44363 12.4771 6.18408 12.2202 6.18408 11.9034Z" fill="#EB0203"></path>
                    <path fill-rule="evenodd" clip-rule="evenodd" d="M6.18408 8.84116C6.18408 8.52424 6.44363 8.26733 6.7638 8.26733H12.3678C12.6879 8.26733 12.9475 8.52424 12.9475 8.84116C12.9475 9.15807 12.6879 9.41498 12.3678 9.41498H6.7638C6.44363 9.41498 6.18408 9.15807 6.18408 8.84116Z" fill="#EB0203"></path>
                    <path fill-rule="evenodd" clip-rule="evenodd" d="M6.18408 14.9655C6.18408 14.6486 6.44363 14.3917 6.7638 14.3917H10.1455C10.4657 14.3917 10.7252 14.6486 10.7252 14.9655C10.7252 15.2825 10.4657 15.5394 10.1455 15.5394H6.7638C6.44363 15.5394 6.18408 15.2825 6.18408 14.9655Z" fill="#EB0203"></path>
                    <path fill-rule="evenodd" clip-rule="evenodd" d="M3.67139 5.77914C3.67139 5.46223 3.93094 5.20532 4.25111 5.20532H4.63759C4.95776 5.20532 5.21731 5.46223 5.21731 5.77914C5.21731 6.09606 4.95776 6.35297 4.63759 6.35297H4.25111C3.93094 6.35297 3.67139 6.09606 3.67139 5.77914Z" fill="#EB0203"></path>
                    <path fill-rule="evenodd" clip-rule="evenodd" d="M3.67139 11.9034C3.67139 11.5865 3.93094 11.3296 4.25111 11.3296H4.63759C4.95776 11.3296 5.21731 11.5865 5.21731 11.9034C5.21731 12.2202 4.95776 12.4771 4.63759 12.4771H4.25111C3.93094 12.4771 3.67139 12.2202 3.67139 11.9034Z" fill="#EB0203"></path>
                    <path fill-rule="evenodd" clip-rule="evenodd" d="M3.67139 8.84116C3.67139 8.52424 3.93094 8.26733 4.25111 8.26733H4.63759C4.95776 8.26733 5.21731 8.52424 5.21731 8.84116C5.21731 9.15807 4.95776 9.41498 4.63759 9.41498H4.25111C3.93094 9.41498 3.67139 9.15807 3.67139 8.84116Z" fill="#EB0203"></path>
                    <path fill-rule="evenodd" clip-rule="evenodd" d="M3.67139 14.9655C3.67139 14.6486 3.93094 14.3917 4.25111 14.3917H4.63759C4.95776 14.3917 5.21731 14.6486 5.21731 14.9655C5.21731 15.2825 4.95776 15.5394 4.63759 15.5394H4.25111C3.93094 15.5394 3.67139 15.2825 3.67139 14.9655Z" fill="#EB0203"></path>
                    <path fill-rule="evenodd" clip-rule="evenodd" d="M0 1.76033C0 0.914738 0.692131 0.229248 1.54592 0.229248H15.0727C15.9265 0.229248 16.6186 0.914738 16.6186 1.76033V11.2818C16.6186 11.5989 16.3591 11.8559 16.0389 11.8559C15.7187 11.8559 15.4592 11.5989 15.4592 11.2818V1.76033C15.4592 1.54893 15.2862 1.37756 15.0727 1.37756H1.54592C1.33247 1.37756 1.15944 1.54893 1.15944 1.76033V18.985C1.15944 19.1964 1.33247 19.3678 1.54592 19.3678H9.27551C9.59568 19.3678 9.85523 19.6249 9.85523 19.942C9.85523 20.2591 9.59568 20.5161 9.27551 20.5161H1.54592C0.692131 20.5161 0 19.8306 0 18.985V1.76033Z" fill="#EB0203"></path>
                    <path fill-rule="evenodd" clip-rule="evenodd" d="M14.6254 13.8718C13.4921 12.8567 11.7821 12.7615 10.6574 13.7147C9.12472 15.0124 9.34891 17.128 10.4413 18.2493L14.0161 21.9126C14.2199 22.1217 14.493 22.2386 14.7824 22.2386C15.0739 22.2386 15.3449 22.1238 15.5487 21.9147L19.1235 18.2514C20.2139 17.13 20.4422 15.0144 18.9075 13.7147C17.7827 12.7634 16.0726 12.8569 14.9392 13.872C14.8856 13.92 14.8333 13.9701 14.7824 14.0222C14.7314 13.97 14.6791 13.9199 14.6254 13.8718ZM18.1546 14.588C19.0972 15.3869 18.9961 16.7262 18.2891 17.4541C18.2888 17.4543 18.2886 17.4546 18.2884 17.4548L14.7834 21.0466L11.2757 17.452C11.2756 17.4519 11.2755 17.4517 11.2753 17.4516C10.5681 16.7252 10.4682 15.3856 11.4108 14.5876L11.4112 14.5872C12.0748 14.0248 13.202 14.0556 13.949 14.8205L14.7824 15.674L15.6158 14.8205C16.3618 14.0567 17.4896 14.0256 18.1545 14.5879" fill="#EB0203"></path>
                    </svg>
                    </button>
                    </div>
                    </div>
                    <p class="ct-tile--brand">Continente</p>
                    <p class="ct-tile--quantity">emb. 200 ml</p>
                    </div>
                    <div class="ct-tile-bottom row no-gutters justify-content-between">
                    <div class="ct-price-wrap col-8 col-sm-12">
                    <div class="price js-product-price">
                    <div class="prices-wrapper">
                    <span class="sales ct-tile--price-primary ">
                    <span class="value" content="0.75">
                    <span class="ct-price-formatted">
                    €0,75
                    </span>
                    <span class="ct-m-unit">
                    /un
                    </span>
                    </span>
                    </span>
                    </div>
                    <div class="ct-tile--price-secondary">
                    <span class="ct-price-value">
                    €3,75
                    </span>
                    <span class="ct-m-unit">
                    /lt
                    </span>
                    </div>
                    </div>
                    </div>
                    <div class="ct-tile-buy-section d-flex justify-content-center no-gutters col-auto col-sm-12">
                    <div class="col-2 d-sm-flex d-none">
                    <button class="wishlist-toggler guest-mode inactive button button--tertiary" data-pid="6896860" data-add-url="https://www.continente.pt/on/demandware.store/Sites-continente-Site/default/Wishlist-AddProduct?pid=6896860" data-toggle="tooltip" aria-label="Adicionar aos favoritos " data-original-title="Adicionar aos favoritos" data-placement="top">
                    <svg class="active-content" width="100%" height="100%" viewBox="0 0 20 22" fill="none" xmlns="http://www.w3.org/2000/svg">
                    <path fill-rule="evenodd" clip-rule="evenodd" d="M0 1.53052C0 0.685236 0.692171 0 1.54601 0H15.0736C15.9274 0 16.6196 0.685235 16.6196 1.53052V13.4064L15.8127 13.922L14.2658 14.2658L12.7189 13.4064L10.6054 14.3818C10.4994 14.2451 10.3327 14.157 10.1452 14.157H6.76329C6.4431 14.157 6.18354 14.414 6.18354 14.731C6.18354 15.0479 6.4431 15.3049 6.76329 15.3049H10.1452C10.2478 15.3049 10.3441 15.2785 10.4277 15.2322L10.3126 16.8439L13.2345 20.2793H1.54601C0.69217 20.2793 0 19.5941 0 18.7488V1.53052ZM6.18354 5.5483C6.18354 5.23132 6.4431 4.97436 6.76329 4.97436H12.3676C12.6878 4.97436 12.9473 5.23132 12.9473 5.5483C12.9473 5.86528 12.6878 6.12224 12.3676 6.12224H6.76329C6.4431 6.12224 6.18354 5.86528 6.18354 5.5483ZM6.76329 11.0961C6.4431 11.0961 6.18354 11.3531 6.18354 11.6701C6.18354 11.987 6.4431 12.244 6.76329 12.244H12.3676C12.6878 12.244 12.9473 11.987 12.9473 11.6701C12.9473 11.3531 12.6878 11.0961 12.3676 11.0961H6.76329ZM6.18354 8.60985C6.18354 8.29287 6.4431 8.03591 6.76329 8.03591H12.3676C12.6878 8.03591 12.9473 8.29287 12.9473 8.60985C12.9473 8.92684 12.6878 9.1838 12.3676 9.1838H6.76329C6.4431 9.1838 6.18354 8.92684 6.18354 8.60985ZM3.67118 5.5483C3.67118 5.23132 3.93075 4.97436 4.25093 4.97436H4.63743C4.95762 4.97436 5.21719 5.23132 5.21719 5.5483C5.21719 5.86528 4.95762 6.12224 4.63743 6.12224H4.25093C3.93075 6.12224 3.67118 5.86528 3.67118 5.5483ZM4.25093 11.0961C3.93075 11.0961 3.67118 11.3531 3.67118 11.6701C3.67118 11.987 3.93075 12.244 4.25093 12.244H4.63743C4.95762 12.244 5.21719 11.987 5.21719 11.6701C5.21719 11.3531 4.95762 11.0961 4.63743 11.0961H4.25093ZM3.67118 8.60985C3.67118 8.29287 3.93075 8.03591 4.25093 8.03591H4.63743C4.95762 8.03591 5.21719 8.29287 5.21719 8.60985C5.21719 8.92684 4.95762 9.1838 4.63743 9.1838H4.25093C3.93075 9.1838 3.67118 8.92684 3.67118 8.60985ZM4.25093 14.157C3.93075 14.157 3.67118 14.414 3.67118 14.731C3.67118 15.0479 3.93075 15.3049 4.25093 15.3049H4.63743C4.95762 15.3049 5.21719 15.0479 5.21719 14.731C5.21719 14.414 4.95762 14.157 4.63743 14.157H4.25093Z" fill="#EB0203"></path>
                    <path fill-rule="evenodd" clip-rule="evenodd" d="M14.6252 13.6363C13.4918 12.6215 11.7817 12.5264 10.6569 13.4792C9.12421 14.7764 9.34841 16.8912 10.4409 18.0122L14.0159 21.6742C14.2197 21.8832 14.4928 22 14.7822 22C15.0737 22 15.3448 21.8852 15.5486 21.6762L19.1236 18.0142C20.214 16.8933 20.4423 14.7785 18.9075 13.4792C17.7827 12.5283 16.0724 12.6217 14.9391 13.6365C14.8855 13.6845 14.8331 13.7345 14.7822 13.7866C14.7313 13.7345 14.6789 13.6843 14.6252 13.6363ZM18.1546 14.3522C19.0973 15.1508 18.9962 16.4896 18.2891 17.2173C18.2888 17.2175 18.2886 17.2177 18.2884 17.218L14.7832 20.8084L11.2753 17.2151C11.2752 17.215 11.2751 17.2149 11.2749 17.2148C10.5677 16.4887 10.4678 15.1495 11.4104 14.3518L11.4108 14.3514C12.0745 13.7892 13.2018 13.82 13.9488 14.5846L14.7822 15.4378L15.6157 14.5846C16.3617 13.8211 17.4896 13.79 18.1545 14.3521" fill="#EB0203"></path>
                    </svg>
                    <svg class="inactive-content" width="100%" height="100%" viewBox="0 0 20 23" fill="none" xmlns="http://www.w3.org/2000/svg">
                    <path fill-rule="evenodd" clip-rule="evenodd" d="M6.18408 5.77914C6.18408 5.46223 6.44363 5.20532 6.7638 5.20532H12.3678C12.6879 5.20532 12.9475 5.46223 12.9475 5.77914C12.9475 6.09606 12.6879 6.35297 12.3678 6.35297H6.7638C6.44363 6.35297 6.18408 6.09606 6.18408 5.77914Z" fill="#EB0203"></path>
                    <path fill-rule="evenodd" clip-rule="evenodd" d="M6.18408 11.9034C6.18408 11.5865 6.44363 11.3296 6.7638 11.3296H12.3678C12.6879 11.3296 12.9475 11.5865 12.9475 11.9034C12.9475 12.2202 12.6879 12.4771 12.3678 12.4771H6.7638C6.44363 12.4771 6.18408 12.2202 6.18408 11.9034Z" fill="#EB0203"></path>
                    <path fill-rule="evenodd" clip-rule="evenodd" d="M6.18408 8.84116C6.18408 8.52424 6.44363 8.26733 6.7638 8.26733H12.3678C12.6879 8.26733 12.9475 8.52424 12.9475 8.84116C12.9475 9.15807 12.6879 9.41498 12.3678 9.41498H6.7638C6.44363 9.41498 6.18408 9.15807 6.18408 8.84116Z" fill="#EB0203"></path>
                    <path fill-rule="evenodd" clip-rule="evenodd" d="M6.18408 14.9655C6.18408 14.6486 6.44363 14.3917 6.7638 14.3917H10.1455C10.4657 14.3917 10.7252 14.6486 10.7252 14.9655C10.7252 15.2825 10.4657 15.5394 10.1455 15.5394H6.7638C6.44363 15.5394 6.18408 15.2825 6.18408 14.9655Z" fill="#EB0203"></path>
                    <path fill-rule="evenodd" clip-rule="evenodd" d="M3.67139 5.77914C3.67139 5.46223 3.93094 5.20532 4.25111 5.20532H4.63759C4.95776 5.20532 5.21731 5.46223 5.21731 5.77914C5.21731 6.09606 4.95776 6.35297 4.63759 6.35297H4.25111C3.93094 6.35297 3.67139 6.09606 3.67139 5.77914Z" fill="#EB0203"></path>
                    <path fill-rule="evenodd" clip-rule="evenodd" d="M3.67139 11.9034C3.67139 11.5865 3.93094 11.3296 4.25111 11.3296H4.63759C4.95776 11.3296 5.21731 11.5865 5.21731 11.9034C5.21731 12.2202 4.95776 12.4771 4.63759 12.4771H4.25111C3.93094 12.4771 3.67139 12.2202 3.67139 11.9034Z" fill="#EB0203"></path>
                    <path fill-rule="evenodd" clip-rule="evenodd" d="M3.67139 8.84116C3.67139 8.52424 3.93094 8.26733 4.25111 8.26733H4.63759C4.95776 8.26733 5.21731 8.52424 5.21731 8.84116C5.21731 9.15807 4.95776 9.41498 4.63759 9.41498H4.25111C3.93094 9.41498 3.67139 9.15807 3.67139 8.84116Z" fill="#EB0203"></path>
                    <path fill-rule="evenodd" clip-rule="evenodd" d="M3.67139 14.9655C3.67139 14.6486 3.93094 14.3917 4.25111 14.3917H4.63759C4.95776 14.3917 5.21731 14.6486 5.21731 14.9655C5.21731 15.2825 4.95776 15.5394 4.63759 15.5394H4.25111C3.93094 15.5394 3.67139 15.2825 3.67139 14.9655Z" fill="#EB0203"></path>
                    <path fill-rule="evenodd" clip-rule="evenodd" d="M0 1.76033C0 0.914738 0.692131 0.229248 1.54592 0.229248H15.0727C15.9265 0.229248 16.6186 0.914738 16.6186 1.76033V11.2818C16.6186 11.5989 16.3591 11.8559 16.0389 11.8559C15.7187 11.8559 15.4592 11.5989 15.4592 11.2818V1.76033C15.4592 1.54893 15.2862 1.37756 15.0727 1.37756H1.54592C1.33247 1.37756 1.15944 1.54893 1.15944 1.76033V18.985C1.15944 19.1964 1.33247 19.3678 1.54592 19.3678H9.27551C9.59568 19.3678 9.85523 19.6249 9.85523 19.942C9.85523 20.2591 9.59568 20.5161 9.27551 20.5161H1.54592C0.692131 20.5161 0 19.8306 0 18.985V1.76033Z" fill="#EB0203"></path>
                    <path fill-rule="evenodd" clip-rule="evenodd" d="M14.6254 13.8718C13.4921 12.8567 11.7821 12.7615 10.6574 13.7147C9.12472 15.0124 9.34891 17.128 10.4413 18.2493L14.0161 21.9126C14.2199 22.1217 14.493 22.2386 14.7824 22.2386C15.0739 22.2386 15.3449 22.1238 15.5487 21.9147L19.1235 18.2514C20.2139 17.13 20.4422 15.0144 18.9075 13.7147C17.7827 12.7634 16.0726 12.8569 14.9392 13.872C14.8856 13.92 14.8333 13.9701 14.7824 14.0222C14.7314 13.97 14.6791 13.9199 14.6254 13.8718ZM18.1546 14.588C19.0972 15.3869 18.9961 16.7262 18.2891 17.4541C18.2888 17.4543 18.2886 17.4546 18.2884 17.4548L14.7834 21.0466L11.2757 17.452C11.2756 17.4519 11.2755 17.4517 11.2753 17.4516C10.5681 16.7252 10.4682 15.3856 11.4108 14.5876L11.4112 14.5872C12.0748 14.0248 13.202 14.0556 13.949 14.8205L14.7824 15.674L15.6158 14.8205C16.3618 14.0567 17.4896 14.0256 18.1545 14.5879" fill="#EB0203"></path>
                    </svg>
                    </button>
                    </div>
                    <div class="col-sm-10 col-12">
                    <div class="ct-tile-quantity d-none" data-pid="6896860">
                    <input type="hidden" class="add-to-cart-url" value="https://www.continente.pt/on/demandware.store/Sites-continente-Site/default/Cart-AddProduct">
                    <div class="d-none tile-delete-confirmation-btn" data-pid="6896860" data-delay-time="3000" data-in-cart-msg="no carrinho" data-one-product-added="Adicionado ao carrinho" data-remove-from-cart-msg="Removido do carrinho" data-stay-open="6000.0" data-confirmation-image="{&quot;url&quot;:&quot;https://www.continente.pt/dw/image/v2/BDVS_PRD/on/demandware.static/-/Sites-col-master-catalog/default/dw0feadd40/images/col/689/6896860-hero.jpg?sw=87&amp;sh=80&quot;,&quot;fallbackimage&quot;:{&quot;url&quot;:&quot;https://www.continente.pt/dw/image/v2/BDVS_PRD/on/demandware.static/Sites-continente-Site/-/default/dw7c42b4da/images/noimagelarge_product.png?sw=87&amp;sh=80&quot;,&quot;title&quot;:&quot;Nata UHT Culinária&quot;,&quot;alt&quot;:&quot;Nata UHT Culinária&quot;},&quot;title&quot;:&quot;Nata UHT Culinária&quot;,&quot;alt&quot;:&quot;Nata UHT Culinária&quot;}"></div>
                    <div class="ct-tile-quantity-update quantity-update product-qty-vue" data-remove-action="https://www.continente.pt/on/demandware.store/Sites-continente-Site/default/Cart-RemoveProductLineItem" data-action="https://www.continente.pt/on/demandware.store/Sites-continente-Site/default/Cart-UpdateQuantity" data-dimension-update="https://www.continente.pt/on/demandware.store/Sites-continente-Site/default/Cart-DimensionUpdate" data-pid="6896860" data-uuid="0a2655be63f5db51c85249d91d" data-add-delay="500.0" data-measure-options="{&quot;hasConversionRate&quot;:false,&quot;hasAlternativeSaleUnit&quot;:false,&quot;unitConversionRate&quot;:0,&quot;minOrderQuantity&quot;:1,&quot;stepQuantity&quot;:1,&quot;primaryunit&quot;:&quot;un&quot;,&quot;secondaryunit&quot;:&quot;lt&quot;,&quot;selectedunit&quot;:&quot;primary&quot;,&quot;maxNumberOfUnitsPerSale&quot;:54}" data-price-available="null" :data-has-error="isMaxQtyReached || isMinQtyReached || qtySelectedMoreThanOne">
                    <template v-show="prodUnits">
                    <div class="quantity-input-wrapper has-units">
                    <label class="visually-hidden" :for="'quantity-' + pid + additionalTag">
                    Quantidade no carrinho
                    </label>
                    <input :ref="'quantityInput-' + pid + additionalTag" class="add-to-cart-quantity form-control ct-form-input text-center" inputmode="numeric" :class="{'is-invalid': isInvalid}" :data-pid="pid + additionalTag" :name="'quantity-' + pid + additionalTag" type="text" aria-label="Insira a quantidade" title="" v-model="displayValue" @change="updateQuantity" @focus="updateQtyFormat" @blur="restoreQtyFormat" :disabled="!isPriceAvailable">
                    <span class="quantity-icon quantity-icon--minus">
                    <button class="decrease-quantity-btn" @click="updateQuantity" :disabled="!isPriceAvailable" role="button" aria-label="Reduzir quantidade">
                    <i class="css-math-minus"></i>
                    </button>
                    </span>
                    <span class="quantity-icon quantity-icon--plus">
                    <button class="increase-quantity-btn" @click="updateQuantity" :disabled="isMaxQtyReached || !isPriceAvailable" role="button" aria-label="Aumentar quantidade">
                    <i class="css-math-plus"></i>
                    </button>
                    <span class="quantity-btn-disabled-placeholder"></span>
                    </span>
                    <template v-if="isPDP">
                    <span class="quantity-error ct-span-error text-sm-center product-max-allocation" v-if="isMaxQtyReached">
                    Quantidade máxima atingida
                    </span>
                    <span class="quantity-error ct-span-product text-sm-center product-allocation" v-if="!isMinQtyReached &amp;&amp; !isMaxQtyReached">
                    {{quantitySelected}} no carrinho
                    </span>
                    <span class="quantity-error ct-span-error text-sm-center product-min-allocation" :data-pid="pid" v-if="isMinQtyReached &amp;&amp; !isMaxQtyReached">
                    Quantidade mínima atingida
                    </span>
                    </template>
                    </div>
                    <template v-if="showNotes">
                    <div class="add-note-link-container ">
                    <div class="add-note">
                    <a href="/produto/nata-uht-culinaria-continente-6896860.html?showNote=true" class="ct-add-note-redirect-pdp" aria-label="Adicionar comentário">
                    <span class="svg-wrapper svg-icon-notes" style="width:19px; height:20px">
                    <svg class="svg-inline icon-notes" viewBox="0 0 28 30" xmlns="http://www.w3.org/2000/svg" width="100%" height="100%"><path d="M21.738 0C22.985 0 24 1.04 24 2.319V12.47c0 .469-.37.848-.828.848-.457 0-.827-.38-.827-.848V2.32c0-.343-.273-.622-.607-.622H2.262c-.334 0-.607.279-.607.622V27.68c0 .343.273.622.607.622h7.81c.457 0 .827.38.827.849 0 .468-.37.848-.827.848h-7.81C1.015 30 0 28.96 0 27.681V2.32C0 1.04 1.015 0 2.262 0h19.476zm2.844 16.004l.227.007c.823.053 1.589.39 2.176.964.64.627.993 1.46.993 2.349 0 .888-.353 1.722-.993 2.348l-6.83 6.665c-.11.108-.247.186-.397.226l-5.032 1.363c-.078.021-.16.032-.241.032-.242 0-.478-.097-.647-.266-.23-.231-.314-.566-.218-.874l1.49-4.798c.044-.139.122-.266.227-.369l6.844-6.677c.64-.625 1.493-.97 2.401-.97zm-2.886 3.94l-4.922 4.802-.947 3.048 3.22-.872 4.897-4.78-2.248-2.197zm2.887-2.174c-.425 0-.824.162-1.124.455l-.484.472 2.248 2.197.484-.472c.62-.606.62-1.591 0-2.197l-.117-.104c-.283-.227-.636-.35-1.007-.35zm-10.839.022c.498 0 .904.396.904.883 0 .488-.406.884-.904.884H5.946c-.499 0-.904-.396-.904-.884 0-.487.405-.883.904-.883zm5.042-4.876c.498 0 .904.397.904.884s-.406.884-.904.884H5.946c-.499 0-.904-.397-.904-.884s.405-.884.904-.884zm0-4.875c.498 0 .904.396.904.884 0 .487-.406.883-.904.883H5.946c-.499 0-.904-.396-.904-.883 0-.488.405-.884.904-.884z" fill="#EB0203" fill-rule="evenodd"></path></svg>
                    </span>
                    <div class="available-note d-none"></div>
                    </a>
                    </div>
                    </div>
                    </template>
                    <div class="measurement-unit-section" v-if="isPriceAvailable &amp;&amp; prodUnits ? prodUnits.hasAlternativeUnit : false">
                    <div class="ct-form-radio" @click="setDimension">
                    <input type="radio" title="" class="ct-form-check-input product-measurement-unit" :data-type="prodUnits.selectedUnit == prodUnits.secondaryUnit ? 'primary' : ''" :id="prodUnits.secondaryUnit + '-' + pid + '-measurement-unit-ptile' + additionalTag" :name="'measurement-unit-' + pid + '-ptile' + additionalTag" :value="prodUnits.secondaryUnit" v-model="prodUnits.selectedUnit">
                    <label :class="prodUnits.secondaryUnit + '-label ct-form-check-label mb-0'" :for="prodUnits.secondaryUnit + '-' + pid + '-measurement-unit-ptile' + additionalTag">
                    {{prodUnits.secondaryUnit}}
                    </label>
                    <span class="checkmark"></span>
                    </div>
                    <div class="ct-form-radio" @click="setDimension">
                    <input type="radio" title="" class="ct-form-check-input product-measurement-unit" :data-type="prodUnits.selectedUnit == prodUnits.primaryUnit ? 'primary' : ''" :id="prodUnits.primaryUnit + '-' + pid + '-measurement-unit-ptile' + additionalTag" :name="'measurement-unit-' + pid + '-ptile' + additionalTag" :value="prodUnits.primaryUnit" v-model="prodUnits.selectedUnit">
                    <label :class="prodUnits.primaryUnit + '-label ct-form-check-label mb-0'" :for="prodUnits.primaryUnit + '-' + pid + '-measurement-unit-ptile' + additionalTag">
                    {{prodUnits.primaryUnit}}
                    </label>
                    <span class="checkmark"></span>
                    </div>
                    </div>
                    <template v-if="!isPDP &amp;&amp; isPriceAvailable">
                    <span class="quantity-error ct-span-error product-max-allocation" v-if="isMaxQtyReached">
                    Quantidade máxima atingida
                    </span>
                    <span class="quantity-error ct-span-product product-allocation" v-if="!isMinQtyReached &amp;&amp; !isMaxQtyReached">
                    {{quantitySelected}} no carrinho
                    </span>
                    <span class="quantity-error ct-span-error product-min-allocation" :data-pid="pid" v-if="isMinQtyReached &amp;&amp; !isMaxQtyReached">
                    Quantidade mínima atingida
                    </span>
                    </template>
                    </template>
                    </div>
                    <input class="quantity-value-mask d-none" name="quantity" type="number" min="0" value="">
                    </div>
                    <button type="button" class="add-to-cart button js-add-to-cart js-add-to-cart-tile 6896860 button--primary dynamic-layout-btn" data-toggle="modal" data-target="#chooseBonusProductModal" data-pid="6896860" data-quantity-value="null" aria-label="Carrinho">
                    <span class="d-block d-sm-none">
                    <span class="svg-wrapper svg-icon-cart" style="width:20px; height:20px">
                    <svg class="svg-inline icon-cart" xmlns="http://www.w3.org/2000/svg" viewBox="0 0 500 500" width="100%" height="100%"><path fill="#EB0203" fill-rule="evenodd" d="M 485.67317,94.386311 C 476.37798,83.847129 463.09468,78.03348 448.30404,78.03348 H 90.690813 L 87.079511,51.327997 C 83.185582,22.539551 62.962285,0 41.011841,0 H 14.727836 C 6.563151,0 0,6.5286975 0,14.580758 c 0,8.05206 6.5945535,14.580758 14.727836,14.580758 h 26.284005 c 4.710398,0 14.696435,9.855222 16.894619,26.021523 L 100.01739,368.0631 c 1.88416,13.77244 9.01256,26.70549 20.1605,36.37417 8.25889,7.15046 18.02511,11.9071 28.26237,13.89679 -4.17655,7.58572 -6.53175,16.25957 -6.53175,25.493 0,29.53459 24.27424,53.59751 54.13815,53.59751 29.8325,0 54.13814,-24.03184 54.13814,-53.59751 0,-8.79818 -2.19818,-17.09897 -5.9979,-24.43598 h 77.12488 c -3.79973,7.33701 -5.96652,15.6378 -5.96652,24.43598 0,29.53459 24.27424,53.59751 54.13817,53.59751 29.83249,0 54.13814,-24.03184 54.13814,-53.59751 0,-8.79818 -2.1982,-17.09897 -5.9979,-24.43598 h 38.56243 c 8.13328,0 14.72783,-6.5287 14.72783,-14.61183 0,-8.02098 -6.59455,-14.54967 -14.72783,-14.54967 H 159.24277 c -14.38241,0 -28.13677,-11.90711 -30.02092,-26.02153 l -3.07746,-22.88154 h 290.6314 c 14.03698,0 27.94834,-5.28513 39.06488,-14.95381 11.11652,-9.6376 18.27632,-22.57065 20.16048,-36.37417 l 21.10259,-156.78201 c 1.94694,-14.51858 -2.10398,-28.29103 -11.43057,-38.861299 z M 220.76053,443.82706 c 0,13.49265 -11.08513,24.46709 -24.68247,24.46709 -13.62874,0 -24.71387,-10.97444 -24.71387,-24.46709 0,-13.49262 11.08513,-24.43598 24.71387,-24.43598 13.59734,0 24.68247,10.94336 24.68247,24.43598 z m 173.43675,0 c 0,13.49265 -11.08512,24.46709 -24.68245,24.46709 -13.62876,0 -24.71388,-10.97444 -24.71388,-24.46709 0,-13.49262 11.08512,-24.43598 24.71388,-24.43598 13.59733,0 24.68245,10.94336 24.68245,24.43598 z m 73.7648,-314.46558 -21.13397,156.782 c -1.88416,14.11442 -15.63851,26.05261 -30.02091,26.05261 H 122.25046 L 94.616142,107.19499 H 448.33544 c 6.18632,0 11.61896,2.2695 15.23028,6.37326 3.64269,4.13484 5.21283,9.73086 4.39636,15.79323 z"></path></svg>
                    </span>
                    </span>
                    <span class="add-to-cart--text d-none d-sm-block">Carrinho</span>
                    </button>
                    </div>
                    </div>
                    </div>
                    </div>
                    
                    <div class="col-12 d-sm-none">
                    </div>
                    </div>
                    </div>
                    </div>
                    </div>
                    <div class="col-12 col-sm-3 col-lg-2 productTile" data-idx="29">
                    
                    <script type="text/javascript">//<!--
                    /* <![CDATA[ */
                    (function(){
                    try {
                        if(window.CQuotient) {
                        var cq_params = {};
                        
                        cq_params.cookieId = window.CQuotient.getCQCookieId();
                        cq_params.userId = window.CQuotient.getCQUserId();
                        cq_params.emailId = CQuotient.getCQHashedEmail();
                        cq_params.loginId = CQuotient.getCQHashedLogin();
                        cq_params.accumulate = true;
                        cq_params.products = [{
                            id: '2211038',
                            sku: ''
                        }];
                        cq_params.categoryId = 'laticinios';
                        cq_params.refinements = '[{\"name\":\"priceMin\",\"value\":\"0.01\"},{\"name\":\"priceMax\",\"value\":\"null\"},{\"name\":\"curr\",\"value\":\"EUR\"},{\"name\":\"Category\",\"value\":\"laticinios\"}]';
                        cq_params.personalized = 'false';
                        cq_params.sortingRule = 'FOOD-Laticinios';
                        cq_params.imageUUID = '__UNDEFINED__';
                        cq_params.realm = "BDVS";
                        cq_params.siteId = "continente";
                        cq_params.instanceType = "prd";
                        cq_params.queryLocale = "default";
                        cq_params.locale = window.CQuotient.locale;
                        
                        if(window.CQuotient.sendActivity)
                            window.CQuotient.sendActivity(CQuotient.clientId, 'viewCategory', cq_params);
                        else
                            window.CQuotient.activities.push({
                                activityType: 'viewCategory',
                                parameters: cq_params
                            });
                      }
                    } catch(err) {}
                    })();
                    /* ]]> */
                    // -->
                    </script>
                    <script type="text/javascript">//<!--
                    /* <![CDATA[ (viewCategoryProduct-active_data.js) */
                    (function(){
                    try {
                        if (dw.ac) {
                            var search_params = {};
                            search_params.persd = 'false';
                            search_params.refs = '[{\"name\":\"priceMin\",\"value\":\"0.01\"},{\"name\":\"priceMax\",\"value\":\"null\"},{\"name\":\"curr\",\"value\":\"EUR\"},{\"name\":\"Category\",\"value\":\"laticinios\"}]';
                            search_params.sort = 'FOOD-Laticinios';
                            search_params.imageUUID = '';
                            search_params.searchID = 'ff60679a-0a42-4d90-af85-afdcdfaee427';
                            search_params.locale = 'default';
                            search_params.queryLocale = 'default';
                            search_params.showProducts = 'true';
                            dw.ac.applyContext({category: "laticinios", searchData: search_params});
                            if (typeof dw.ac._scheduleDataSubmission === "function") {
                                dw.ac._scheduleDataSubmission();
                            }
                        }
                    } catch(err) {}
                    })();
                    /* ]]> */
                    // -->
                    </script>
                    <script type="text/javascript">//<!--
                    /* <![CDATA[ (viewProduct-active_data.js) */
                    dw.ac._capture({id: "2211038", type: "searchhit"});
                    /* ]]> */
                    // -->
                    </script>
                    <div class="product" data-pid="2211038">
                    <div class="product-tile pid-2211038 ct-product-tile data-layer-pushed" data-delay-time="3000" data-variants-mapping="[]" data-in-cart-msg="no carrinho" data-one-product-added="Adicionado ao carrinho" data-remove-from-cart-msg="Removido do carrinho" data-stay-open="6000.0" data-product-tile-impression="{&quot;name&quot;:&quot;2211038&quot;,&quot;id&quot;:&quot;2211038&quot;,&quot;price&quot;:0.99,&quot;brand&quot;:&quot;Vigor&quot;,&quot;category&quot;:[{&quot;category_level_1&quot;:&quot;Laticínios e Ovos&quot;},{&quot;category_level_2&quot;:&quot;Leite&quot;},{&quot;category_level_3&quot;:&quot;Leite Meio Gordo&quot;}],&quot;variant&quot;:&quot;&quot;}">
                    <div class="ct-inner-tile-wrap row no-gutters justify-content-center align-content-start">
                    
                    <div class="ct-image-container col-4 col-sm" data-confirmation-image="{&quot;url&quot;:&quot;https://www.continente.pt/dw/image/v2/BDVS_PRD/on/demandware.static/-/Sites-col-master-catalog/default/dw8e9803bc/images/col/221/2211038-frente.jpg?sw=87&amp;sh=80&quot;,&quot;fallbackimage&quot;:{&quot;url&quot;:&quot;https://www.continente.pt/dw/image/v2/BDVS_PRD/on/demandware.static/Sites-continente-Site/-/default/dw7c42b4da/images/noimagelarge_product.png?sw=87&amp;sh=80&quot;,&quot;title&quot;:&quot;Leite Meio Gordo Fresco&quot;,&quot;alt&quot;:&quot;Leite Meio Gordo Fresco&quot;},&quot;title&quot;:&quot;Leite Meio Gordo Fresco&quot;,&quot;alt&quot;:&quot;Leite Meio Gordo Fresco&quot;}">
                    <a href="https://www.continente.pt/produto/leite-meio-gordo-fresco-vigor-2211038.html?cgid=laticinios">
                    <picture class="intrinsic intrinsic--square">
                    <img class="ct-tile-image lazyloaded" loading="lazy" onerror="this.onerror=null;this.src='/on/demandware.static/Sites-continente-Site/-/default/dw7c42b4da/images/noimagelarge_product.png';" data-src="https://www.continente.pt/dw/image/v2/BDVS_PRD/on/demandware.static/-/Sites-col-master-catalog/default/dw8e9803bc/images/col/221/2211038-frente.jpg?sw=280&amp;sh=280" alt="Leite Meio Gordo Fresco" title="Leite Meio Gordo Fresco" src="https://www.continente.pt/dw/image/v2/BDVS_PRD/on/demandware.static/-/Sites-col-master-catalog/default/dw8e9803bc/images/col/221/2211038-frente.jpg?sw=280&amp;sh=280">
                    </picture>
                    </a>
                    <div class=" ct-product-tile-badge ct-product-tile-badge--general">
                    <img class="img-fluid ct-tooltip-trigger lazyloaded" loading="lazy" data-src="https://www.continente.pt/dw/image/v2/BDVS_PRD/on/demandware.static/-/Sites-continente-Library/default/dw62d4c957/images/badges/general/col/madein.png?sw=25&amp;sh=25" alt="Crachá do produto" title="" data-toggle="tooltip" data-placement="right" data-original-title="Produzido em Portugal" src="https://www.continente.pt/dw/image/v2/BDVS_PRD/on/demandware.static/-/Sites-continente-Library/default/dw62d4c957/images/badges/general/col/madein.png?sw=25&amp;sh=25">
                    </div>
                    <div class="color-swatches d-flex" style="margin-left: 5px;">
                    <div class="swatches d-flex">
                    </div>
                    </div>
                     </div>
                    <div class="ct-tile-body col col-sm-auto ">
                    <div class="ct-pdp-details">
                    <div class="ct-pdp-link">
                    <a class="ct-tile--description" href="https://www.continente.pt/produto/leite-meio-gordo-fresco-vigor-2211038.html?cgid=laticinios">Leite Meio Gordo Fresco</a>
                    <div class="ct-tile--favorite-top d-sm-none">
                    <button class="wishlist-toggler guest-mode inactive button button--tertiary" data-pid="2211038" data-add-url="https://www.continente.pt/on/demandware.store/Sites-continente-Site/default/Wishlist-AddProduct?pid=2211038" data-toggle="tooltip" aria-label="Adicionar aos favoritos " data-original-title="Adicionar aos favoritos" data-placement="top">
                    <svg class="active-content" width="100%" height="100%" viewBox="0 0 20 22" fill="none" xmlns="http://www.w3.org/2000/svg">
                    <path fill-rule="evenodd" clip-rule="evenodd" d="M0 1.53052C0 0.685236 0.692171 0 1.54601 0H15.0736C15.9274 0 16.6196 0.685235 16.6196 1.53052V13.4064L15.8127 13.922L14.2658 14.2658L12.7189 13.4064L10.6054 14.3818C10.4994 14.2451 10.3327 14.157 10.1452 14.157H6.76329C6.4431 14.157 6.18354 14.414 6.18354 14.731C6.18354 15.0479 6.4431 15.3049 6.76329 15.3049H10.1452C10.2478 15.3049 10.3441 15.2785 10.4277 15.2322L10.3126 16.8439L13.2345 20.2793H1.54601C0.69217 20.2793 0 19.5941 0 18.7488V1.53052ZM6.18354 5.5483C6.18354 5.23132 6.4431 4.97436 6.76329 4.97436H12.3676C12.6878 4.97436 12.9473 5.23132 12.9473 5.5483C12.9473 5.86528 12.6878 6.12224 12.3676 6.12224H6.76329C6.4431 6.12224 6.18354 5.86528 6.18354 5.5483ZM6.76329 11.0961C6.4431 11.0961 6.18354 11.3531 6.18354 11.6701C6.18354 11.987 6.4431 12.244 6.76329 12.244H12.3676C12.6878 12.244 12.9473 11.987 12.9473 11.6701C12.9473 11.3531 12.6878 11.0961 12.3676 11.0961H6.76329ZM6.18354 8.60985C6.18354 8.29287 6.4431 8.03591 6.76329 8.03591H12.3676C12.6878 8.03591 12.9473 8.29287 12.9473 8.60985C12.9473 8.92684 12.6878 9.1838 12.3676 9.1838H6.76329C6.4431 9.1838 6.18354 8.92684 6.18354 8.60985ZM3.67118 5.5483C3.67118 5.23132 3.93075 4.97436 4.25093 4.97436H4.63743C4.95762 4.97436 5.21719 5.23132 5.21719 5.5483C5.21719 5.86528 4.95762 6.12224 4.63743 6.12224H4.25093C3.93075 6.12224 3.67118 5.86528 3.67118 5.5483ZM4.25093 11.0961C3.93075 11.0961 3.67118 11.3531 3.67118 11.6701C3.67118 11.987 3.93075 12.244 4.25093 12.244H4.63743C4.95762 12.244 5.21719 11.987 5.21719 11.6701C5.21719 11.3531 4.95762 11.0961 4.63743 11.0961H4.25093ZM3.67118 8.60985C3.67118 8.29287 3.93075 8.03591 4.25093 8.03591H4.63743C4.95762 8.03591 5.21719 8.29287 5.21719 8.60985C5.21719 8.92684 4.95762 9.1838 4.63743 9.1838H4.25093C3.93075 9.1838 3.67118 8.92684 3.67118 8.60985ZM4.25093 14.157C3.93075 14.157 3.67118 14.414 3.67118 14.731C3.67118 15.0479 3.93075 15.3049 4.25093 15.3049H4.63743C4.95762 15.3049 5.21719 15.0479 5.21719 14.731C5.21719 14.414 4.95762 14.157 4.63743 14.157H4.25093Z" fill="#EB0203"></path>
                    <path fill-rule="evenodd" clip-rule="evenodd" d="M14.6252 13.6363C13.4918 12.6215 11.7817 12.5264 10.6569 13.4792C9.12421 14.7764 9.34841 16.8912 10.4409 18.0122L14.0159 21.6742C14.2197 21.8832 14.4928 22 14.7822 22C15.0737 22 15.3448 21.8852 15.5486 21.6762L19.1236 18.0142C20.214 16.8933 20.4423 14.7785 18.9075 13.4792C17.7827 12.5283 16.0724 12.6217 14.9391 13.6365C14.8855 13.6845 14.8331 13.7345 14.7822 13.7866C14.7313 13.7345 14.6789 13.6843 14.6252 13.6363ZM18.1546 14.3522C19.0973 15.1508 18.9962 16.4896 18.2891 17.2173C18.2888 17.2175 18.2886 17.2177 18.2884 17.218L14.7832 20.8084L11.2753 17.2151C11.2752 17.215 11.2751 17.2149 11.2749 17.2148C10.5677 16.4887 10.4678 15.1495 11.4104 14.3518L11.4108 14.3514C12.0745 13.7892 13.2018 13.82 13.9488 14.5846L14.7822 15.4378L15.6157 14.5846C16.3617 13.8211 17.4896 13.79 18.1545 14.3521" fill="#EB0203"></path>
                    </svg>
                    <svg class="inactive-content" width="100%" height="100%" viewBox="0 0 20 23" fill="none" xmlns="http://www.w3.org/2000/svg">
                    <path fill-rule="evenodd" clip-rule="evenodd" d="M6.18408 5.77914C6.18408 5.46223 6.44363 5.20532 6.7638 5.20532H12.3678C12.6879 5.20532 12.9475 5.46223 12.9475 5.77914C12.9475 6.09606 12.6879 6.35297 12.3678 6.35297H6.7638C6.44363 6.35297 6.18408 6.09606 6.18408 5.77914Z" fill="#EB0203"></path>
                    <path fill-rule="evenodd" clip-rule="evenodd" d="M6.18408 11.9034C6.18408 11.5865 6.44363 11.3296 6.7638 11.3296H12.3678C12.6879 11.3296 12.9475 11.5865 12.9475 11.9034C12.9475 12.2202 12.6879 12.4771 12.3678 12.4771H6.7638C6.44363 12.4771 6.18408 12.2202 6.18408 11.9034Z" fill="#EB0203"></path>
                    <path fill-rule="evenodd" clip-rule="evenodd" d="M6.18408 8.84116C6.18408 8.52424 6.44363 8.26733 6.7638 8.26733H12.3678C12.6879 8.26733 12.9475 8.52424 12.9475 8.84116C12.9475 9.15807 12.6879 9.41498 12.3678 9.41498H6.7638C6.44363 9.41498 6.18408 9.15807 6.18408 8.84116Z" fill="#EB0203"></path>
                    <path fill-rule="evenodd" clip-rule="evenodd" d="M6.18408 14.9655C6.18408 14.6486 6.44363 14.3917 6.7638 14.3917H10.1455C10.4657 14.3917 10.7252 14.6486 10.7252 14.9655C10.7252 15.2825 10.4657 15.5394 10.1455 15.5394H6.7638C6.44363 15.5394 6.18408 15.2825 6.18408 14.9655Z" fill="#EB0203"></path>
                    <path fill-rule="evenodd" clip-rule="evenodd" d="M3.67139 5.77914C3.67139 5.46223 3.93094 5.20532 4.25111 5.20532H4.63759C4.95776 5.20532 5.21731 5.46223 5.21731 5.77914C5.21731 6.09606 4.95776 6.35297 4.63759 6.35297H4.25111C3.93094 6.35297 3.67139 6.09606 3.67139 5.77914Z" fill="#EB0203"></path>
                    <path fill-rule="evenodd" clip-rule="evenodd" d="M3.67139 11.9034C3.67139 11.5865 3.93094 11.3296 4.25111 11.3296H4.63759C4.95776 11.3296 5.21731 11.5865 5.21731 11.9034C5.21731 12.2202 4.95776 12.4771 4.63759 12.4771H4.25111C3.93094 12.4771 3.67139 12.2202 3.67139 11.9034Z" fill="#EB0203"></path>
                    <path fill-rule="evenodd" clip-rule="evenodd" d="M3.67139 8.84116C3.67139 8.52424 3.93094 8.26733 4.25111 8.26733H4.63759C4.95776 8.26733 5.21731 8.52424 5.21731 8.84116C5.21731 9.15807 4.95776 9.41498 4.63759 9.41498H4.25111C3.93094 9.41498 3.67139 9.15807 3.67139 8.84116Z" fill="#EB0203"></path>
                    <path fill-rule="evenodd" clip-rule="evenodd" d="M3.67139 14.9655C3.67139 14.6486 3.93094 14.3917 4.25111 14.3917H4.63759C4.95776 14.3917 5.21731 14.6486 5.21731 14.9655C5.21731 15.2825 4.95776 15.5394 4.63759 15.5394H4.25111C3.93094 15.5394 3.67139 15.2825 3.67139 14.9655Z" fill="#EB0203"></path>
                    <path fill-rule="evenodd" clip-rule="evenodd" d="M0 1.76033C0 0.914738 0.692131 0.229248 1.54592 0.229248H15.0727C15.9265 0.229248 16.6186 0.914738 16.6186 1.76033V11.2818C16.6186 11.5989 16.3591 11.8559 16.0389 11.8559C15.7187 11.8559 15.4592 11.5989 15.4592 11.2818V1.76033C15.4592 1.54893 15.2862 1.37756 15.0727 1.37756H1.54592C1.33247 1.37756 1.15944 1.54893 1.15944 1.76033V18.985C1.15944 19.1964 1.33247 19.3678 1.54592 19.3678H9.27551C9.59568 19.3678 9.85523 19.6249 9.85523 19.942C9.85523 20.2591 9.59568 20.5161 9.27551 20.5161H1.54592C0.692131 20.5161 0 19.8306 0 18.985V1.76033Z" fill="#EB0203"></path>
                    <path fill-rule="evenodd" clip-rule="evenodd" d="M14.6254 13.8718C13.4921 12.8567 11.7821 12.7615 10.6574 13.7147C9.12472 15.0124 9.34891 17.128 10.4413 18.2493L14.0161 21.9126C14.2199 22.1217 14.493 22.2386 14.7824 22.2386C15.0739 22.2386 15.3449 22.1238 15.5487 21.9147L19.1235 18.2514C20.2139 17.13 20.4422 15.0144 18.9075 13.7147C17.7827 12.7634 16.0726 12.8569 14.9392 13.872C14.8856 13.92 14.8333 13.9701 14.7824 14.0222C14.7314 13.97 14.6791 13.9199 14.6254 13.8718ZM18.1546 14.588C19.0972 15.3869 18.9961 16.7262 18.2891 17.4541C18.2888 17.4543 18.2886 17.4546 18.2884 17.4548L14.7834 21.0466L11.2757 17.452C11.2756 17.4519 11.2755 17.4517 11.2753 17.4516C10.5681 16.7252 10.4682 15.3856 11.4108 14.5876L11.4112 14.5872C12.0748 14.0248 13.202 14.0556 13.949 14.8205L14.7824 15.674L15.6158 14.8205C16.3618 14.0567 17.4896 14.0256 18.1545 14.5879" fill="#EB0203"></path>
                    </svg>
                    </button>
                    </div>
                    </div>
                    <p class="ct-tile--brand">Vigor</p>
                    <p class="ct-tile--quantity">emb. 1 lt</p>
                    </div>
                    <div class="ct-tile-bottom row no-gutters justify-content-between">
                    <div class="ct-price-wrap col-8 col-sm-12">
                    <div class="price js-product-price">
                    <div class="prices-wrapper">
                    <span class="sales ct-tile--price-primary ">
                    <span class="value" content="0.99">
                    <span class="ct-price-formatted">
                    €0,99
                    </span>
                    <span class="ct-m-unit">
                    /un
                    </span>
                    </span>
                    </span>
                    </div>
                    <div class="ct-tile--price-secondary">
                    <span class="ct-price-value">
                    €0,99
                    </span>
                    <span class="ct-m-unit">
                    /lt
                    </span>
                    </div>
                    </div>
                    </div>
                    <div class="ct-tile-buy-section d-flex justify-content-center no-gutters col-auto col-sm-12">
                    <div class="col-2 d-sm-flex d-none">
                    <button class="wishlist-toggler guest-mode inactive button button--tertiary" data-pid="2211038" data-add-url="https://www.continente.pt/on/demandware.store/Sites-continente-Site/default/Wishlist-AddProduct?pid=2211038" data-toggle="tooltip" aria-label="Adicionar aos favoritos " data-original-title="Adicionar aos favoritos" data-placement="top">
                    <svg class="active-content" width="100%" height="100%" viewBox="0 0 20 22" fill="none" xmlns="http://www.w3.org/2000/svg">
                    <path fill-rule="evenodd" clip-rule="evenodd" d="M0 1.53052C0 0.685236 0.692171 0 1.54601 0H15.0736C15.9274 0 16.6196 0.685235 16.6196 1.53052V13.4064L15.8127 13.922L14.2658 14.2658L12.7189 13.4064L10.6054 14.3818C10.4994 14.2451 10.3327 14.157 10.1452 14.157H6.76329C6.4431 14.157 6.18354 14.414 6.18354 14.731C6.18354 15.0479 6.4431 15.3049 6.76329 15.3049H10.1452C10.2478 15.3049 10.3441 15.2785 10.4277 15.2322L10.3126 16.8439L13.2345 20.2793H1.54601C0.69217 20.2793 0 19.5941 0 18.7488V1.53052ZM6.18354 5.5483C6.18354 5.23132 6.4431 4.97436 6.76329 4.97436H12.3676C12.6878 4.97436 12.9473 5.23132 12.9473 5.5483C12.9473 5.86528 12.6878 6.12224 12.3676 6.12224H6.76329C6.4431 6.12224 6.18354 5.86528 6.18354 5.5483ZM6.76329 11.0961C6.4431 11.0961 6.18354 11.3531 6.18354 11.6701C6.18354 11.987 6.4431 12.244 6.76329 12.244H12.3676C12.6878 12.244 12.9473 11.987 12.9473 11.6701C12.9473 11.3531 12.6878 11.0961 12.3676 11.0961H6.76329ZM6.18354 8.60985C6.18354 8.29287 6.4431 8.03591 6.76329 8.03591H12.3676C12.6878 8.03591 12.9473 8.29287 12.9473 8.60985C12.9473 8.92684 12.6878 9.1838 12.3676 9.1838H6.76329C6.4431 9.1838 6.18354 8.92684 6.18354 8.60985ZM3.67118 5.5483C3.67118 5.23132 3.93075 4.97436 4.25093 4.97436H4.63743C4.95762 4.97436 5.21719 5.23132 5.21719 5.5483C5.21719 5.86528 4.95762 6.12224 4.63743 6.12224H4.25093C3.93075 6.12224 3.67118 5.86528 3.67118 5.5483ZM4.25093 11.0961C3.93075 11.0961 3.67118 11.3531 3.67118 11.6701C3.67118 11.987 3.93075 12.244 4.25093 12.244H4.63743C4.95762 12.244 5.21719 11.987 5.21719 11.6701C5.21719 11.3531 4.95762 11.0961 4.63743 11.0961H4.25093ZM3.67118 8.60985C3.67118 8.29287 3.93075 8.03591 4.25093 8.03591H4.63743C4.95762 8.03591 5.21719 8.29287 5.21719 8.60985C5.21719 8.92684 4.95762 9.1838 4.63743 9.1838H4.25093C3.93075 9.1838 3.67118 8.92684 3.67118 8.60985ZM4.25093 14.157C3.93075 14.157 3.67118 14.414 3.67118 14.731C3.67118 15.0479 3.93075 15.3049 4.25093 15.3049H4.63743C4.95762 15.3049 5.21719 15.0479 5.21719 14.731C5.21719 14.414 4.95762 14.157 4.63743 14.157H4.25093Z" fill="#EB0203"></path>
                    <path fill-rule="evenodd" clip-rule="evenodd" d="M14.6252 13.6363C13.4918 12.6215 11.7817 12.5264 10.6569 13.4792C9.12421 14.7764 9.34841 16.8912 10.4409 18.0122L14.0159 21.6742C14.2197 21.8832 14.4928 22 14.7822 22C15.0737 22 15.3448 21.8852 15.5486 21.6762L19.1236 18.0142C20.214 16.8933 20.4423 14.7785 18.9075 13.4792C17.7827 12.5283 16.0724 12.6217 14.9391 13.6365C14.8855 13.6845 14.8331 13.7345 14.7822 13.7866C14.7313 13.7345 14.6789 13.6843 14.6252 13.6363ZM18.1546 14.3522C19.0973 15.1508 18.9962 16.4896 18.2891 17.2173C18.2888 17.2175 18.2886 17.2177 18.2884 17.218L14.7832 20.8084L11.2753 17.2151C11.2752 17.215 11.2751 17.2149 11.2749 17.2148C10.5677 16.4887 10.4678 15.1495 11.4104 14.3518L11.4108 14.3514C12.0745 13.7892 13.2018 13.82 13.9488 14.5846L14.7822 15.4378L15.6157 14.5846C16.3617 13.8211 17.4896 13.79 18.1545 14.3521" fill="#EB0203"></path>
                    </svg>
                    <svg class="inactive-content" width="100%" height="100%" viewBox="0 0 20 23" fill="none" xmlns="http://www.w3.org/2000/svg">
                    <path fill-rule="evenodd" clip-rule="evenodd" d="M6.18408 5.77914C6.18408 5.46223 6.44363 5.20532 6.7638 5.20532H12.3678C12.6879 5.20532 12.9475 5.46223 12.9475 5.77914C12.9475 6.09606 12.6879 6.35297 12.3678 6.35297H6.7638C6.44363 6.35297 6.18408 6.09606 6.18408 5.77914Z" fill="#EB0203"></path>
                    <path fill-rule="evenodd" clip-rule="evenodd" d="M6.18408 11.9034C6.18408 11.5865 6.44363 11.3296 6.7638 11.3296H12.3678C12.6879 11.3296 12.9475 11.5865 12.9475 11.9034C12.9475 12.2202 12.6879 12.4771 12.3678 12.4771H6.7638C6.44363 12.4771 6.18408 12.2202 6.18408 11.9034Z" fill="#EB0203"></path>
                    <path fill-rule="evenodd" clip-rule="evenodd" d="M6.18408 8.84116C6.18408 8.52424 6.44363 8.26733 6.7638 8.26733H12.3678C12.6879 8.26733 12.9475 8.52424 12.9475 8.84116C12.9475 9.15807 12.6879 9.41498 12.3678 9.41498H6.7638C6.44363 9.41498 6.18408 9.15807 6.18408 8.84116Z" fill="#EB0203"></path>
                    <path fill-rule="evenodd" clip-rule="evenodd" d="M6.18408 14.9655C6.18408 14.6486 6.44363 14.3917 6.7638 14.3917H10.1455C10.4657 14.3917 10.7252 14.6486 10.7252 14.9655C10.7252 15.2825 10.4657 15.5394 10.1455 15.5394H6.7638C6.44363 15.5394 6.18408 15.2825 6.18408 14.9655Z" fill="#EB0203"></path>
                    <path fill-rule="evenodd" clip-rule="evenodd" d="M3.67139 5.77914C3.67139 5.46223 3.93094 5.20532 4.25111 5.20532H4.63759C4.95776 5.20532 5.21731 5.46223 5.21731 5.77914C5.21731 6.09606 4.95776 6.35297 4.63759 6.35297H4.25111C3.93094 6.35297 3.67139 6.09606 3.67139 5.77914Z" fill="#EB0203"></path>
                    <path fill-rule="evenodd" clip-rule="evenodd" d="M3.67139 11.9034C3.67139 11.5865 3.93094 11.3296 4.25111 11.3296H4.63759C4.95776 11.3296 5.21731 11.5865 5.21731 11.9034C5.21731 12.2202 4.95776 12.4771 4.63759 12.4771H4.25111C3.93094 12.4771 3.67139 12.2202 3.67139 11.9034Z" fill="#EB0203"></path>
                    <path fill-rule="evenodd" clip-rule="evenodd" d="M3.67139 8.84116C3.67139 8.52424 3.93094 8.26733 4.25111 8.26733H4.63759C4.95776 8.26733 5.21731 8.52424 5.21731 8.84116C5.21731 9.15807 4.95776 9.41498 4.63759 9.41498H4.25111C3.93094 9.41498 3.67139 9.15807 3.67139 8.84116Z" fill="#EB0203"></path>
                    <path fill-rule="evenodd" clip-rule="evenodd" d="M3.67139 14.9655C3.67139 14.6486 3.93094 14.3917 4.25111 14.3917H4.63759C4.95776 14.3917 5.21731 14.6486 5.21731 14.9655C5.21731 15.2825 4.95776 15.5394 4.63759 15.5394H4.25111C3.93094 15.5394 3.67139 15.2825 3.67139 14.9655Z" fill="#EB0203"></path>
                    <path fill-rule="evenodd" clip-rule="evenodd" d="M0 1.76033C0 0.914738 0.692131 0.229248 1.54592 0.229248H15.0727C15.9265 0.229248 16.6186 0.914738 16.6186 1.76033V11.2818C16.6186 11.5989 16.3591 11.8559 16.0389 11.8559C15.7187 11.8559 15.4592 11.5989 15.4592 11.2818V1.76033C15.4592 1.54893 15.2862 1.37756 15.0727 1.37756H1.54592C1.33247 1.37756 1.15944 1.54893 1.15944 1.76033V18.985C1.15944 19.1964 1.33247 19.3678 1.54592 19.3678H9.27551C9.59568 19.3678 9.85523 19.6249 9.85523 19.942C9.85523 20.2591 9.59568 20.5161 9.27551 20.5161H1.54592C0.692131 20.5161 0 19.8306 0 18.985V1.76033Z" fill="#EB0203"></path>
                    <path fill-rule="evenodd" clip-rule="evenodd" d="M14.6254 13.8718C13.4921 12.8567 11.7821 12.7615 10.6574 13.7147C9.12472 15.0124 9.34891 17.128 10.4413 18.2493L14.0161 21.9126C14.2199 22.1217 14.493 22.2386 14.7824 22.2386C15.0739 22.2386 15.3449 22.1238 15.5487 21.9147L19.1235 18.2514C20.2139 17.13 20.4422 15.0144 18.9075 13.7147C17.7827 12.7634 16.0726 12.8569 14.9392 13.872C14.8856 13.92 14.8333 13.9701 14.7824 14.0222C14.7314 13.97 14.6791 13.9199 14.6254 13.8718ZM18.1546 14.588C19.0972 15.3869 18.9961 16.7262 18.2891 17.4541C18.2888 17.4543 18.2886 17.4546 18.2884 17.4548L14.7834 21.0466L11.2757 17.452C11.2756 17.4519 11.2755 17.4517 11.2753 17.4516C10.5681 16.7252 10.4682 15.3856 11.4108 14.5876L11.4112 14.5872C12.0748 14.0248 13.202 14.0556 13.949 14.8205L14.7824 15.674L15.6158 14.8205C16.3618 14.0567 17.4896 14.0256 18.1545 14.5879" fill="#EB0203"></path>
                    </svg>
                    </button>
                    </div>
                    <div class="col-sm-10 col-12">
                    <div class="ct-tile-quantity d-none" data-pid="2211038">
                    <input type="hidden" class="add-to-cart-url" value="https://www.continente.pt/on/demandware.store/Sites-continente-Site/default/Cart-AddProduct">
                    <div class="d-none tile-delete-confirmation-btn" data-pid="2211038" data-delay-time="3000" data-in-cart-msg="no carrinho" data-one-product-added="Adicionado ao carrinho" data-remove-from-cart-msg="Removido do carrinho" data-stay-open="6000.0" data-confirmation-image="{&quot;url&quot;:&quot;https://www.continente.pt/dw/image/v2/BDVS_PRD/on/demandware.static/-/Sites-col-master-catalog/default/dw8e9803bc/images/col/221/2211038-frente.jpg?sw=87&amp;sh=80&quot;,&quot;fallbackimage&quot;:{&quot;url&quot;:&quot;https://www.continente.pt/dw/image/v2/BDVS_PRD/on/demandware.static/Sites-continente-Site/-/default/dw7c42b4da/images/noimagelarge_product.png?sw=87&amp;sh=80&quot;,&quot;title&quot;:&quot;Leite Meio Gordo Fresco&quot;,&quot;alt&quot;:&quot;Leite Meio Gordo Fresco&quot;},&quot;title&quot;:&quot;Leite Meio Gordo Fresco&quot;,&quot;alt&quot;:&quot;Leite Meio Gordo Fresco&quot;}"></div>
                    <div class="ct-tile-quantity-update quantity-update product-qty-vue" data-remove-action="https://www.continente.pt/on/demandware.store/Sites-continente-Site/default/Cart-RemoveProductLineItem" data-action="https://www.continente.pt/on/demandware.store/Sites-continente-Site/default/Cart-UpdateQuantity" data-dimension-update="https://www.continente.pt/on/demandware.store/Sites-continente-Site/default/Cart-DimensionUpdate" data-pid="2211038" data-uuid="fcb83151f18c9a6ed09fbafd0a" data-add-delay="500.0" data-measure-options="{&quot;hasConversionRate&quot;:false,&quot;hasAlternativeSaleUnit&quot;:false,&quot;unitConversionRate&quot;:0,&quot;minOrderQuantity&quot;:1,&quot;stepQuantity&quot;:1,&quot;primaryunit&quot;:&quot;un&quot;,&quot;secondaryunit&quot;:&quot;lt&quot;,&quot;selectedunit&quot;:&quot;primary&quot;,&quot;maxNumberOfUnitsPerSale&quot;:54}" data-price-available="null" :data-has-error="isMaxQtyReached || isMinQtyReached || qtySelectedMoreThanOne">
                    <template v-show="prodUnits">
                    <div class="quantity-input-wrapper has-units">
                    <label class="visually-hidden" :for="'quantity-' + pid + additionalTag">
                    Quantidade no carrinho
                    </label>
                    <input :ref="'quantityInput-' + pid + additionalTag" class="add-to-cart-quantity form-control ct-form-input text-center" inputmode="numeric" :class="{'is-invalid': isInvalid}" :data-pid="pid + additionalTag" :name="'quantity-' + pid + additionalTag" type="text" aria-label="Insira a quantidade" title="" v-model="displayValue" @change="updateQuantity" @focus="updateQtyFormat" @blur="restoreQtyFormat" :disabled="!isPriceAvailable">
                    <span class="quantity-icon quantity-icon--minus">
                    <button class="decrease-quantity-btn" @click="updateQuantity" :disabled="!isPriceAvailable" role="button" aria-label="Reduzir quantidade">
                    <i class="css-math-minus"></i>
                    </button>
                    </span>
                    <span class="quantity-icon quantity-icon--plus">
                    <button class="increase-quantity-btn" @click="updateQuantity" :disabled="isMaxQtyReached || !isPriceAvailable" role="button" aria-label="Aumentar quantidade">
                    <i class="css-math-plus"></i>
                    </button>
                    <span class="quantity-btn-disabled-placeholder"></span>
                    </span>
                    <template v-if="isPDP">
                    <span class="quantity-error ct-span-error text-sm-center product-max-allocation" v-if="isMaxQtyReached">
                    Quantidade máxima atingida
                    </span>
                    <span class="quantity-error ct-span-product text-sm-center product-allocation" v-if="!isMinQtyReached &amp;&amp; !isMaxQtyReached">
                    {{quantitySelected}} no carrinho
                    </span>
                    <span class="quantity-error ct-span-error text-sm-center product-min-allocation" :data-pid="pid" v-if="isMinQtyReached &amp;&amp; !isMaxQtyReached">
                    Quantidade mínima atingida
                    </span>
                    </template>
                    </div>
                    <template v-if="showNotes">
                    <div class="add-note-link-container ">
                    <div class="add-note">
                    <a href="/produto/leite-meio-gordo-fresco-vigor-2211038.html?showNote=true" class="ct-add-note-redirect-pdp" aria-label="Adicionar comentário">
                    <span class="svg-wrapper svg-icon-notes" style="width:19px; height:20px">
                    <svg class="svg-inline icon-notes" viewBox="0 0 28 30" xmlns="http://www.w3.org/2000/svg" width="100%" height="100%"><path d="M21.738 0C22.985 0 24 1.04 24 2.319V12.47c0 .469-.37.848-.828.848-.457 0-.827-.38-.827-.848V2.32c0-.343-.273-.622-.607-.622H2.262c-.334 0-.607.279-.607.622V27.68c0 .343.273.622.607.622h7.81c.457 0 .827.38.827.849 0 .468-.37.848-.827.848h-7.81C1.015 30 0 28.96 0 27.681V2.32C0 1.04 1.015 0 2.262 0h19.476zm2.844 16.004l.227.007c.823.053 1.589.39 2.176.964.64.627.993 1.46.993 2.349 0 .888-.353 1.722-.993 2.348l-6.83 6.665c-.11.108-.247.186-.397.226l-5.032 1.363c-.078.021-.16.032-.241.032-.242 0-.478-.097-.647-.266-.23-.231-.314-.566-.218-.874l1.49-4.798c.044-.139.122-.266.227-.369l6.844-6.677c.64-.625 1.493-.97 2.401-.97zm-2.886 3.94l-4.922 4.802-.947 3.048 3.22-.872 4.897-4.78-2.248-2.197zm2.887-2.174c-.425 0-.824.162-1.124.455l-.484.472 2.248 2.197.484-.472c.62-.606.62-1.591 0-2.197l-.117-.104c-.283-.227-.636-.35-1.007-.35zm-10.839.022c.498 0 .904.396.904.883 0 .488-.406.884-.904.884H5.946c-.499 0-.904-.396-.904-.884 0-.487.405-.883.904-.883zm5.042-4.876c.498 0 .904.397.904.884s-.406.884-.904.884H5.946c-.499 0-.904-.397-.904-.884s.405-.884.904-.884zm0-4.875c.498 0 .904.396.904.884 0 .487-.406.883-.904.883H5.946c-.499 0-.904-.396-.904-.883 0-.488.405-.884.904-.884z" fill="#EB0203" fill-rule="evenodd"></path></svg>
                    </span>
                    <div class="available-note d-none"></div>
                    </a>
                    </div>
                    </div>
                    </template>
                    <div class="measurement-unit-section" v-if="isPriceAvailable &amp;&amp; prodUnits ? prodUnits.hasAlternativeUnit : false">
                    <div class="ct-form-radio" @click="setDimension">
                    <input type="radio" title="" class="ct-form-check-input product-measurement-unit" :data-type="prodUnits.selectedUnit == prodUnits.secondaryUnit ? 'primary' : ''" :id="prodUnits.secondaryUnit + '-' + pid + '-measurement-unit-ptile' + additionalTag" :name="'measurement-unit-' + pid + '-ptile' + additionalTag" :value="prodUnits.secondaryUnit" v-model="prodUnits.selectedUnit">
                     <label :class="prodUnits.secondaryUnit + '-label ct-form-check-label mb-0'" :for="prodUnits.secondaryUnit + '-' + pid + '-measurement-unit-ptile' + additionalTag">
                    {{prodUnits.secondaryUnit}}
                    </label>
                    <span class="checkmark"></span>
                    </div>
                    <div class="ct-form-radio" @click="setDimension">
                    <input type="radio" title="" class="ct-form-check-input product-measurement-unit" :data-type="prodUnits.selectedUnit == prodUnits.primaryUnit ? 'primary' : ''" :id="prodUnits.primaryUnit + '-' + pid + '-measurement-unit-ptile' + additionalTag" :name="'measurement-unit-' + pid + '-ptile' + additionalTag" :value="prodUnits.primaryUnit" v-model="prodUnits.selectedUnit">
                    <label :class="prodUnits.primaryUnit + '-label ct-form-check-label mb-0'" :for="prodUnits.primaryUnit + '-' + pid + '-measurement-unit-ptile' + additionalTag">
                    {{prodUnits.primaryUnit}}
                    </label>
                    <span class="checkmark"></span>
                    </div>
                    </div>
                    <template v-if="!isPDP &amp;&amp; isPriceAvailable">
                    <span class="quantity-error ct-span-error product-max-allocation" v-if="isMaxQtyReached">
                    Quantidade máxima atingida
                    </span>
                    <span class="quantity-error ct-span-product product-allocation" v-if="!isMinQtyReached &amp;&amp; !isMaxQtyReached">
                    {{quantitySelected}} no carrinho
                    </span>
                    <span class="quantity-error ct-span-error product-min-allocation" :data-pid="pid" v-if="isMinQtyReached &amp;&amp; !isMaxQtyReached">
                    Quantidade mínima atingida
                    </span>
                    </template>
                    </template>
                    </div>
                    <input class="quantity-value-mask d-none" name="quantity" type="number" min="0" value="">
                    </div>
                    <button type="button" class="add-to-cart button js-add-to-cart js-add-to-cart-tile 2211038 button--primary dynamic-layout-btn" data-toggle="modal" data-target="#chooseBonusProductModal" data-pid="2211038" data-quantity-value="null" aria-label="Carrinho">
                    <span class="d-block d-sm-none">
                    <span class="svg-wrapper svg-icon-cart" style="width:20px; height:20px">
                    <svg class="svg-inline icon-cart" xmlns="http://www.w3.org/2000/svg" viewBox="0 0 500 500" width="100%" height="100%"><path fill="#EB0203" fill-rule="evenodd" d="M 485.67317,94.386311 C 476.37798,83.847129 463.09468,78.03348 448.30404,78.03348 H 90.690813 L 87.079511,51.327997 C 83.185582,22.539551 62.962285,0 41.011841,0 H 14.727836 C 6.563151,0 0,6.5286975 0,14.580758 c 0,8.05206 6.5945535,14.580758 14.727836,14.580758 h 26.284005 c 4.710398,0 14.696435,9.855222 16.894619,26.021523 L 100.01739,368.0631 c 1.88416,13.77244 9.01256,26.70549 20.1605,36.37417 8.25889,7.15046 18.02511,11.9071 28.26237,13.89679 -4.17655,7.58572 -6.53175,16.25957 -6.53175,25.493 0,29.53459 24.27424,53.59751 54.13815,53.59751 29.8325,0 54.13814,-24.03184 54.13814,-53.59751 0,-8.79818 -2.19818,-17.09897 -5.9979,-24.43598 h 77.12488 c -3.79973,7.33701 -5.96652,15.6378 -5.96652,24.43598 0,29.53459 24.27424,53.59751 54.13817,53.59751 29.83249,0 54.13814,-24.03184 54.13814,-53.59751 0,-8.79818 -2.1982,-17.09897 -5.9979,-24.43598 h 38.56243 c 8.13328,0 14.72783,-6.5287 14.72783,-14.61183 0,-8.02098 -6.59455,-14.54967 -14.72783,-14.54967 H 159.24277 c -14.38241,0 -28.13677,-11.90711 -30.02092,-26.02153 l -3.07746,-22.88154 h 290.6314 c 14.03698,0 27.94834,-5.28513 39.06488,-14.95381 11.11652,-9.6376 18.27632,-22.57065 20.16048,-36.37417 l 21.10259,-156.78201 c 1.94694,-14.51858 -2.10398,-28.29103 -11.43057,-38.861299 z M 220.76053,443.82706 c 0,13.49265 -11.08513,24.46709 -24.68247,24.46709 -13.62874,0 -24.71387,-10.97444 -24.71387,-24.46709 0,-13.49262 11.08513,-24.43598 24.71387,-24.43598 13.59734,0 24.68247,10.94336 24.68247,24.43598 z m 173.43675,0 c 0,13.49265 -11.08512,24.46709 -24.68245,24.46709 -13.62876,0 -24.71388,-10.97444 -24.71388,-24.46709 0,-13.49262 11.08512,-24.43598 24.71388,-24.43598 13.59733,0 24.68245,10.94336 24.68245,24.43598 z m 73.7648,-314.46558 -21.13397,156.782 c -1.88416,14.11442 -15.63851,26.05261 -30.02091,26.05261 H 122.25046 L 94.616142,107.19499 H 448.33544 c 6.18632,0 11.61896,2.2695 15.23028,6.37326 3.64269,4.13484 5.21283,9.73086 4.39636,15.79323 z"></path></svg>
                    </span>
                    </span>
                    <span class="add-to-cart--text d-none d-sm-block">Carrinho</span>
                    </button>
                    </div>
                    </div>
                    </div>
                    </div>
                    
                    <div class="col-12 d-sm-none">
                    </div>
                    </div>
                    </div>
                    </div>
                    </div>
                    <div class="col-12 col-sm-3 col-lg-2 productTile" data-idx="30">
                    
                    <script type="text/javascript">//<!--
                    /* <![CDATA[ */
                    (function(){
                    try {
                        if(window.CQuotient) {
                        var cq_params = {};
                        
                        cq_params.cookieId = window.CQuotient.getCQCookieId();
                        cq_params.userId = window.CQuotient.getCQUserId();
                        cq_params.emailId = CQuotient.getCQHashedEmail();
                        cq_params.loginId = CQuotient.getCQHashedLogin();
                        cq_params.accumulate = true;
                        cq_params.products = [{
                            id: '4749262',
                            sku: ''
                        }];
                        cq_params.categoryId = 'laticinios';
                        cq_params.refinements = '[{\"name\":\"priceMin\",\"value\":\"0.01\"},{\"name\":\"priceMax\",\"value\":\"null\"},{\"name\":\"curr\",\"value\":\"EUR\"},{\"name\":\"Category\",\"value\":\"laticinios\"}]';
                        cq_params.personalized = 'false';
                        cq_params.sortingRule = 'FOOD-Laticinios';
                        cq_params.imageUUID = '__UNDEFINED__';
                        cq_params.realm = "BDVS";
                        cq_params.siteId = "continente";
                        cq_params.instanceType = "prd";
                        cq_params.queryLocale = "default";
                        cq_params.locale = window.CQuotient.locale;
                        
                        if(window.CQuotient.sendActivity)
                            window.CQuotient.sendActivity(CQuotient.clientId, 'viewCategory', cq_params);
                        else
                            window.CQuotient.activities.push({
                                activityType: 'viewCategory',
                                parameters: cq_params
                            });
                      }
                    } catch(err) {}
                    })();
                    /* ]]> */
                    // -->
                    </script>
                    <script type="text/javascript">//<!--
                    /* <![CDATA[ (viewCategoryProduct-active_data.js) */
                    (function(){
                    try {
                        if (dw.ac) {
                            var search_params = {};
                            search_params.persd = 'false';
                            search_params.refs = '[{\"name\":\"priceMin\",\"value\":\"0.01\"},{\"name\":\"priceMax\",\"value\":\"null\"},{\"name\":\"curr\",\"value\":\"EUR\"},{\"name\":\"Category\",\"value\":\"laticinios\"}]';
                            search_params.sort = 'FOOD-Laticinios';
                            search_params.imageUUID = '';
                            search_params.searchID = 'ff60679a-0a42-4d90-af85-afdcdfaee427';
                            search_params.locale = 'default';
                            search_params.queryLocale = 'default';
                            search_params.showProducts = 'true';
                            dw.ac.applyContext({category: "laticinios", searchData: search_params});
                            if (typeof dw.ac._scheduleDataSubmission === "function") {
                                dw.ac._scheduleDataSubmission();
                            }
                        }
                    } catch(err) {}
                    })();
                    /* ]]> */
                    // -->
                    </script>
                    <script type="text/javascript">//<!--
                    /* <![CDATA[ (viewProduct-active_data.js) */
                    dw.ac._capture({id: "4749262", type: "searchhit"});
                    /* ]]> */
                    // -->
                    </script>
                    <div class="product" data-pid="4749262">
                    <div class="product-tile pid-4749262 ct-product-tile data-layer-pushed" data-delay-time="3000" data-variants-mapping="[]" data-in-cart-msg="no carrinho" data-one-product-added="Adicionado ao carrinho" data-remove-from-cart-msg="Removido do carrinho" data-stay-open="6000.0" data-product-tile-impression="{&quot;name&quot;:&quot;4749262&quot;,&quot;id&quot;:&quot;4749262&quot;,&quot;price&quot;:1.69,&quot;brand&quot;:&quot;Mimosa&quot;,&quot;category&quot;:[{&quot;category_level_1&quot;:&quot;Laticínios e Ovos&quot;},{&quot;category_level_2&quot;:&quot;Leite&quot;},{&quot;category_level_3&quot;:&quot;Leite Achocolatado e Aromatizado&quot;}],&quot;variant&quot;:&quot;&quot;}">
                    <div class="ct-inner-tile-wrap row no-gutters justify-content-center align-content-start">
                    
                    <div class="ct-image-container col-4 col-sm" data-confirmation-image="{&quot;url&quot;:&quot;https://www.continente.pt/dw/image/v2/BDVS_PRD/on/demandware.static/-/Sites-col-master-catalog/default/dw9cd1c5d9/images/col/474/4749262-frente.jpg?sw=87&amp;sh=80&quot;,&quot;fallbackimage&quot;:{&quot;url&quot;:&quot;https://www.continente.pt/dw/image/v2/BDVS_PRD/on/demandware.static/Sites-continente-Site/-/default/dw7c42b4da/images/noimagelarge_product.png?sw=87&amp;sh=80&quot;,&quot;title&quot;:&quot;Leite Achocolatado&quot;,&quot;alt&quot;:&quot;Leite Achocolatado&quot;},&quot;title&quot;:&quot;Leite Achocolatado&quot;,&quot;alt&quot;:&quot;Leite Achocolatado&quot;}">
                    <a href="https://www.continente.pt/produto/leite-achocolatado-mimosa-4749262.html?cgid=laticinios">
                    <picture class="intrinsic intrinsic--square">
                    <img class="ct-tile-image lazyloaded" loading="lazy" onerror="this.onerror=null;this.src='/on/demandware.static/Sites-continente-Site/-/default/dw7c42b4da/images/noimagelarge_product.png';" data-src="https://www.continente.pt/dw/image/v2/BDVS_PRD/on/demandware.static/-/Sites-col-master-catalog/default/dw9cd1c5d9/images/col/474/4749262-frente.jpg?sw=280&amp;sh=280" alt="Leite Achocolatado" title="Leite Achocolatado" src="https://www.continente.pt/dw/image/v2/BDVS_PRD/on/demandware.static/-/Sites-col-master-catalog/default/dw9cd1c5d9/images/col/474/4749262-frente.jpg?sw=280&amp;sh=280">
                    </picture>
                    </a>
                    <div class=" ct-product-tile-badge ct-product-tile-badge--general">
                    <img class="img-fluid ct-tooltip-trigger lazyloaded" loading="lazy" data-src="https://www.continente.pt/dw/image/v2/BDVS_PRD/on/demandware.static/-/Sites-continente-Library/default/dw62d4c957/images/badges/general/col/madein.png?sw=25&amp;sh=25" alt="Crachá do produto" title="" data-toggle="tooltip" data-placement="right" data-original-title="Produzido em Portugal" src="https://www.continente.pt/dw/image/v2/BDVS_PRD/on/demandware.static/-/Sites-continente-Library/default/dw62d4c957/images/badges/general/col/madein.png?sw=25&amp;sh=25">
                    </div>
                    <div class="color-swatches d-flex" style="margin-left: 5px;">
                    <div class="swatches d-flex">
                    </div>
                    </div>
                    </div>
                    <div class="ct-tile-body col col-sm-auto ">
                    <div class="ct-pdp-details">
                    <div class="ct-pdp-link">
                    <a class="ct-tile--description" href="https://www.continente.pt/produto/leite-achocolatado-mimosa-4749262.html?cgid=laticinios">Leite Achocolatado</a>
                    <div class="ct-tile--favorite-top d-sm-none">
                    <button class="wishlist-toggler guest-mode inactive button button--tertiary" data-pid="4749262" data-add-url="https://www.continente.pt/on/demandware.store/Sites-continente-Site/default/Wishlist-AddProduct?pid=4749262" data-toggle="tooltip" aria-label="Adicionar aos favoritos " data-original-title="Adicionar aos favoritos" data-placement="top">
                    <svg class="active-content" width="100%" height="100%" viewBox="0 0 20 22" fill="none" xmlns="http://www.w3.org/2000/svg">
                    <path fill-rule="evenodd" clip-rule="evenodd" d="M0 1.53052C0 0.685236 0.692171 0 1.54601 0H15.0736C15.9274 0 16.6196 0.685235 16.6196 1.53052V13.4064L15.8127 13.922L14.2658 14.2658L12.7189 13.4064L10.6054 14.3818C10.4994 14.2451 10.3327 14.157 10.1452 14.157H6.76329C6.4431 14.157 6.18354 14.414 6.18354 14.731C6.18354 15.0479 6.4431 15.3049 6.76329 15.3049H10.1452C10.2478 15.3049 10.3441 15.2785 10.4277 15.2322L10.3126 16.8439L13.2345 20.2793H1.54601C0.69217 20.2793 0 19.5941 0 18.7488V1.53052ZM6.18354 5.5483C6.18354 5.23132 6.4431 4.97436 6.76329 4.97436H12.3676C12.6878 4.97436 12.9473 5.23132 12.9473 5.5483C12.9473 5.86528 12.6878 6.12224 12.3676 6.12224H6.76329C6.4431 6.12224 6.18354 5.86528 6.18354 5.5483ZM6.76329 11.0961C6.4431 11.0961 6.18354 11.3531 6.18354 11.6701C6.18354 11.987 6.4431 12.244 6.76329 12.244H12.3676C12.6878 12.244 12.9473 11.987 12.9473 11.6701C12.9473 11.3531 12.6878 11.0961 12.3676 11.0961H6.76329ZM6.18354 8.60985C6.18354 8.29287 6.4431 8.03591 6.76329 8.03591H12.3676C12.6878 8.03591 12.9473 8.29287 12.9473 8.60985C12.9473 8.92684 12.6878 9.1838 12.3676 9.1838H6.76329C6.4431 9.1838 6.18354 8.92684 6.18354 8.60985ZM3.67118 5.5483C3.67118 5.23132 3.93075 4.97436 4.25093 4.97436H4.63743C4.95762 4.97436 5.21719 5.23132 5.21719 5.5483C5.21719 5.86528 4.95762 6.12224 4.63743 6.12224H4.25093C3.93075 6.12224 3.67118 5.86528 3.67118 5.5483ZM4.25093 11.0961C3.93075 11.0961 3.67118 11.3531 3.67118 11.6701C3.67118 11.987 3.93075 12.244 4.25093 12.244H4.63743C4.95762 12.244 5.21719 11.987 5.21719 11.6701C5.21719 11.3531 4.95762 11.0961 4.63743 11.0961H4.25093ZM3.67118 8.60985C3.67118 8.29287 3.93075 8.03591 4.25093 8.03591H4.63743C4.95762 8.03591 5.21719 8.29287 5.21719 8.60985C5.21719 8.92684 4.95762 9.1838 4.63743 9.1838H4.25093C3.93075 9.1838 3.67118 8.92684 3.67118 8.60985ZM4.25093 14.157C3.93075 14.157 3.67118 14.414 3.67118 14.731C3.67118 15.0479 3.93075 15.3049 4.25093 15.3049H4.63743C4.95762 15.3049 5.21719 15.0479 5.21719 14.731C5.21719 14.414 4.95762 14.157 4.63743 14.157H4.25093Z" fill="#EB0203"></path>
                    <path fill-rule="evenodd" clip-rule="evenodd" d="M14.6252 13.6363C13.4918 12.6215 11.7817 12.5264 10.6569 13.4792C9.12421 14.7764 9.34841 16.8912 10.4409 18.0122L14.0159 21.6742C14.2197 21.8832 14.4928 22 14.7822 22C15.0737 22 15.3448 21.8852 15.5486 21.6762L19.1236 18.0142C20.214 16.8933 20.4423 14.7785 18.9075 13.4792C17.7827 12.5283 16.0724 12.6217 14.9391 13.6365C14.8855 13.6845 14.8331 13.7345 14.7822 13.7866C14.7313 13.7345 14.6789 13.6843 14.6252 13.6363ZM18.1546 14.3522C19.0973 15.1508 18.9962 16.4896 18.2891 17.2173C18.2888 17.2175 18.2886 17.2177 18.2884 17.218L14.7832 20.8084L11.2753 17.2151C11.2752 17.215 11.2751 17.2149 11.2749 17.2148C10.5677 16.4887 10.4678 15.1495 11.4104 14.3518L11.4108 14.3514C12.0745 13.7892 13.2018 13.82 13.9488 14.5846L14.7822 15.4378L15.6157 14.5846C16.3617 13.8211 17.4896 13.79 18.1545 14.3521" fill="#EB0203"></path>
                    </svg>
                    <svg class="inactive-content" width="100%" height="100%" viewBox="0 0 20 23" fill="none" xmlns="http://www.w3.org/2000/svg">
                    <path fill-rule="evenodd" clip-rule="evenodd" d="M6.18408 5.77914C6.18408 5.46223 6.44363 5.20532 6.7638 5.20532H12.3678C12.6879 5.20532 12.9475 5.46223 12.9475 5.77914C12.9475 6.09606 12.6879 6.35297 12.3678 6.35297H6.7638C6.44363 6.35297 6.18408 6.09606 6.18408 5.77914Z" fill="#EB0203"></path>
                    <path fill-rule="evenodd" clip-rule="evenodd" d="M6.18408 11.9034C6.18408 11.5865 6.44363 11.3296 6.7638 11.3296H12.3678C12.6879 11.3296 12.9475 11.5865 12.9475 11.9034C12.9475 12.2202 12.6879 12.4771 12.3678 12.4771H6.7638C6.44363 12.4771 6.18408 12.2202 6.18408 11.9034Z" fill="#EB0203"></path>
                    <path fill-rule="evenodd" clip-rule="evenodd" d="M6.18408 8.84116C6.18408 8.52424 6.44363 8.26733 6.7638 8.26733H12.3678C12.6879 8.26733 12.9475 8.52424 12.9475 8.84116C12.9475 9.15807 12.6879 9.41498 12.3678 9.41498H6.7638C6.44363 9.41498 6.18408 9.15807 6.18408 8.84116Z" fill="#EB0203"></path>
                    <path fill-rule="evenodd" clip-rule="evenodd" d="M6.18408 14.9655C6.18408 14.6486 6.44363 14.3917 6.7638 14.3917H10.1455C10.4657 14.3917 10.7252 14.6486 10.7252 14.9655C10.7252 15.2825 10.4657 15.5394 10.1455 15.5394H6.7638C6.44363 15.5394 6.18408 15.2825 6.18408 14.9655Z" fill="#EB0203"></path>
                    <path fill-rule="evenodd" clip-rule="evenodd" d="M3.67139 5.77914C3.67139 5.46223 3.93094 5.20532 4.25111 5.20532H4.63759C4.95776 5.20532 5.21731 5.46223 5.21731 5.77914C5.21731 6.09606 4.95776 6.35297 4.63759 6.35297H4.25111C3.93094 6.35297 3.67139 6.09606 3.67139 5.77914Z" fill="#EB0203"></path>
                    <path fill-rule="evenodd" clip-rule="evenodd" d="M3.67139 11.9034C3.67139 11.5865 3.93094 11.3296 4.25111 11.3296H4.63759C4.95776 11.3296 5.21731 11.5865 5.21731 11.9034C5.21731 12.2202 4.95776 12.4771 4.63759 12.4771H4.25111C3.93094 12.4771 3.67139 12.2202 3.67139 11.9034Z" fill="#EB0203"></path>
                    <path fill-rule="evenodd" clip-rule="evenodd" d="M3.67139 8.84116C3.67139 8.52424 3.93094 8.26733 4.25111 8.26733H4.63759C4.95776 8.26733 5.21731 8.52424 5.21731 8.84116C5.21731 9.15807 4.95776 9.41498 4.63759 9.41498H4.25111C3.93094 9.41498 3.67139 9.15807 3.67139 8.84116Z" fill="#EB0203"></path>
                    <path fill-rule="evenodd" clip-rule="evenodd" d="M3.67139 14.9655C3.67139 14.6486 3.93094 14.3917 4.25111 14.3917H4.63759C4.95776 14.3917 5.21731 14.6486 5.21731 14.9655C5.21731 15.2825 4.95776 15.5394 4.63759 15.5394H4.25111C3.93094 15.5394 3.67139 15.2825 3.67139 14.9655Z" fill="#EB0203"></path>
                    <path fill-rule="evenodd" clip-rule="evenodd" d="M0 1.76033C0 0.914738 0.692131 0.229248 1.54592 0.229248H15.0727C15.9265 0.229248 16.6186 0.914738 16.6186 1.76033V11.2818C16.6186 11.5989 16.3591 11.8559 16.0389 11.8559C15.7187 11.8559 15.4592 11.5989 15.4592 11.2818V1.76033C15.4592 1.54893 15.2862 1.37756 15.0727 1.37756H1.54592C1.33247 1.37756 1.15944 1.54893 1.15944 1.76033V18.985C1.15944 19.1964 1.33247 19.3678 1.54592 19.3678H9.27551C9.59568 19.3678 9.85523 19.6249 9.85523 19.942C9.85523 20.2591 9.59568 20.5161 9.27551 20.5161H1.54592C0.692131 20.5161 0 19.8306 0 18.985V1.76033Z" fill="#EB0203"></path>
                    <path fill-rule="evenodd" clip-rule="evenodd" d="M14.6254 13.8718C13.4921 12.8567 11.7821 12.7615 10.6574 13.7147C9.12472 15.0124 9.34891 17.128 10.4413 18.2493L14.0161 21.9126C14.2199 22.1217 14.493 22.2386 14.7824 22.2386C15.0739 22.2386 15.3449 22.1238 15.5487 21.9147L19.1235 18.2514C20.2139 17.13 20.4422 15.0144 18.9075 13.7147C17.7827 12.7634 16.0726 12.8569 14.9392 13.872C14.8856 13.92 14.8333 13.9701 14.7824 14.0222C14.7314 13.97 14.6791 13.9199 14.6254 13.8718ZM18.1546 14.588C19.0972 15.3869 18.9961 16.7262 18.2891 17.4541C18.2888 17.4543 18.2886 17.4546 18.2884 17.4548L14.7834 21.0466L11.2757 17.452C11.2756 17.4519 11.2755 17.4517 11.2753 17.4516C10.5681 16.7252 10.4682 15.3856 11.4108 14.5876L11.4112 14.5872C12.0748 14.0248 13.202 14.0556 13.949 14.8205L14.7824 15.674L15.6158 14.8205C16.3618 14.0567 17.4896 14.0256 18.1545 14.5879" fill="#EB0203"></path>
                    </svg>
                    </button>
                    </div>
                    </div>
                    <p class="ct-tile--brand">Mimosa</p>
                    <p class="ct-tile--quantity">emb. 4 x 200 ml</p>
                    </div>
                    <div class="ct-tile-bottom row no-gutters justify-content-between">
                    <div class="ct-price-wrap col-8 col-sm-12">
                    <div class="price js-product-price">
                    <div class="prices-wrapper">
                    <span class="sales ct-tile--price-primary ">
                    <span class="value" content="1.69">
                    <span class="ct-price-formatted">
                    €1,69
                    </span>
                    <span class="ct-m-unit">
                    /un
                    </span>
                    </span>
                    </span>
                    </div>
                    
                    <div class="ct-tile--price-secondary">
                    <span class="ct-price-value">
                    €2,11
                    </span>
                    <span class="ct-m-unit">
                    /lt
                    </span>
                    </div>
                    </div>
                    </div>
                    <div class="ct-tile-buy-section d-flex justify-content-center no-gutters col-auto col-sm-12">
                    <div class="col-2 d-sm-flex d-none">
                    <button class="wishlist-toggler guest-mode inactive button button--tertiary" data-pid="4749262" data-add-url="https://www.continente.pt/on/demandware.store/Sites-continente-Site/default/Wishlist-AddProduct?pid=4749262" data-toggle="tooltip" aria-label="Adicionar aos favoritos " data-original-title="Adicionar aos favoritos" data-placement="top">
                    <svg class="active-content" width="100%" height="100%" viewBox="0 0 20 22" fill="none" xmlns="http://www.w3.org/2000/svg">
                    <path fill-rule="evenodd" clip-rule="evenodd" d="M0 1.53052C0 0.685236 0.692171 0 1.54601 0H15.0736C15.9274 0 16.6196 0.685235 16.6196 1.53052V13.4064L15.8127 13.922L14.2658 14.2658L12.7189 13.4064L10.6054 14.3818C10.4994 14.2451 10.3327 14.157 10.1452 14.157H6.76329C6.4431 14.157 6.18354 14.414 6.18354 14.731C6.18354 15.0479 6.4431 15.3049 6.76329 15.3049H10.1452C10.2478 15.3049 10.3441 15.2785 10.4277 15.2322L10.3126 16.8439L13.2345 20.2793H1.54601C0.69217 20.2793 0 19.5941 0 18.7488V1.53052ZM6.18354 5.5483C6.18354 5.23132 6.4431 4.97436 6.76329 4.97436H12.3676C12.6878 4.97436 12.9473 5.23132 12.9473 5.5483C12.9473 5.86528 12.6878 6.12224 12.3676 6.12224H6.76329C6.4431 6.12224 6.18354 5.86528 6.18354 5.5483ZM6.76329 11.0961C6.4431 11.0961 6.18354 11.3531 6.18354 11.6701C6.18354 11.987 6.4431 12.244 6.76329 12.244H12.3676C12.6878 12.244 12.9473 11.987 12.9473 11.6701C12.9473 11.3531 12.6878 11.0961 12.3676 11.0961H6.76329ZM6.18354 8.60985C6.18354 8.29287 6.4431 8.03591 6.76329 8.03591H12.3676C12.6878 8.03591 12.9473 8.29287 12.9473 8.60985C12.9473 8.92684 12.6878 9.1838 12.3676 9.1838H6.76329C6.4431 9.1838 6.18354 8.92684 6.18354 8.60985ZM3.67118 5.5483C3.67118 5.23132 3.93075 4.97436 4.25093 4.97436H4.63743C4.95762 4.97436 5.21719 5.23132 5.21719 5.5483C5.21719 5.86528 4.95762 6.12224 4.63743 6.12224H4.25093C3.93075 6.12224 3.67118 5.86528 3.67118 5.5483ZM4.25093 11.0961C3.93075 11.0961 3.67118 11.3531 3.67118 11.6701C3.67118 11.987 3.93075 12.244 4.25093 12.244H4.63743C4.95762 12.244 5.21719 11.987 5.21719 11.6701C5.21719 11.3531 4.95762 11.0961 4.63743 11.0961H4.25093ZM3.67118 8.60985C3.67118 8.29287 3.93075 8.03591 4.25093 8.03591H4.63743C4.95762 8.03591 5.21719 8.29287 5.21719 8.60985C5.21719 8.92684 4.95762 9.1838 4.63743 9.1838H4.25093C3.93075 9.1838 3.67118 8.92684 3.67118 8.60985ZM4.25093 14.157C3.93075 14.157 3.67118 14.414 3.67118 14.731C3.67118 15.0479 3.93075 15.3049 4.25093 15.3049H4.63743C4.95762 15.3049 5.21719 15.0479 5.21719 14.731C5.21719 14.414 4.95762 14.157 4.63743 14.157H4.25093Z" fill="#EB0203"></path>
                    <path fill-rule="evenodd" clip-rule="evenodd" d="M14.6252 13.6363C13.4918 12.6215 11.7817 12.5264 10.6569 13.4792C9.12421 14.7764 9.34841 16.8912 10.4409 18.0122L14.0159 21.6742C14.2197 21.8832 14.4928 22 14.7822 22C15.0737 22 15.3448 21.8852 15.5486 21.6762L19.1236 18.0142C20.214 16.8933 20.4423 14.7785 18.9075 13.4792C17.7827 12.5283 16.0724 12.6217 14.9391 13.6365C14.8855 13.6845 14.8331 13.7345 14.7822 13.7866C14.7313 13.7345 14.6789 13.6843 14.6252 13.6363ZM18.1546 14.3522C19.0973 15.1508 18.9962 16.4896 18.2891 17.2173C18.2888 17.2175 18.2886 17.2177 18.2884 17.218L14.7832 20.8084L11.2753 17.2151C11.2752 17.215 11.2751 17.2149 11.2749 17.2148C10.5677 16.4887 10.4678 15.1495 11.4104 14.3518L11.4108 14.3514C12.0745 13.7892 13.2018 13.82 13.9488 14.5846L14.7822 15.4378L15.6157 14.5846C16.3617 13.8211 17.4896 13.79 18.1545 14.3521" fill="#EB0203"></path>
                    </svg>
                    <svg class="inactive-content" width="100%" height="100%" viewBox="0 0 20 23" fill="none" xmlns="http://www.w3.org/2000/svg">
                    <path fill-rule="evenodd" clip-rule="evenodd" d="M6.18408 5.77914C6.18408 5.46223 6.44363 5.20532 6.7638 5.20532H12.3678C12.6879 5.20532 12.9475 5.46223 12.9475 5.77914C12.9475 6.09606 12.6879 6.35297 12.3678 6.35297H6.7638C6.44363 6.35297 6.18408 6.09606 6.18408 5.77914Z" fill="#EB0203"></path>
                    <path fill-rule="evenodd" clip-rule="evenodd" d="M6.18408 11.9034C6.18408 11.5865 6.44363 11.3296 6.7638 11.3296H12.3678C12.6879 11.3296 12.9475 11.5865 12.9475 11.9034C12.9475 12.2202 12.6879 12.4771 12.3678 12.4771H6.7638C6.44363 12.4771 6.18408 12.2202 6.18408 11.9034Z" fill="#EB0203"></path>
                    <path fill-rule="evenodd" clip-rule="evenodd" d="M6.18408 8.84116C6.18408 8.52424 6.44363 8.26733 6.7638 8.26733H12.3678C12.6879 8.26733 12.9475 8.52424 12.9475 8.84116C12.9475 9.15807 12.6879 9.41498 12.3678 9.41498H6.7638C6.44363 9.41498 6.18408 9.15807 6.18408 8.84116Z" fill="#EB0203"></path>
                    <path fill-rule="evenodd" clip-rule="evenodd" d="M6.18408 14.9655C6.18408 14.6486 6.44363 14.3917 6.7638 14.3917H10.1455C10.4657 14.3917 10.7252 14.6486 10.7252 14.9655C10.7252 15.2825 10.4657 15.5394 10.1455 15.5394H6.7638C6.44363 15.5394 6.18408 15.2825 6.18408 14.9655Z" fill="#EB0203"></path>
                    <path fill-rule="evenodd" clip-rule="evenodd" d="M3.67139 5.77914C3.67139 5.46223 3.93094 5.20532 4.25111 5.20532H4.63759C4.95776 5.20532 5.21731 5.46223 5.21731 5.77914C5.21731 6.09606 4.95776 6.35297 4.63759 6.35297H4.25111C3.93094 6.35297 3.67139 6.09606 3.67139 5.77914Z" fill="#EB0203"></path>
                    <path fill-rule="evenodd" clip-rule="evenodd" d="M3.67139 11.9034C3.67139 11.5865 3.93094 11.3296 4.25111 11.3296H4.63759C4.95776 11.3296 5.21731 11.5865 5.21731 11.9034C5.21731 12.2202 4.95776 12.4771 4.63759 12.4771H4.25111C3.93094 12.4771 3.67139 12.2202 3.67139 11.9034Z" fill="#EB0203"></path>
                    <path fill-rule="evenodd" clip-rule="evenodd" d="M3.67139 8.84116C3.67139 8.52424 3.93094 8.26733 4.25111 8.26733H4.63759C4.95776 8.26733 5.21731 8.52424 5.21731 8.84116C5.21731 9.15807 4.95776 9.41498 4.63759 9.41498H4.25111C3.93094 9.41498 3.67139 9.15807 3.67139 8.84116Z" fill="#EB0203"></path>
                    <path fill-rule="evenodd" clip-rule="evenodd" d="M3.67139 14.9655C3.67139 14.6486 3.93094 14.3917 4.25111 14.3917H4.63759C4.95776 14.3917 5.21731 14.6486 5.21731 14.9655C5.21731 15.2825 4.95776 15.5394 4.63759 15.5394H4.25111C3.93094 15.5394 3.67139 15.2825 3.67139 14.9655Z" fill="#EB0203"></path>
                    <path fill-rule="evenodd" clip-rule="evenodd" d="M0 1.76033C0 0.914738 0.692131 0.229248 1.54592 0.229248H15.0727C15.9265 0.229248 16.6186 0.914738 16.6186 1.76033V11.2818C16.6186 11.5989 16.3591 11.8559 16.0389 11.8559C15.7187 11.8559 15.4592 11.5989 15.4592 11.2818V1.76033C15.4592 1.54893 15.2862 1.37756 15.0727 1.37756H1.54592C1.33247 1.37756 1.15944 1.54893 1.15944 1.76033V18.985C1.15944 19.1964 1.33247 19.3678 1.54592 19.3678H9.27551C9.59568 19.3678 9.85523 19.6249 9.85523 19.942C9.85523 20.2591 9.59568 20.5161 9.27551 20.5161H1.54592C0.692131 20.5161 0 19.8306 0 18.985V1.76033Z" fill="#EB0203"></path>
                    <path fill-rule="evenodd" clip-rule="evenodd" d="M14.6254 13.8718C13.4921 12.8567 11.7821 12.7615 10.6574 13.7147C9.12472 15.0124 9.34891 17.128 10.4413 18.2493L14.0161 21.9126C14.2199 22.1217 14.493 22.2386 14.7824 22.2386C15.0739 22.2386 15.3449 22.1238 15.5487 21.9147L19.1235 18.2514C20.2139 17.13 20.4422 15.0144 18.9075 13.7147C17.7827 12.7634 16.0726 12.8569 14.9392 13.872C14.8856 13.92 14.8333 13.9701 14.7824 14.0222C14.7314 13.97 14.6791 13.9199 14.6254 13.8718ZM18.1546 14.588C19.0972 15.3869 18.9961 16.7262 18.2891 17.4541C18.2888 17.4543 18.2886 17.4546 18.2884 17.4548L14.7834 21.0466L11.2757 17.452C11.2756 17.4519 11.2755 17.4517 11.2753 17.4516C10.5681 16.7252 10.4682 15.3856 11.4108 14.5876L11.4112 14.5872C12.0748 14.0248 13.202 14.0556 13.949 14.8205L14.7824 15.674L15.6158 14.8205C16.3618 14.0567 17.4896 14.0256 18.1545 14.5879" fill="#EB0203"></path>
                    </svg>
                    </button>
                    </div>
                    <div class="col-sm-10 col-12">
                    
                    <div class="ct-tile-quantity d-none" data-pid="4749262">
                    <input type="hidden" class="add-to-cart-url" value="https://www.continente.pt/on/demandware.store/Sites-continente-Site/default/Cart-AddProduct">
                    <div class="d-none tile-delete-confirmation-btn" data-pid="4749262" data-delay-time="3000" data-in-cart-msg="no carrinho" data-one-product-added="Adicionado ao carrinho" data-remove-from-cart-msg="Removido do carrinho" data-stay-open="6000.0" data-confirmation-image="{&quot;url&quot;:&quot;https://www.continente.pt/dw/image/v2/BDVS_PRD/on/demandware.static/-/Sites-col-master-catalog/default/dw9cd1c5d9/images/col/474/4749262-frente.jpg?sw=87&amp;sh=80&quot;,&quot;fallbackimage&quot;:{&quot;url&quot;:&quot;https://www.continente.pt/dw/image/v2/BDVS_PRD/on/demandware.static/Sites-continente-Site/-/default/dw7c42b4da/images/noimagelarge_product.png?sw=87&amp;sh=80&quot;,&quot;title&quot;:&quot;Leite Achocolatado&quot;,&quot;alt&quot;:&quot;Leite Achocolatado&quot;},&quot;title&quot;:&quot;Leite Achocolatado&quot;,&quot;alt&quot;:&quot;Leite Achocolatado&quot;}"></div>
                    <div class="ct-tile-quantity-update quantity-update product-qty-vue" data-remove-action="https://www.continente.pt/on/demandware.store/Sites-continente-Site/default/Cart-RemoveProductLineItem" data-action="https://www.continente.pt/on/demandware.store/Sites-continente-Site/default/Cart-UpdateQuantity" data-dimension-update="https://www.continente.pt/on/demandware.store/Sites-continente-Site/default/Cart-DimensionUpdate" data-pid="4749262" data-uuid="0efd28faf80ac889cae7924114" data-add-delay="500.0" data-measure-options="{&quot;hasConversionRate&quot;:false,&quot;hasAlternativeSaleUnit&quot;:false,&quot;unitConversionRate&quot;:0,&quot;minOrderQuantity&quot;:1,&quot;stepQuantity&quot;:1,&quot;primaryunit&quot;:&quot;un&quot;,&quot;secondaryunit&quot;:&quot;lt&quot;,&quot;selectedunit&quot;:&quot;primary&quot;,&quot;maxNumberOfUnitsPerSale&quot;:54}" data-price-available="null" :data-has-error="isMaxQtyReached || isMinQtyReached || qtySelectedMoreThanOne">
                    <template v-show="prodUnits">
                    <div class="quantity-input-wrapper has-units">
                    <label class="visually-hidden" :for="'quantity-' + pid + additionalTag">
                    Quantidade no carrinho
                    </label>
                    <input :ref="'quantityInput-' + pid + additionalTag" class="add-to-cart-quantity form-control ct-form-input text-center" inputmode="numeric" :class="{'is-invalid': isInvalid}" :data-pid="pid + additionalTag" :name="'quantity-' + pid + additionalTag" type="text" aria-label="Insira a quantidade" title="" v-model="displayValue" @change="updateQuantity" @focus="updateQtyFormat" @blur="restoreQtyFormat" :disabled="!isPriceAvailable">
                    <span class="quantity-icon quantity-icon--minus">
                    <button class="decrease-quantity-btn" @click="updateQuantity" :disabled="!isPriceAvailable" role="button" aria-label="Reduzir quantidade">
                    <i class="css-math-minus"></i>
                    </button>
                    </span>
                    <span class="quantity-icon quantity-icon--plus">
                    <button class="increase-quantity-btn" @click="updateQuantity" :disabled="isMaxQtyReached || !isPriceAvailable" role="button" aria-label="Aumentar quantidade">
                    <i class="css-math-plus"></i>
                    </button>
                    <span class="quantity-btn-disabled-placeholder"></span>
                    </span>
                    <template v-if="isPDP">
                    <span class="quantity-error ct-span-error text-sm-center product-max-allocation" v-if="isMaxQtyReached">
                    Quantidade máxima atingida
                    </span>
                    <span class="quantity-error ct-span-product text-sm-center product-allocation" v-if="!isMinQtyReached &amp;&amp; !isMaxQtyReached">
                    {{quantitySelected}} no carrinho
                    </span>
                    <span class="quantity-error ct-span-error text-sm-center product-min-allocation" :data-pid="pid" v-if="isMinQtyReached &amp;&amp; !isMaxQtyReached">
                    Quantidade mínima atingida
                    </span>
                    </template>
                    </div>
                    <template v-if="showNotes">
                    <div class="add-note-link-container ">
                    <div class="add-note">
                    <a href="/produto/leite-achocolatado-mimosa-4749262.html?showNote=true" class="ct-add-note-redirect-pdp" aria-label="Adicionar comentário">
                    <span class="svg-wrapper svg-icon-notes" style="width:19px; height:20px">
                    <svg class="svg-inline icon-notes" viewBox="0 0 28 30" xmlns="http://www.w3.org/2000/svg" width="100%" height="100%"><path d="M21.738 0C22.985 0 24 1.04 24 2.319V12.47c0 .469-.37.848-.828.848-.457 0-.827-.38-.827-.848V2.32c0-.343-.273-.622-.607-.622H2.262c-.334 0-.607.279-.607.622V27.68c0 .343.273.622.607.622h7.81c.457 0 .827.38.827.849 0 .468-.37.848-.827.848h-7.81C1.015 30 0 28.96 0 27.681V2.32C0 1.04 1.015 0 2.262 0h19.476zm2.844 16.004l.227.007c.823.053 1.589.39 2.176.964.64.627.993 1.46.993 2.349 0 .888-.353 1.722-.993 2.348l-6.83 6.665c-.11.108-.247.186-.397.226l-5.032 1.363c-.078.021-.16.032-.241.032-.242 0-.478-.097-.647-.266-.23-.231-.314-.566-.218-.874l1.49-4.798c.044-.139.122-.266.227-.369l6.844-6.677c.64-.625 1.493-.97 2.401-.97zm-2.886 3.94l-4.922 4.802-.947 3.048 3.22-.872 4.897-4.78-2.248-2.197zm2.887-2.174c-.425 0-.824.162-1.124.455l-.484.472 2.248 2.197.484-.472c.62-.606.62-1.591 0-2.197l-.117-.104c-.283-.227-.636-.35-1.007-.35zm-10.839.022c.498 0 .904.396.904.883 0 .488-.406.884-.904.884H5.946c-.499 0-.904-.396-.904-.884 0-.487.405-.883.904-.883zm5.042-4.876c.498 0 .904.397.904.884s-.406.884-.904.884H5.946c-.499 0-.904-.397-.904-.884s.405-.884.904-.884zm0-4.875c.498 0 .904.396.904.884 0 .487-.406.883-.904.883H5.946c-.499 0-.904-.396-.904-.883 0-.488.405-.884.904-.884z" fill="#EB0203" fill-rule="evenodd"></path></svg>
                    </span>
                    <div class="available-note d-none"></div>
                    </a>
                    </div>
                    </div>
                    </template>
                    <div class="measurement-unit-section" v-if="isPriceAvailable &amp;&amp; prodUnits ? prodUnits.hasAlternativeUnit : false">
                    <div class="ct-form-radio" @click="setDimension">
                    <input type="radio" title="" class="ct-form-check-input product-measurement-unit" :data-type="prodUnits.selectedUnit == prodUnits.secondaryUnit ? 'primary' : ''" :id="prodUnits.secondaryUnit + '-' + pid + '-measurement-unit-ptile' + additionalTag" :name="'measurement-unit-' + pid + '-ptile' + additionalTag" :value="prodUnits.secondaryUnit" v-model="prodUnits.selectedUnit">
                    <label :class="prodUnits.secondaryUnit + '-label ct-form-check-label mb-0'" :for="prodUnits.secondaryUnit + '-' + pid + '-measurement-unit-ptile' + additionalTag">
                    {{prodUnits.secondaryUnit}}
                    </label>
                    <span class="checkmark"></span>
                    </div>
                    <div class="ct-form-radio" @click="setDimension">
                    <input type="radio" title="" class="ct-form-check-input product-measurement-unit" :data-type="prodUnits.selectedUnit == prodUnits.primaryUnit ? 'primary' : ''" :id="prodUnits.primaryUnit + '-' + pid + '-measurement-unit-ptile' + additionalTag" :name="'measurement-unit-' + pid + '-ptile' + additionalTag" :value="prodUnits.primaryUnit" v-model="prodUnits.selectedUnit">
                    <label :class="prodUnits.primaryUnit + '-label ct-form-check-label mb-0'" :for="prodUnits.primaryUnit + '-' + pid + '-measurement-unit-ptile' + additionalTag">
                    {{prodUnits.primaryUnit}}
                    </label>
                    <span class="checkmark"></span>
                    </div>
                    </div>
                    <template v-if="!isPDP &amp;&amp; isPriceAvailable">
                    <span class="quantity-error ct-span-error product-max-allocation" v-if="isMaxQtyReached">
                    Quantidade máxima atingida
                    </span>
                    <span class="quantity-error ct-span-product product-allocation" v-if="!isMinQtyReached &amp;&amp; !isMaxQtyReached">
                    {{quantitySelected}} no carrinho
                    </span>
                    <span class="quantity-error ct-span-error product-min-allocation" :data-pid="pid" v-if="isMinQtyReached &amp;&amp; !isMaxQtyReached">
                    Quantidade mínima atingida
                    </span>
                    </template>
                    </template>
                    </div>
                    <input class="quantity-value-mask d-none" name="quantity" type="number" min="0" value="">
                    </div>
                    <button type="button" class="add-to-cart button js-add-to-cart js-add-to-cart-tile 4749262 button--primary dynamic-layout-btn" data-toggle="modal" data-target="#chooseBonusProductModal" data-pid="4749262" data-quantity-value="null" aria-label="Carrinho">
                    <span class="d-block d-sm-none">
                    <span class="svg-wrapper svg-icon-cart" style="width:20px; height:20px">
                    <svg class="svg-inline icon-cart" xmlns="http://www.w3.org/2000/svg" viewBox="0 0 500 500" width="100%" height="100%"><path fill="#EB0203" fill-rule="evenodd" d="M 485.67317,94.386311 C 476.37798,83.847129 463.09468,78.03348 448.30404,78.03348 H 90.690813 L 87.079511,51.327997 C 83.185582,22.539551 62.962285,0 41.011841,0 H 14.727836 C 6.563151,0 0,6.5286975 0,14.580758 c 0,8.05206 6.5945535,14.580758 14.727836,14.580758 h 26.284005 c 4.710398,0 14.696435,9.855222 16.894619,26.021523 L 100.01739,368.0631 c 1.88416,13.77244 9.01256,26.70549 20.1605,36.37417 8.25889,7.15046 18.02511,11.9071 28.26237,13.89679 -4.17655,7.58572 -6.53175,16.25957 -6.53175,25.493 0,29.53459 24.27424,53.59751 54.13815,53.59751 29.8325,0 54.13814,-24.03184 54.13814,-53.59751 0,-8.79818 -2.19818,-17.09897 -5.9979,-24.43598 h 77.12488 c -3.79973,7.33701 -5.96652,15.6378 -5.96652,24.43598 0,29.53459 24.27424,53.59751 54.13817,53.59751 29.83249,0 54.13814,-24.03184 54.13814,-53.59751 0,-8.79818 -2.1982,-17.09897 -5.9979,-24.43598 h 38.56243 c 8.13328,0 14.72783,-6.5287 14.72783,-14.61183 0,-8.02098 -6.59455,-14.54967 -14.72783,-14.54967 H 159.24277 c -14.38241,0 -28.13677,-11.90711 -30.02092,-26.02153 l -3.07746,-22.88154 h 290.6314 c 14.03698,0 27.94834,-5.28513 39.06488,-14.95381 11.11652,-9.6376 18.27632,-22.57065 20.16048,-36.37417 l 21.10259,-156.78201 c 1.94694,-14.51858 -2.10398,-28.29103 -11.43057,-38.861299 z M 220.76053,443.82706 c 0,13.49265 -11.08513,24.46709 -24.68247,24.46709 -13.62874,0 -24.71387,-10.97444 -24.71387,-24.46709 0,-13.49262 11.08513,-24.43598 24.71387,-24.43598 13.59734,0 24.68247,10.94336 24.68247,24.43598 z m 173.43675,0 c 0,13.49265 -11.08512,24.46709 -24.68245,24.46709 -13.62876,0 -24.71388,-10.97444 -24.71388,-24.46709 0,-13.49262 11.08512,-24.43598 24.71388,-24.43598 13.59733,0 24.68245,10.94336 24.68245,24.43598 z m 73.7648,-314.46558 -21.13397,156.782 c -1.88416,14.11442 -15.63851,26.05261 -30.02091,26.05261 H 122.25046 L 94.616142,107.19499 H 448.33544 c 6.18632,0 11.61896,2.2695 15.23028,6.37326 3.64269,4.13484 5.21283,9.73086 4.39636,15.79323 z"></path></svg>
                    </span>
                    </span>
                    <span class="add-to-cart--text d-none d-sm-block">Carrinho</span>
                    </button>
                    </div>
                    </div>
                    </div>
                    </div>
                    
                    <div class="col-12 d-sm-none">
                    </div>
                    </div>
                    </div>
                    </div>
                    </div>
                    <div class="col-12 col-sm-3 col-lg-2 productTile" data-idx="31">
                    
                    <script type="text/javascript">//<!--
                    /* <![CDATA[ */
                    (function(){
                    try {
                        if(window.CQuotient) {
                        var cq_params = {};
                        
                        cq_params.cookieId = window.CQuotient.getCQCookieId();
                        cq_params.userId = window.CQuotient.getCQUserId();
                        cq_params.emailId = CQuotient.getCQHashedEmail();
                        cq_params.loginId = CQuotient.getCQHashedLogin();
                        cq_params.accumulate = true;
                        cq_params.products = [{
                            id: '4422019',
                            sku: ''
                        }];
                        cq_params.categoryId = 'laticinios';
                        cq_params.refinements = '[{\"name\":\"priceMin\",\"value\":\"0.01\"},{\"name\":\"priceMax\",\"value\":\"null\"},{\"name\":\"curr\",\"value\":\"EUR\"},{\"name\":\"Category\",\"value\":\"laticinios\"}]';
                        cq_params.personalized = 'false';
                        cq_params.sortingRule = 'FOOD-Laticinios';
                        cq_params.imageUUID = '__UNDEFINED__';
                        cq_params.realm = "BDVS";
                        cq_params.siteId = "continente";
                        cq_params.instanceType = "prd";
                        cq_params.queryLocale = "default";
                        cq_params.locale = window.CQuotient.locale;
                        
                        if(window.CQuotient.sendActivity)
                            window.CQuotient.sendActivity(CQuotient.clientId, 'viewCategory', cq_params);
                        else
                            window.CQuotient.activities.push({
                                activityType: 'viewCategory',
                                parameters: cq_params
                            });
                      }
                    } catch(err) {}
                    })();
                    /* ]]> */
                    // -->
                    </script>
                    <script type="text/javascript">//<!--
                    /* <![CDATA[ (viewCategoryProduct-active_data.js) */
                    (function(){
                    try {
                        if (dw.ac) {
                            var search_params = {};
                            search_params.persd = 'false';
                            search_params.refs = '[{\"name\":\"priceMin\",\"value\":\"0.01\"},{\"name\":\"priceMax\",\"value\":\"null\"},{\"name\":\"curr\",\"value\":\"EUR\"},{\"name\":\"Category\",\"value\":\"laticinios\"}]';
                            search_params.sort = 'FOOD-Laticinios';
                            search_params.imageUUID = '';
                            search_params.searchID = 'ff60679a-0a42-4d90-af85-afdcdfaee427';
                            search_params.locale = 'default';
                            search_params.queryLocale = 'default';
                            search_params.showProducts = 'true';
                            dw.ac.applyContext({category: "laticinios", searchData: search_params});
                            if (typeof dw.ac._scheduleDataSubmission === "function") {
                                dw.ac._scheduleDataSubmission();
                            }
                        }
                    } catch(err) {}
                    })();
                    /* ]]> */
                    // -->
                    </script>
                    <script type="text/javascript">//<!--
                    /* <![CDATA[ (viewProduct-active_data.js) */
                    dw.ac._capture({id: "4422019", type: "searchhit"});
                    /* ]]> */
                    // -->
                    </script>
                    <div class="product" data-pid="4422019">
                    <div class="product-tile pid-4422019 ct-product-tile data-layer-pushed" data-delay-time="3000" data-variants-mapping="[]" data-in-cart-msg="no carrinho" data-one-product-added="Adicionado ao carrinho" data-remove-from-cart-msg="Removido do carrinho" data-stay-open="6000.0" data-product-tile-impression="{&quot;name&quot;:&quot;4422019&quot;,&quot;id&quot;:&quot;4422019&quot;,&quot;price&quot;:1.99,&quot;brand&quot;:&quot;Mimosa&quot;,&quot;category&quot;:[{&quot;category_level_1&quot;:&quot;Laticínios e Ovos&quot;},{&quot;category_level_2&quot;:&quot;Leite&quot;},{&quot;category_level_3&quot;:&quot;Leite sem Lactose&quot;}],&quot;variant&quot;:&quot;&quot;}">
                    <div class="ct-inner-tile-wrap row no-gutters justify-content-center align-content-start">
                    
                    <div class="ct-image-container col-4 col-sm" data-confirmation-image="{&quot;url&quot;:&quot;https://www.continente.pt/dw/image/v2/BDVS_PRD/on/demandware.static/-/Sites-col-master-catalog/default/dw4d63b31a/images/col/442/4422019-frente.jpg?sw=87&amp;sh=80&quot;,&quot;fallbackimage&quot;:{&quot;url&quot;:&quot;https://www.continente.pt/dw/image/v2/BDVS_PRD/on/demandware.static/Sites-continente-Site/-/default/dw7c42b4da/images/noimagelarge_product.png?sw=87&amp;sh=80&quot;,&quot;title&quot;:&quot;Leite Meio Gordo sem Lactose&quot;,&quot;alt&quot;:&quot;Leite Meio Gordo sem Lactose&quot;},&quot;title&quot;:&quot;Leite Meio Gordo sem Lactose&quot;,&quot;alt&quot;:&quot;Leite Meio Gordo sem Lactose&quot;}">
                    <a href="https://www.continente.pt/produto/leite-meio-gordo-sem-lactose-mimosa-4422019.html?cgid=laticinios">
                    <picture class="intrinsic intrinsic--square">
                    <img class="ct-tile-image lazyloaded" loading="lazy" onerror="this.onerror=null;this.src='/on/demandware.static/Sites-continente-Site/-/default/dw7c42b4da/images/noimagelarge_product.png';" data-src="https://www.continente.pt/dw/image/v2/BDVS_PRD/on/demandware.static/-/Sites-col-master-catalog/default/dw4d63b31a/images/col/442/4422019-frente.jpg?sw=280&amp;sh=280" alt="Leite Meio Gordo sem Lactose" title="Leite Meio Gordo sem Lactose" src="https://www.continente.pt/dw/image/v2/BDVS_PRD/on/demandware.static/-/Sites-col-master-catalog/default/dw4d63b31a/images/col/442/4422019-frente.jpg?sw=280&amp;sh=280">
                    </picture>
                    </a>
                    <div class=" ct-product-tile-badge ct-product-tile-badge--general">
                    <img class="img-fluid ct-tooltip-trigger lazyloaded" loading="lazy" data-src="https://www.continente.pt/dw/image/v2/BDVS_PRD/on/demandware.static/-/Sites-continente-Library/default/dw62d4c957/images/badges/general/col/madein.png?sw=25&amp;sh=25" alt="Crachá do produto" title="" data-toggle="tooltip" data-placement="right" data-original-title="Produzido em Portugal" src="https://www.continente.pt/dw/image/v2/BDVS_PRD/on/demandware.static/-/Sites-continente-Library/default/dw62d4c957/images/badges/general/col/madein.png?sw=25&amp;sh=25">
                    </div>
                    <div class="color-swatches d-flex" style="margin-left: 5px;">
                    <div class="swatches d-flex">
                    </div>
                    </div>
                    </div>
                    <div class="ct-tile-body col col-sm-auto ">
                    <div class="ct-pdp-details">
                    <div class="ct-pdp-link">
                    <a class="ct-tile--description" href="https://www.continente.pt/produto/leite-meio-gordo-sem-lactose-mimosa-4422019.html?cgid=laticinios">Leite Meio Gordo sem Lactose</a>
                    <div class="ct-tile--favorite-top d-sm-none">
                    <button class="wishlist-toggler guest-mode inactive button button--tertiary" data-pid="4422019" data-add-url="https://www.continente.pt/on/demandware.store/Sites-continente-Site/default/Wishlist-AddProduct?pid=4422019" data-toggle="tooltip" aria-label="Adicionar aos favoritos " data-original-title="Adicionar aos favoritos" data-placement="top">
                    <svg class="active-content" width="100%" height="100%" viewBox="0 0 20 22" fill="none" xmlns="http://www.w3.org/2000/svg">
                    <path fill-rule="evenodd" clip-rule="evenodd" d="M0 1.53052C0 0.685236 0.692171 0 1.54601 0H15.0736C15.9274 0 16.6196 0.685235 16.6196 1.53052V13.4064L15.8127 13.922L14.2658 14.2658L12.7189 13.4064L10.6054 14.3818C10.4994 14.2451 10.3327 14.157 10.1452 14.157H6.76329C6.4431 14.157 6.18354 14.414 6.18354 14.731C6.18354 15.0479 6.4431 15.3049 6.76329 15.3049H10.1452C10.2478 15.3049 10.3441 15.2785 10.4277 15.2322L10.3126 16.8439L13.2345 20.2793H1.54601C0.69217 20.2793 0 19.5941 0 18.7488V1.53052ZM6.18354 5.5483C6.18354 5.23132 6.4431 4.97436 6.76329 4.97436H12.3676C12.6878 4.97436 12.9473 5.23132 12.9473 5.5483C12.9473 5.86528 12.6878 6.12224 12.3676 6.12224H6.76329C6.4431 6.12224 6.18354 5.86528 6.18354 5.5483ZM6.76329 11.0961C6.4431 11.0961 6.18354 11.3531 6.18354 11.6701C6.18354 11.987 6.4431 12.244 6.76329 12.244H12.3676C12.6878 12.244 12.9473 11.987 12.9473 11.6701C12.9473 11.3531 12.6878 11.0961 12.3676 11.0961H6.76329ZM6.18354 8.60985C6.18354 8.29287 6.4431 8.03591 6.76329 8.03591H12.3676C12.6878 8.03591 12.9473 8.29287 12.9473 8.60985C12.9473 8.92684 12.6878 9.1838 12.3676 9.1838H6.76329C6.4431 9.1838 6.18354 8.92684 6.18354 8.60985ZM3.67118 5.5483C3.67118 5.23132 3.93075 4.97436 4.25093 4.97436H4.63743C4.95762 4.97436 5.21719 5.23132 5.21719 5.5483C5.21719 5.86528 4.95762 6.12224 4.63743 6.12224H4.25093C3.93075 6.12224 3.67118 5.86528 3.67118 5.5483ZM4.25093 11.0961C3.93075 11.0961 3.67118 11.3531 3.67118 11.6701C3.67118 11.987 3.93075 12.244 4.25093 12.244H4.63743C4.95762 12.244 5.21719 11.987 5.21719 11.6701C5.21719 11.3531 4.95762 11.0961 4.63743 11.0961H4.25093ZM3.67118 8.60985C3.67118 8.29287 3.93075 8.03591 4.25093 8.03591H4.63743C4.95762 8.03591 5.21719 8.29287 5.21719 8.60985C5.21719 8.92684 4.95762 9.1838 4.63743 9.1838H4.25093C3.93075 9.1838 3.67118 8.92684 3.67118 8.60985ZM4.25093 14.157C3.93075 14.157 3.67118 14.414 3.67118 14.731C3.67118 15.0479 3.93075 15.3049 4.25093 15.3049H4.63743C4.95762 15.3049 5.21719 15.0479 5.21719 14.731C5.21719 14.414 4.95762 14.157 4.63743 14.157H4.25093Z" fill="#EB0203"></path>
                    <path fill-rule="evenodd" clip-rule="evenodd" d="M14.6252 13.6363C13.4918 12.6215 11.7817 12.5264 10.6569 13.4792C9.12421 14.7764 9.34841 16.8912 10.4409 18.0122L14.0159 21.6742C14.2197 21.8832 14.4928 22 14.7822 22C15.0737 22 15.3448 21.8852 15.5486 21.6762L19.1236 18.0142C20.214 16.8933 20.4423 14.7785 18.9075 13.4792C17.7827 12.5283 16.0724 12.6217 14.9391 13.6365C14.8855 13.6845 14.8331 13.7345 14.7822 13.7866C14.7313 13.7345 14.6789 13.6843 14.6252 13.6363ZM18.1546 14.3522C19.0973 15.1508 18.9962 16.4896 18.2891 17.2173C18.2888 17.2175 18.2886 17.2177 18.2884 17.218L14.7832 20.8084L11.2753 17.2151C11.2752 17.215 11.2751 17.2149 11.2749 17.2148C10.5677 16.4887 10.4678 15.1495 11.4104 14.3518L11.4108 14.3514C12.0745 13.7892 13.2018 13.82 13.9488 14.5846L14.7822 15.4378L15.6157 14.5846C16.3617 13.8211 17.4896 13.79 18.1545 14.3521" fill="#EB0203"></path>
                    </svg>
                    <svg class="inactive-content" width="100%" height="100%" viewBox="0 0 20 23" fill="none" xmlns="http://www.w3.org/2000/svg">
                    <path fill-rule="evenodd" clip-rule="evenodd" d="M6.18408 5.77914C6.18408 5.46223 6.44363 5.20532 6.7638 5.20532H12.3678C12.6879 5.20532 12.9475 5.46223 12.9475 5.77914C12.9475 6.09606 12.6879 6.35297 12.3678 6.35297H6.7638C6.44363 6.35297 6.18408 6.09606 6.18408 5.77914Z" fill="#EB0203"></path>
                    <path fill-rule="evenodd" clip-rule="evenodd" d="M6.18408 11.9034C6.18408 11.5865 6.44363 11.3296 6.7638 11.3296H12.3678C12.6879 11.3296 12.9475 11.5865 12.9475 11.9034C12.9475 12.2202 12.6879 12.4771 12.3678 12.4771H6.7638C6.44363 12.4771 6.18408 12.2202 6.18408 11.9034Z" fill="#EB0203"></path>
                    <path fill-rule="evenodd" clip-rule="evenodd" d="M6.18408 8.84116C6.18408 8.52424 6.44363 8.26733 6.7638 8.26733H12.3678C12.6879 8.26733 12.9475 8.52424 12.9475 8.84116C12.9475 9.15807 12.6879 9.41498 12.3678 9.41498H6.7638C6.44363 9.41498 6.18408 9.15807 6.18408 8.84116Z" fill="#EB0203"></path>
                    <path fill-rule="evenodd" clip-rule="evenodd" d="M6.18408 14.9655C6.18408 14.6486 6.44363 14.3917 6.7638 14.3917H10.1455C10.4657 14.3917 10.7252 14.6486 10.7252 14.9655C10.7252 15.2825 10.4657 15.5394 10.1455 15.5394H6.7638C6.44363 15.5394 6.18408 15.2825 6.18408 14.9655Z" fill="#EB0203"></path>
                    <path fill-rule="evenodd" clip-rule="evenodd" d="M3.67139 5.77914C3.67139 5.46223 3.93094 5.20532 4.25111 5.20532H4.63759C4.95776 5.20532 5.21731 5.46223 5.21731 5.77914C5.21731 6.09606 4.95776 6.35297 4.63759 6.35297H4.25111C3.93094 6.35297 3.67139 6.09606 3.67139 5.77914Z" fill="#EB0203"></path>
                    <path fill-rule="evenodd" clip-rule="evenodd" d="M3.67139 11.9034C3.67139 11.5865 3.93094 11.3296 4.25111 11.3296H4.63759C4.95776 11.3296 5.21731 11.5865 5.21731 11.9034C5.21731 12.2202 4.95776 12.4771 4.63759 12.4771H4.25111C3.93094 12.4771 3.67139 12.2202 3.67139 11.9034Z" fill="#EB0203"></path>
                    <path fill-rule="evenodd" clip-rule="evenodd" d="M3.67139 8.84116C3.67139 8.52424 3.93094 8.26733 4.25111 8.26733H4.63759C4.95776 8.26733 5.21731 8.52424 5.21731 8.84116C5.21731 9.15807 4.95776 9.41498 4.63759 9.41498H4.25111C3.93094 9.41498 3.67139 9.15807 3.67139 8.84116Z" fill="#EB0203"></path>
                    <path fill-rule="evenodd" clip-rule="evenodd" d="M3.67139 14.9655C3.67139 14.6486 3.93094 14.3917 4.25111 14.3917H4.63759C4.95776 14.3917 5.21731 14.6486 5.21731 14.9655C5.21731 15.2825 4.95776 15.5394 4.63759 15.5394H4.25111C3.93094 15.5394 3.67139 15.2825 3.67139 14.9655Z" fill="#EB0203"></path>
                    <path fill-rule="evenodd" clip-rule="evenodd" d="M0 1.76033C0 0.914738 0.692131 0.229248 1.54592 0.229248H15.0727C15.9265 0.229248 16.6186 0.914738 16.6186 1.76033V11.2818C16.6186 11.5989 16.3591 11.8559 16.0389 11.8559C15.7187 11.8559 15.4592 11.5989 15.4592 11.2818V1.76033C15.4592 1.54893 15.2862 1.37756 15.0727 1.37756H1.54592C1.33247 1.37756 1.15944 1.54893 1.15944 1.76033V18.985C1.15944 19.1964 1.33247 19.3678 1.54592 19.3678H9.27551C9.59568 19.3678 9.85523 19.6249 9.85523 19.942C9.85523 20.2591 9.59568 20.5161 9.27551 20.5161H1.54592C0.692131 20.5161 0 19.8306 0 18.985V1.76033Z" fill="#EB0203"></path>
                    <path fill-rule="evenodd" clip-rule="evenodd" d="M14.6254 13.8718C13.4921 12.8567 11.7821 12.7615 10.6574 13.7147C9.12472 15.0124 9.34891 17.128 10.4413 18.2493L14.0161 21.9126C14.2199 22.1217 14.493 22.2386 14.7824 22.2386C15.0739 22.2386 15.3449 22.1238 15.5487 21.9147L19.1235 18.2514C20.2139 17.13 20.4422 15.0144 18.9075 13.7147C17.7827 12.7634 16.0726 12.8569 14.9392 13.872C14.8856 13.92 14.8333 13.9701 14.7824 14.0222C14.7314 13.97 14.6791 13.9199 14.6254 13.8718ZM18.1546 14.588C19.0972 15.3869 18.9961 16.7262 18.2891 17.4541C18.2888 17.4543 18.2886 17.4546 18.2884 17.4548L14.7834 21.0466L11.2757 17.452C11.2756 17.4519 11.2755 17.4517 11.2753 17.4516C10.5681 16.7252 10.4682 15.3856 11.4108 14.5876L11.4112 14.5872C12.0748 14.0248 13.202 14.0556 13.949 14.8205L14.7824 15.674L15.6158 14.8205C16.3618 14.0567 17.4896 14.0256 18.1545 14.5879" fill="#EB0203"></path>
                    </svg>
                    </button>
                    </div>
                    </div>
                    <p class="ct-tile--brand">Mimosa</p>
                    <p class="ct-tile--quantity">emb. 4 x 200 ml</p>
                    </div>
                    <div class="ct-tile-bottom row no-gutters justify-content-between">
                    <div class="ct-price-wrap col-8 col-sm-12">
                    <div class="price js-product-price">
                    <div class="prices-wrapper">
                    <span class="sales ct-tile--price-primary ">
                    <span class="value" content="1.99">
                    <span class="ct-price-formatted">
                    €1,99
                    </span>
                    <span class="ct-m-unit">
                    /un
                    </span>
                    </span>
                    </span>
                    </div>
                    <div class="ct-tile--price-secondary">
                    <span class="ct-price-value">
                    €2,49
                    </span>
                    <span class="ct-m-unit">
                    /lt
                    </span>
                    </div>
                    </div>
                    </div>
                    <div class="ct-tile-buy-section d-flex justify-content-center no-gutters col-auto col-sm-12">
                    <div class="col-2 d-sm-flex d-none">
                    <button class="wishlist-toggler guest-mode inactive button button--tertiary" data-pid="4422019" data-add-url="https://www.continente.pt/on/demandware.store/Sites-continente-Site/default/Wishlist-AddProduct?pid=4422019" data-toggle="tooltip" aria-label="Adicionar aos favoritos " data-original-title="Adicionar aos favoritos" data-placement="top">
                    <svg class="active-content" width="100%" height="100%" viewBox="0 0 20 22" fill="none" xmlns="http://www.w3.org/2000/svg">
                    <path fill-rule="evenodd" clip-rule="evenodd" d="M0 1.53052C0 0.685236 0.692171 0 1.54601 0H15.0736C15.9274 0 16.6196 0.685235 16.6196 1.53052V13.4064L15.8127 13.922L14.2658 14.2658L12.7189 13.4064L10.6054 14.3818C10.4994 14.2451 10.3327 14.157 10.1452 14.157H6.76329C6.4431 14.157 6.18354 14.414 6.18354 14.731C6.18354 15.0479 6.4431 15.3049 6.76329 15.3049H10.1452C10.2478 15.3049 10.3441 15.2785 10.4277 15.2322L10.3126 16.8439L13.2345 20.2793H1.54601C0.69217 20.2793 0 19.5941 0 18.7488V1.53052ZM6.18354 5.5483C6.18354 5.23132 6.4431 4.97436 6.76329 4.97436H12.3676C12.6878 4.97436 12.9473 5.23132 12.9473 5.5483C12.9473 5.86528 12.6878 6.12224 12.3676 6.12224H6.76329C6.4431 6.12224 6.18354 5.86528 6.18354 5.5483ZM6.76329 11.0961C6.4431 11.0961 6.18354 11.3531 6.18354 11.6701C6.18354 11.987 6.4431 12.244 6.76329 12.244H12.3676C12.6878 12.244 12.9473 11.987 12.9473 11.6701C12.9473 11.3531 12.6878 11.0961 12.3676 11.0961H6.76329ZM6.18354 8.60985C6.18354 8.29287 6.4431 8.03591 6.76329 8.03591H12.3676C12.6878 8.03591 12.9473 8.29287 12.9473 8.60985C12.9473 8.92684 12.6878 9.1838 12.3676 9.1838H6.76329C6.4431 9.1838 6.18354 8.92684 6.18354 8.60985ZM3.67118 5.5483C3.67118 5.23132 3.93075 4.97436 4.25093 4.97436H4.63743C4.95762 4.97436 5.21719 5.23132 5.21719 5.5483C5.21719 5.86528 4.95762 6.12224 4.63743 6.12224H4.25093C3.93075 6.12224 3.67118 5.86528 3.67118 5.5483ZM4.25093 11.0961C3.93075 11.0961 3.67118 11.3531 3.67118 11.6701C3.67118 11.987 3.93075 12.244 4.25093 12.244H4.63743C4.95762 12.244 5.21719 11.987 5.21719 11.6701C5.21719 11.3531 4.95762 11.0961 4.63743 11.0961H4.25093ZM3.67118 8.60985C3.67118 8.29287 3.93075 8.03591 4.25093 8.03591H4.63743C4.95762 8.03591 5.21719 8.29287 5.21719 8.60985C5.21719 8.92684 4.95762 9.1838 4.63743 9.1838H4.25093C3.93075 9.1838 3.67118 8.92684 3.67118 8.60985ZM4.25093 14.157C3.93075 14.157 3.67118 14.414 3.67118 14.731C3.67118 15.0479 3.93075 15.3049 4.25093 15.3049H4.63743C4.95762 15.3049 5.21719 15.0479 5.21719 14.731C5.21719 14.414 4.95762 14.157 4.63743 14.157H4.25093Z" fill="#EB0203"></path>
                    <path fill-rule="evenodd" clip-rule="evenodd" d="M14.6252 13.6363C13.4918 12.6215 11.7817 12.5264 10.6569 13.4792C9.12421 14.7764 9.34841 16.8912 10.4409 18.0122L14.0159 21.6742C14.2197 21.8832 14.4928 22 14.7822 22C15.0737 22 15.3448 21.8852 15.5486 21.6762L19.1236 18.0142C20.214 16.8933 20.4423 14.7785 18.9075 13.4792C17.7827 12.5283 16.0724 12.6217 14.9391 13.6365C14.8855 13.6845 14.8331 13.7345 14.7822 13.7866C14.7313 13.7345 14.6789 13.6843 14.6252 13.6363ZM18.1546 14.3522C19.0973 15.1508 18.9962 16.4896 18.2891 17.2173C18.2888 17.2175 18.2886 17.2177 18.2884 17.218L14.7832 20.8084L11.2753 17.2151C11.2752 17.215 11.2751 17.2149 11.2749 17.2148C10.5677 16.4887 10.4678 15.1495 11.4104 14.3518L11.4108 14.3514C12.0745 13.7892 13.2018 13.82 13.9488 14.5846L14.7822 15.4378L15.6157 14.5846C16.3617 13.8211 17.4896 13.79 18.1545 14.3521" fill="#EB0203"></path>
                    </svg>
                    <svg class="inactive-content" width="100%" height="100%" viewBox="0 0 20 23" fill="none" xmlns="http://www.w3.org/2000/svg">
                    <path fill-rule="evenodd" clip-rule="evenodd" d="M6.18408 5.77914C6.18408 5.46223 6.44363 5.20532 6.7638 5.20532H12.3678C12.6879 5.20532 12.9475 5.46223 12.9475 5.77914C12.9475 6.09606 12.6879 6.35297 12.3678 6.35297H6.7638C6.44363 6.35297 6.18408 6.09606 6.18408 5.77914Z" fill="#EB0203"></path>
                    <path fill-rule="evenodd" clip-rule="evenodd" d="M6.18408 11.9034C6.18408 11.5865 6.44363 11.3296 6.7638 11.3296H12.3678C12.6879 11.3296 12.9475 11.5865 12.9475 11.9034C12.9475 12.2202 12.6879 12.4771 12.3678 12.4771H6.7638C6.44363 12.4771 6.18408 12.2202 6.18408 11.9034Z" fill="#EB0203"></path>
                    <path fill-rule="evenodd" clip-rule="evenodd" d="M6.18408 8.84116C6.18408 8.52424 6.44363 8.26733 6.7638 8.26733H12.3678C12.6879 8.26733 12.9475 8.52424 12.9475 8.84116C12.9475 9.15807 12.6879 9.41498 12.3678 9.41498H6.7638C6.44363 9.41498 6.18408 9.15807 6.18408 8.84116Z" fill="#EB0203"></path>
                    <path fill-rule="evenodd" clip-rule="evenodd" d="M6.18408 14.9655C6.18408 14.6486 6.44363 14.3917 6.7638 14.3917H10.1455C10.4657 14.3917 10.7252 14.6486 10.7252 14.9655C10.7252 15.2825 10.4657 15.5394 10.1455 15.5394H6.7638C6.44363 15.5394 6.18408 15.2825 6.18408 14.9655Z" fill="#EB0203"></path>
                    <path fill-rule="evenodd" clip-rule="evenodd" d="M3.67139 5.77914C3.67139 5.46223 3.93094 5.20532 4.25111 5.20532H4.63759C4.95776 5.20532 5.21731 5.46223 5.21731 5.77914C5.21731 6.09606 4.95776 6.35297 4.63759 6.35297H4.25111C3.93094 6.35297 3.67139 6.09606 3.67139 5.77914Z" fill="#EB0203"></path>
                    <path fill-rule="evenodd" clip-rule="evenodd" d="M3.67139 11.9034C3.67139 11.5865 3.93094 11.3296 4.25111 11.3296H4.63759C4.95776 11.3296 5.21731 11.5865 5.21731 11.9034C5.21731 12.2202 4.95776 12.4771 4.63759 12.4771H4.25111C3.93094 12.4771 3.67139 12.2202 3.67139 11.9034Z" fill="#EB0203"></path>
                    <path fill-rule="evenodd" clip-rule="evenodd" d="M3.67139 8.84116C3.67139 8.52424 3.93094 8.26733 4.25111 8.26733H4.63759C4.95776 8.26733 5.21731 8.52424 5.21731 8.84116C5.21731 9.15807 4.95776 9.41498 4.63759 9.41498H4.25111C3.93094 9.41498 3.67139 9.15807 3.67139 8.84116Z" fill="#EB0203"></path>
                    <path fill-rule="evenodd" clip-rule="evenodd" d="M3.67139 14.9655C3.67139 14.6486 3.93094 14.3917 4.25111 14.3917H4.63759C4.95776 14.3917 5.21731 14.6486 5.21731 14.9655C5.21731 15.2825 4.95776 15.5394 4.63759 15.5394H4.25111C3.93094 15.5394 3.67139 15.2825 3.67139 14.9655Z" fill="#EB0203"></path>
                    <path fill-rule="evenodd" clip-rule="evenodd" d="M0 1.76033C0 0.914738 0.692131 0.229248 1.54592 0.229248H15.0727C15.9265 0.229248 16.6186 0.914738 16.6186 1.76033V11.2818C16.6186 11.5989 16.3591 11.8559 16.0389 11.8559C15.7187 11.8559 15.4592 11.5989 15.4592 11.2818V1.76033C15.4592 1.54893 15.2862 1.37756 15.0727 1.37756H1.54592C1.33247 1.37756 1.15944 1.54893 1.15944 1.76033V18.985C1.15944 19.1964 1.33247 19.3678 1.54592 19.3678H9.27551C9.59568 19.3678 9.85523 19.6249 9.85523 19.942C9.85523 20.2591 9.59568 20.5161 9.27551 20.5161H1.54592C0.692131 20.5161 0 19.8306 0 18.985V1.76033Z" fill="#EB0203"></path>
                    <path fill-rule="evenodd" clip-rule="evenodd" d="M14.6254 13.8718C13.4921 12.8567 11.7821 12.7615 10.6574 13.7147C9.12472 15.0124 9.34891 17.128 10.4413 18.2493L14.0161 21.9126C14.2199 22.1217 14.493 22.2386 14.7824 22.2386C15.0739 22.2386 15.3449 22.1238 15.5487 21.9147L19.1235 18.2514C20.2139 17.13 20.4422 15.0144 18.9075 13.7147C17.7827 12.7634 16.0726 12.8569 14.9392 13.872C14.8856 13.92 14.8333 13.9701 14.7824 14.0222C14.7314 13.97 14.6791 13.9199 14.6254 13.8718ZM18.1546 14.588C19.0972 15.3869 18.9961 16.7262 18.2891 17.4541C18.2888 17.4543 18.2886 17.4546 18.2884 17.4548L14.7834 21.0466L11.2757 17.452C11.2756 17.4519 11.2755 17.4517 11.2753 17.4516C10.5681 16.7252 10.4682 15.3856 11.4108 14.5876L11.4112 14.5872C12.0748 14.0248 13.202 14.0556 13.949 14.8205L14.7824 15.674L15.6158 14.8205C16.3618 14.0567 17.4896 14.0256 18.1545 14.5879" fill="#EB0203"></path>
                    </svg>
                    </button>
                    </div>
                    <div class="col-sm-10 col-12">
                    <div class="ct-tile-quantity d-none" data-pid="4422019">
                    <input type="hidden" class="add-to-cart-url" value="https://www.continente.pt/on/demandware.store/Sites-continente-Site/default/Cart-AddProduct">
                    <div class="d-none tile-delete-confirmation-btn" data-pid="4422019" data-delay-time="3000" data-in-cart-msg="no carrinho" data-one-product-added="Adicionado ao carrinho" data-remove-from-cart-msg="Removido do carrinho" data-stay-open="6000.0" data-confirmation-image="{&quot;url&quot;:&quot;https://www.continente.pt/dw/image/v2/BDVS_PRD/on/demandware.static/-/Sites-col-master-catalog/default/dw4d63b31a/images/col/442/4422019-frente.jpg?sw=87&amp;sh=80&quot;,&quot;fallbackimage&quot;:{&quot;url&quot;:&quot;https://www.continente.pt/dw/image/v2/BDVS_PRD/on/demandware.static/Sites-continente-Site/-/default/dw7c42b4da/images/noimagelarge_product.png?sw=87&amp;sh=80&quot;,&quot;title&quot;:&quot;Leite Meio Gordo sem Lactose&quot;,&quot;alt&quot;:&quot;Leite Meio Gordo sem Lactose&quot;},&quot;title&quot;:&quot;Leite Meio Gordo sem Lactose&quot;,&quot;alt&quot;:&quot;Leite Meio Gordo sem Lactose&quot;}"></div>
                    <div class="ct-tile-quantity-update quantity-update product-qty-vue" data-remove-action="https://www.continente.pt/on/demandware.store/Sites-continente-Site/default/Cart-RemoveProductLineItem" data-action="https://www.continente.pt/on/demandware.store/Sites-continente-Site/default/Cart-UpdateQuantity" data-dimension-update="https://www.continente.pt/on/demandware.store/Sites-continente-Site/default/Cart-DimensionUpdate" data-pid="4422019" data-uuid="d6e933de9fde585f9a61f63d59" data-add-delay="500.0" data-measure-options="{&quot;hasConversionRate&quot;:false,&quot;hasAlternativeSaleUnit&quot;:false,&quot;unitConversionRate&quot;:0,&quot;minOrderQuantity&quot;:1,&quot;stepQuantity&quot;:1,&quot;primaryunit&quot;:&quot;un&quot;,&quot;secondaryunit&quot;:&quot;lt&quot;,&quot;selectedunit&quot;:&quot;primary&quot;,&quot;maxNumberOfUnitsPerSale&quot;:54}" data-price-available="null" :data-has-error="isMaxQtyReached || isMinQtyReached || qtySelectedMoreThanOne">
                    <template v-show="prodUnits">
                    <div class="quantity-input-wrapper has-units">
                    <label class="visually-hidden" :for="'quantity-' + pid + additionalTag">
                    Quantidade no carrinho
                    </label>
                    <input :ref="'quantityInput-' + pid + additionalTag" class="add-to-cart-quantity form-control ct-form-input text-center" inputmode="numeric" :class="{'is-invalid': isInvalid}" :data-pid="pid + additionalTag" :name="'quantity-' + pid + additionalTag" type="text" aria-label="Insira a quantidade" title="" v-model="displayValue" @change="updateQuantity" @focus="updateQtyFormat" @blur="restoreQtyFormat" :disabled="!isPriceAvailable">
                    <span class="quantity-icon quantity-icon--minus">
                    <button class="decrease-quantity-btn" @click="updateQuantity" :disabled="!isPriceAvailable" role="button" aria-label="Reduzir quantidade">
                    <i class="css-math-minus"></i>
                    </button>
                    </span>
                    <span class="quantity-icon quantity-icon--plus">
                    <button class="increase-quantity-btn" @click="updateQuantity" :disabled="isMaxQtyReached || !isPriceAvailable" role="button" aria-label="Aumentar quantidade">
                    <i class="css-math-plus"></i>
                    </button>
                    <span class="quantity-btn-disabled-placeholder"></span>
                    </span>
                    <template v-if="isPDP">
                    <span class="quantity-error ct-span-error text-sm-center product-max-allocation" v-if="isMaxQtyReached">
                    Quantidade máxima atingida
                    </span>
                    <span class="quantity-error ct-span-product text-sm-center product-allocation" v-if="!isMinQtyReached &amp;&amp; !isMaxQtyReached">
                    {{quantitySelected}} no carrinho
                    </span>
                    <span class="quantity-error ct-span-error text-sm-center product-min-allocation" :data-pid="pid" v-if="isMinQtyReached &amp;&amp; !isMaxQtyReached">
                    Quantidade mínima atingida
                    </span>
                    </template>
                    </div>
                    <template v-if="showNotes">
                    <div class="add-note-link-container ">
                    <div class="add-note">
                    <a href="/produto/leite-meio-gordo-sem-lactose-mimosa-4422019.html?showNote=true" class="ct-add-note-redirect-pdp" aria-label="Adicionar comentário">
                    <span class="svg-wrapper svg-icon-notes" style="width:19px; height:20px">
                    <svg class="svg-inline icon-notes" viewBox="0 0 28 30" xmlns="http://www.w3.org/2000/svg" width="100%" height="100%"><path d="M21.738 0C22.985 0 24 1.04 24 2.319V12.47c0 .469-.37.848-.828.848-.457 0-.827-.38-.827-.848V2.32c0-.343-.273-.622-.607-.622H2.262c-.334 0-.607.279-.607.622V27.68c0 .343.273.622.607.622h7.81c.457 0 .827.38.827.849 0 .468-.37.848-.827.848h-7.81C1.015 30 0 28.96 0 27.681V2.32C0 1.04 1.015 0 2.262 0h19.476zm2.844 16.004l.227.007c.823.053 1.589.39 2.176.964.64.627.993 1.46.993 2.349 0 .888-.353 1.722-.993 2.348l-6.83 6.665c-.11.108-.247.186-.397.226l-5.032 1.363c-.078.021-.16.032-.241.032-.242 0-.478-.097-.647-.266-.23-.231-.314-.566-.218-.874l1.49-4.798c.044-.139.122-.266.227-.369l6.844-6.677c.64-.625 1.493-.97 2.401-.97zm-2.886 3.94l-4.922 4.802-.947 3.048 3.22-.872 4.897-4.78-2.248-2.197zm2.887-2.174c-.425 0-.824.162-1.124.455l-.484.472 2.248 2.197.484-.472c.62-.606.62-1.591 0-2.197l-.117-.104c-.283-.227-.636-.35-1.007-.35zm-10.839.022c.498 0 .904.396.904.883 0 .488-.406.884-.904.884H5.946c-.499 0-.904-.396-.904-.884 0-.487.405-.883.904-.883zm5.042-4.876c.498 0 .904.397.904.884s-.406.884-.904.884H5.946c-.499 0-.904-.397-.904-.884s.405-.884.904-.884zm0-4.875c.498 0 .904.396.904.884 0 .487-.406.883-.904.883H5.946c-.499 0-.904-.396-.904-.883 0-.488.405-.884.904-.884z" fill="#EB0203" fill-rule="evenodd"></path></svg>
                    </span>
                    <div class="available-note d-none"></div>
                    </a>
                    </div>
                    </div>
                    </template>
                    <div class="measurement-unit-section" v-if="isPriceAvailable &amp;&amp; prodUnits ? prodUnits.hasAlternativeUnit : false">
                    <div class="ct-form-radio" @click="setDimension">
                    <input type="radio" title="" class="ct-form-check-input product-measurement-unit" :data-type="prodUnits.selectedUnit == prodUnits.secondaryUnit ? 'primary' : ''" :id="prodUnits.secondaryUnit + '-' + pid + '-measurement-unit-ptile' + additionalTag" :name="'measurement-unit-' + pid + '-ptile' + additionalTag" :value="prodUnits.secondaryUnit" v-model="prodUnits.selectedUnit">
                    <label :class="prodUnits.secondaryUnit + '-label ct-form-check-label mb-0'" :for="prodUnits.secondaryUnit + '-' + pid + '-measurement-unit-ptile' + additionalTag">
                    {{prodUnits.secondaryUnit}}
                    </label>
                    <span class="checkmark"></span>
                    </div>
                    <div class="ct-form-radio" @click="setDimension">
                    <input type="radio" title="" class="ct-form-check-input product-measurement-unit" :data-type="prodUnits.selectedUnit == prodUnits.primaryUnit ? 'primary' : ''" :id="prodUnits.primaryUnit + '-' + pid + '-measurement-unit-ptile' + additionalTag" :name="'measurement-unit-' + pid + '-ptile' + additionalTag" :value="prodUnits.primaryUnit" v-model="prodUnits.selectedUnit">
                    <label :class="prodUnits.primaryUnit + '-label ct-form-check-label mb-0'" :for="prodUnits.primaryUnit + '-' + pid + '-measurement-unit-ptile' + additionalTag">
                    {{prodUnits.primaryUnit}}
                    </label>
                    <span class="checkmark"></span>
                    </div>
                    </div>
                    <template v-if="!isPDP &amp;&amp; isPriceAvailable">
                    <span class="quantity-error ct-span-error product-max-allocation" v-if="isMaxQtyReached">
                    Quantidade máxima atingida
                    </span>
                    <span class="quantity-error ct-span-product product-allocation" v-if="!isMinQtyReached &amp;&amp; !isMaxQtyReached">
                    {{quantitySelected}} no carrinho
                    </span>
                    <span class="quantity-error ct-span-error product-min-allocation" :data-pid="pid" v-if="isMinQtyReached &amp;&amp; !isMaxQtyReached">
                    Quantidade mínima atingida
                    </span>
                    </template>
                    </template>
                    </div>
                    <input class="quantity-value-mask d-none" name="quantity" type="number" min="0" value="">
                    </div>
                    <button type="button" class="add-to-cart button js-add-to-cart js-add-to-cart-tile 4422019 button--primary dynamic-layout-btn" data-toggle="modal" data-target="#chooseBonusProductModal" data-pid="4422019" data-quantity-value="null" aria-label="Carrinho">
                    <span class="d-block d-sm-none">
                    <span class="svg-wrapper svg-icon-cart" style="width:20px; height:20px">
                    <svg class="svg-inline icon-cart" xmlns="http://www.w3.org/2000/svg" viewBox="0 0 500 500" width="100%" height="100%"><path fill="#EB0203" fill-rule="evenodd" d="M 485.67317,94.386311 C 476.37798,83.847129 463.09468,78.03348 448.30404,78.03348 H 90.690813 L 87.079511,51.327997 C 83.185582,22.539551 62.962285,0 41.011841,0 H 14.727836 C 6.563151,0 0,6.5286975 0,14.580758 c 0,8.05206 6.5945535,14.580758 14.727836,14.580758 h 26.284005 c 4.710398,0 14.696435,9.855222 16.894619,26.021523 L 100.01739,368.0631 c 1.88416,13.77244 9.01256,26.70549 20.1605,36.37417 8.25889,7.15046 18.02511,11.9071 28.26237,13.89679 -4.17655,7.58572 -6.53175,16.25957 -6.53175,25.493 0,29.53459 24.27424,53.59751 54.13815,53.59751 29.8325,0 54.13814,-24.03184 54.13814,-53.59751 0,-8.79818 -2.19818,-17.09897 -5.9979,-24.43598 h 77.12488 c -3.79973,7.33701 -5.96652,15.6378 -5.96652,24.43598 0,29.53459 24.27424,53.59751 54.13817,53.59751 29.83249,0 54.13814,-24.03184 54.13814,-53.59751 0,-8.79818 -2.1982,-17.09897 -5.9979,-24.43598 h 38.56243 c 8.13328,0 14.72783,-6.5287 14.72783,-14.61183 0,-8.02098 -6.59455,-14.54967 -14.72783,-14.54967 H 159.24277 c -14.38241,0 -28.13677,-11.90711 -30.02092,-26.02153 l -3.07746,-22.88154 h 290.6314 c 14.03698,0 27.94834,-5.28513 39.06488,-14.95381 11.11652,-9.6376 18.27632,-22.57065 20.16048,-36.37417 l 21.10259,-156.78201 c 1.94694,-14.51858 -2.10398,-28.29103 -11.43057,-38.861299 z M 220.76053,443.82706 c 0,13.49265 -11.08513,24.46709 -24.68247,24.46709 -13.62874,0 -24.71387,-10.97444 -24.71387,-24.46709 0,-13.49262 11.08513,-24.43598 24.71387,-24.43598 13.59734,0 24.68247,10.94336 24.68247,24.43598 z m 173.43675,0 c 0,13.49265 -11.08512,24.46709 -24.68245,24.46709 -13.62876,0 -24.71388,-10.97444 -24.71388,-24.46709 0,-13.49262 11.08512,-24.43598 24.71388,-24.43598 13.59733,0 24.68245,10.94336 24.68245,24.43598 z m 73.7648,-314.46558 -21.13397,156.782 c -1.88416,14.11442 -15.63851,26.05261 -30.02091,26.05261 H 122.25046 L 94.616142,107.19499 H 448.33544 c 6.18632,0 11.61896,2.2695 15.23028,6.37326 3.64269,4.13484 5.21283,9.73086 4.39636,15.79323 z"></path></svg>
                    </span>
                    </span>
                    <span class="add-to-cart--text d-none d-sm-block">Carrinho</span>
                    </button>
                    </div>
                    </div>
                    </div>
                    </div>
                    
                    <div class="col-12 d-sm-none">
                    </div>
                    </div>
                    </div>
                    </div>
                    </div>
                    <div class="col-12 col-sm-3 col-lg-2 productTile" data-idx="32">
                    
                    <script type="text/javascript">//<!--
                    /* <![CDATA[ */
                    (function(){
                    try {
                        if(window.CQuotient) {
                        var cq_params = {};
                        
                        cq_params.cookieId = window.CQuotient.getCQCookieId();
                        cq_params.userId = window.CQuotient.getCQUserId();
                        cq_params.emailId = CQuotient.getCQHashedEmail();
                        cq_params.loginId = CQuotient.getCQHashedLogin();
                        cq_params.accumulate = true;
                        cq_params.products = [{
                            id: '6903601',
                            sku: ''
                        }];
                        cq_params.categoryId = 'laticinios';
                        cq_params.refinements = '[{\"name\":\"priceMin\",\"value\":\"0.01\"},{\"name\":\"priceMax\",\"value\":\"null\"},{\"name\":\"curr\",\"value\":\"EUR\"},{\"name\":\"Category\",\"value\":\"laticinios\"}]';
                        cq_params.personalized = 'false';
                        cq_params.sortingRule = 'FOOD-Laticinios';
                        cq_params.imageUUID = '__UNDEFINED__';
                        cq_params.realm = "BDVS";
                        cq_params.siteId = "continente";
                        cq_params.instanceType = "prd";
                        cq_params.queryLocale = "default";
                        cq_params.locale = window.CQuotient.locale;
                        
                        if(window.CQuotient.sendActivity)
                            window.CQuotient.sendActivity(CQuotient.clientId, 'viewCategory', cq_params);
                        else
                            window.CQuotient.activities.push({
                                activityType: 'viewCategory',
                                parameters: cq_params
                            });
                      }
                    } catch(err) {}
                    })();
                    /* ]]> */
                    // -->
                    </script>
                    <script type="text/javascript">//<!--
                    /* <![CDATA[ (viewCategoryProduct-active_data.js) */
                    (function(){
                    try {
                        if (dw.ac) {
                            var search_params = {};
                            search_params.persd = 'false';
                            search_params.refs = '[{\"name\":\"priceMin\",\"value\":\"0.01\"},{\"name\":\"priceMax\",\"value\":\"null\"},{\"name\":\"curr\",\"value\":\"EUR\"},{\"name\":\"Category\",\"value\":\"laticinios\"}]';
                            search_params.sort = 'FOOD-Laticinios';
                            search_params.imageUUID = '';
                            search_params.searchID = 'ff60679a-0a42-4d90-af85-afdcdfaee427';
                            search_params.locale = 'default';
                            search_params.queryLocale = 'default';
                            search_params.showProducts = 'true';
                            dw.ac.applyContext({category: "laticinios", searchData: search_params});
                            if (typeof dw.ac._scheduleDataSubmission === "function") {
                                dw.ac._scheduleDataSubmission();
                            }
                        }
                    } catch(err) {}
                    })();
                    /* ]]> */
                    // -->
                    </script>
                    <script type="text/javascript">//<!--
                    /* <![CDATA[ (viewProduct-active_data.js) */
                    dw.ac._capture({id: "6903601", type: "searchhit"});
                    /* ]]> */
                    // -->
                    </script>
                    <div class="product" data-pid="6903601">
                    <div class="product-tile pid-6903601 ct-product-tile data-layer-pushed" data-delay-time="3000" data-variants-mapping="[]" data-in-cart-msg="no carrinho" data-one-product-added="Adicionado ao carrinho" data-remove-from-cart-msg="Removido do carrinho" data-stay-open="6000.0" data-product-tile-impression="{&quot;name&quot;:&quot;6903601&quot;,&quot;id&quot;:&quot;6903601&quot;,&quot;price&quot;:1.89,&quot;brand&quot;:&quot;Continente&quot;,&quot;category&quot;:[{&quot;category_level_1&quot;:&quot;Laticínios e Ovos&quot;},{&quot;category_level_2&quot;:&quot;Ovos&quot;}],&quot;variant&quot;:&quot;&quot;}">
                    <div class="ct-inner-tile-wrap row no-gutters justify-content-center align-content-start">
                    
                    <div class="ct-image-container col-4 col-sm" data-confirmation-image="{&quot;url&quot;:&quot;https://www.continente.pt/dw/image/v2/BDVS_PRD/on/demandware.static/-/Sites-col-master-catalog/default/dwb5c4ed57/images/col/690/6903601-direito.jpg?sw=87&amp;sh=80&quot;,&quot;fallbackimage&quot;:{&quot;url&quot;:&quot;https://www.continente.pt/dw/image/v2/BDVS_PRD/on/demandware.static/Sites-continente-Site/-/default/dw7c42b4da/images/noimagelarge_product.png?sw=87&amp;sh=80&quot;,&quot;title&quot;:&quot;Ovos de Solo Classe XL&quot;,&quot;alt&quot;:&quot;Ovos de Solo Classe XL&quot;},&quot;title&quot;:&quot;Ovos de Solo Classe XL&quot;,&quot;alt&quot;:&quot;Ovos de Solo Classe XL&quot;}">
                    <a href="https://www.continente.pt/produto/ovos-de-solo-classe-xl-continente-6903601.html?cgid=laticinios">
                    <picture class="intrinsic intrinsic--square">
                    <img class="ct-tile-image lazyloaded" loading="lazy" onerror="this.onerror=null;this.src='/on/demandware.static/Sites-continente-Site/-/default/dw7c42b4da/images/noimagelarge_product.png';" data-src="https://www.continente.pt/dw/image/v2/BDVS_PRD/on/demandware.static/-/Sites-col-master-catalog/default/dwb5c4ed57/images/col/690/6903601-direito.jpg?sw=280&amp;sh=280" alt="Ovos de Solo Classe XL" title="Ovos de Solo Classe XL" src="https://www.continente.pt/dw/image/v2/BDVS_PRD/on/demandware.static/-/Sites-col-master-catalog/default/dwb5c4ed57/images/col/690/6903601-direito.jpg?sw=280&amp;sh=280">
                    </picture>
                    </a>
                    <div class=" ct-product-tile-badge ct-product-tile-badge--general">
                    <img class="img-fluid ct-tooltip-trigger lazyloaded" loading="lazy" data-src="https://www.continente.pt/dw/image/v2/BDVS_PRD/on/demandware.static/-/Sites-continente-Library/default/dw62d4c957/images/badges/general/col/madein.png?sw=25&amp;sh=25" alt="Crachá do produto" title="" data-toggle="tooltip" data-placement="right" data-original-title="Produzido em Portugal" src="https://www.continente.pt/dw/image/v2/BDVS_PRD/on/demandware.static/-/Sites-continente-Library/default/dw62d4c957/images/badges/general/col/madein.png?sw=25&amp;sh=25">
                    </div>
                    <div class="color-swatches d-flex" style="margin-left: 5px;">
                    <div class="swatches d-flex">
                    </div>
                    </div>
                    </div>
                    <div class="ct-tile-body col col-sm-auto ">
                    <div class="ct-pdp-details">
                    <div class="ct-pdp-link">
                    <a class="ct-tile--description" href="https://www.continente.pt/produto/ovos-de-solo-classe-xl-continente-6903601.html?cgid=laticinios">Ovos de Solo Classe XL</a>
                    <div class="ct-tile--favorite-top d-sm-none">
                    <button class="wishlist-toggler guest-mode inactive button button--tertiary" data-pid="6903601" data-add-url="https://www.continente.pt/on/demandware.store/Sites-continente-Site/default/Wishlist-AddProduct?pid=6903601" data-toggle="tooltip" aria-label="Adicionar aos favoritos " data-original-title="Adicionar aos favoritos" data-placement="top">
                    <svg class="active-content" width="100%" height="100%" viewBox="0 0 20 22" fill="none" xmlns="http://www.w3.org/2000/svg">
                    <path fill-rule="evenodd" clip-rule="evenodd" d="M0 1.53052C0 0.685236 0.692171 0 1.54601 0H15.0736C15.9274 0 16.6196 0.685235 16.6196 1.53052V13.4064L15.8127 13.922L14.2658 14.2658L12.7189 13.4064L10.6054 14.3818C10.4994 14.2451 10.3327 14.157 10.1452 14.157H6.76329C6.4431 14.157 6.18354 14.414 6.18354 14.731C6.18354 15.0479 6.4431 15.3049 6.76329 15.3049H10.1452C10.2478 15.3049 10.3441 15.2785 10.4277 15.2322L10.3126 16.8439L13.2345 20.2793H1.54601C0.69217 20.2793 0 19.5941 0 18.7488V1.53052ZM6.18354 5.5483C6.18354 5.23132 6.4431 4.97436 6.76329 4.97436H12.3676C12.6878 4.97436 12.9473 5.23132 12.9473 5.5483C12.9473 5.86528 12.6878 6.12224 12.3676 6.12224H6.76329C6.4431 6.12224 6.18354 5.86528 6.18354 5.5483ZM6.76329 11.0961C6.4431 11.0961 6.18354 11.3531 6.18354 11.6701C6.18354 11.987 6.4431 12.244 6.76329 12.244H12.3676C12.6878 12.244 12.9473 11.987 12.9473 11.6701C12.9473 11.3531 12.6878 11.0961 12.3676 11.0961H6.76329ZM6.18354 8.60985C6.18354 8.29287 6.4431 8.03591 6.76329 8.03591H12.3676C12.6878 8.03591 12.9473 8.29287 12.9473 8.60985C12.9473 8.92684 12.6878 9.1838 12.3676 9.1838H6.76329C6.4431 9.1838 6.18354 8.92684 6.18354 8.60985ZM3.67118 5.5483C3.67118 5.23132 3.93075 4.97436 4.25093 4.97436H4.63743C4.95762 4.97436 5.21719 5.23132 5.21719 5.5483C5.21719 5.86528 4.95762 6.12224 4.63743 6.12224H4.25093C3.93075 6.12224 3.67118 5.86528 3.67118 5.5483ZM4.25093 11.0961C3.93075 11.0961 3.67118 11.3531 3.67118 11.6701C3.67118 11.987 3.93075 12.244 4.25093 12.244H4.63743C4.95762 12.244 5.21719 11.987 5.21719 11.6701C5.21719 11.3531 4.95762 11.0961 4.63743 11.0961H4.25093ZM3.67118 8.60985C3.67118 8.29287 3.93075 8.03591 4.25093 8.03591H4.63743C4.95762 8.03591 5.21719 8.29287 5.21719 8.60985C5.21719 8.92684 4.95762 9.1838 4.63743 9.1838H4.25093C3.93075 9.1838 3.67118 8.92684 3.67118 8.60985ZM4.25093 14.157C3.93075 14.157 3.67118 14.414 3.67118 14.731C3.67118 15.0479 3.93075 15.3049 4.25093 15.3049H4.63743C4.95762 15.3049 5.21719 15.0479 5.21719 14.731C5.21719 14.414 4.95762 14.157 4.63743 14.157H4.25093Z" fill="#EB0203"></path>
                    <path fill-rule="evenodd" clip-rule="evenodd" d="M14.6252 13.6363C13.4918 12.6215 11.7817 12.5264 10.6569 13.4792C9.12421 14.7764 9.34841 16.8912 10.4409 18.0122L14.0159 21.6742C14.2197 21.8832 14.4928 22 14.7822 22C15.0737 22 15.3448 21.8852 15.5486 21.6762L19.1236 18.0142C20.214 16.8933 20.4423 14.7785 18.9075 13.4792C17.7827 12.5283 16.0724 12.6217 14.9391 13.6365C14.8855 13.6845 14.8331 13.7345 14.7822 13.7866C14.7313 13.7345 14.6789 13.6843 14.6252 13.6363ZM18.1546 14.3522C19.0973 15.1508 18.9962 16.4896 18.2891 17.2173C18.2888 17.2175 18.2886 17.2177 18.2884 17.218L14.7832 20.8084L11.2753 17.2151C11.2752 17.215 11.2751 17.2149 11.2749 17.2148C10.5677 16.4887 10.4678 15.1495 11.4104 14.3518L11.4108 14.3514C12.0745 13.7892 13.2018 13.82 13.9488 14.5846L14.7822 15.4378L15.6157 14.5846C16.3617 13.8211 17.4896 13.79 18.1545 14.3521" fill="#EB0203"></path>
                    </svg>
                    <svg class="inactive-content" width="100%" height="100%" viewBox="0 0 20 23" fill="none" xmlns="http://www.w3.org/2000/svg">
                    <path fill-rule="evenodd" clip-rule="evenodd" d="M6.18408 5.77914C6.18408 5.46223 6.44363 5.20532 6.7638 5.20532H12.3678C12.6879 5.20532 12.9475 5.46223 12.9475 5.77914C12.9475 6.09606 12.6879 6.35297 12.3678 6.35297H6.7638C6.44363 6.35297 6.18408 6.09606 6.18408 5.77914Z" fill="#EB0203"></path>
                    <path fill-rule="evenodd" clip-rule="evenodd" d="M6.18408 11.9034C6.18408 11.5865 6.44363 11.3296 6.7638 11.3296H12.3678C12.6879 11.3296 12.9475 11.5865 12.9475 11.9034C12.9475 12.2202 12.6879 12.4771 12.3678 12.4771H6.7638C6.44363 12.4771 6.18408 12.2202 6.18408 11.9034Z" fill="#EB0203"></path>
                    <path fill-rule="evenodd" clip-rule="evenodd" d="M6.18408 8.84116C6.18408 8.52424 6.44363 8.26733 6.7638 8.26733H12.3678C12.6879 8.26733 12.9475 8.52424 12.9475 8.84116C12.9475 9.15807 12.6879 9.41498 12.3678 9.41498H6.7638C6.44363 9.41498 6.18408 9.15807 6.18408 8.84116Z" fill="#EB0203"></path>
                    <path fill-rule="evenodd" clip-rule="evenodd" d="M6.18408 14.9655C6.18408 14.6486 6.44363 14.3917 6.7638 14.3917H10.1455C10.4657 14.3917 10.7252 14.6486 10.7252 14.9655C10.7252 15.2825 10.4657 15.5394 10.1455 15.5394H6.7638C6.44363 15.5394 6.18408 15.2825 6.18408 14.9655Z" fill="#EB0203"></path>
                    <path fill-rule="evenodd" clip-rule="evenodd" d="M3.67139 5.77914C3.67139 5.46223 3.93094 5.20532 4.25111 5.20532H4.63759C4.95776 5.20532 5.21731 5.46223 5.21731 5.77914C5.21731 6.09606 4.95776 6.35297 4.63759 6.35297H4.25111C3.93094 6.35297 3.67139 6.09606 3.67139 5.77914Z" fill="#EB0203"></path>
                    <path fill-rule="evenodd" clip-rule="evenodd" d="M3.67139 11.9034C3.67139 11.5865 3.93094 11.3296 4.25111 11.3296H4.63759C4.95776 11.3296 5.21731 11.5865 5.21731 11.9034C5.21731 12.2202 4.95776 12.4771 4.63759 12.4771H4.25111C3.93094 12.4771 3.67139 12.2202 3.67139 11.9034Z" fill="#EB0203"></path>
                    <path fill-rule="evenodd" clip-rule="evenodd" d="M3.67139 8.84116C3.67139 8.52424 3.93094 8.26733 4.25111 8.26733H4.63759C4.95776 8.26733 5.21731 8.52424 5.21731 8.84116C5.21731 9.15807 4.95776 9.41498 4.63759 9.41498H4.25111C3.93094 9.41498 3.67139 9.15807 3.67139 8.84116Z" fill="#EB0203"></path>
                    <path fill-rule="evenodd" clip-rule="evenodd" d="M3.67139 14.9655C3.67139 14.6486 3.93094 14.3917 4.25111 14.3917H4.63759C4.95776 14.3917 5.21731 14.6486 5.21731 14.9655C5.21731 15.2825 4.95776 15.5394 4.63759 15.5394H4.25111C3.93094 15.5394 3.67139 15.2825 3.67139 14.9655Z" fill="#EB0203"></path>
                    <path fill-rule="evenodd" clip-rule="evenodd" d="M0 1.76033C0 0.914738 0.692131 0.229248 1.54592 0.229248H15.0727C15.9265 0.229248 16.6186 0.914738 16.6186 1.76033V11.2818C16.6186 11.5989 16.3591 11.8559 16.0389 11.8559C15.7187 11.8559 15.4592 11.5989 15.4592 11.2818V1.76033C15.4592 1.54893 15.2862 1.37756 15.0727 1.37756H1.54592C1.33247 1.37756 1.15944 1.54893 1.15944 1.76033V18.985C1.15944 19.1964 1.33247 19.3678 1.54592 19.3678H9.27551C9.59568 19.3678 9.85523 19.6249 9.85523 19.942C9.85523 20.2591 9.59568 20.5161 9.27551 20.5161H1.54592C0.692131 20.5161 0 19.8306 0 18.985V1.76033Z" fill="#EB0203"></path>
                    <path fill-rule="evenodd" clip-rule="evenodd" d="M14.6254 13.8718C13.4921 12.8567 11.7821 12.7615 10.6574 13.7147C9.12472 15.0124 9.34891 17.128 10.4413 18.2493L14.0161 21.9126C14.2199 22.1217 14.493 22.2386 14.7824 22.2386C15.0739 22.2386 15.3449 22.1238 15.5487 21.9147L19.1235 18.2514C20.2139 17.13 20.4422 15.0144 18.9075 13.7147C17.7827 12.7634 16.0726 12.8569 14.9392 13.872C14.8856 13.92 14.8333 13.9701 14.7824 14.0222C14.7314 13.97 14.6791 13.9199 14.6254 13.8718ZM18.1546 14.588C19.0972 15.3869 18.9961 16.7262 18.2891 17.4541C18.2888 17.4543 18.2886 17.4546 18.2884 17.4548L14.7834 21.0466L11.2757 17.452C11.2756 17.4519 11.2755 17.4517 11.2753 17.4516C10.5681 16.7252 10.4682 15.3856 11.4108 14.5876L11.4112 14.5872C12.0748 14.0248 13.202 14.0556 13.949 14.8205L14.7824 15.674L15.6158 14.8205C16.3618 14.0567 17.4896 14.0256 18.1545 14.5879" fill="#EB0203"></path>
                    </svg>
                    </button>
                    </div>
                    </div>
                    <p class="ct-tile--brand">Continente</p>
                    <p class="ct-tile--quantity">emb. 6 un</p>
                    </div>
                    <div class="ct-tile-bottom row no-gutters justify-content-between">
                    <div class="ct-price-wrap col-8 col-sm-12">
                    <div class="price js-product-price">
                    <div class="prices-wrapper">
                    <span class="sales ct-tile--price-primary ">
                    <span class="value" content="1.89">
                    <span class="ct-price-formatted">
                    €1,89
                    </span>
                    <span class="ct-m-unit">
                    /un
                    </span>
                    </span>
                    </span>
                    </div>
                    <div class="ct-tile--price-secondary">
                    <span class="ct-price-value">
                    €3,78
                    </span>
                    <span class="ct-m-unit">
                    /doz
                    </span>
                    </div>
                    </div>
                    </div>
                    <div class="ct-tile-buy-section d-flex justify-content-center no-gutters col-auto col-sm-12">
                    <div class="col-2 d-sm-flex d-none">
                    <button class="wishlist-toggler guest-mode inactive button button--tertiary" data-pid="6903601" data-add-url="https://www.continente.pt/on/demandware.store/Sites-continente-Site/default/Wishlist-AddProduct?pid=6903601" data-toggle="tooltip" aria-label="Adicionar aos favoritos " data-original-title="Adicionar aos favoritos" data-placement="top">
                    <svg class="active-content" width="100%" height="100%" viewBox="0 0 20 22" fill="none" xmlns="http://www.w3.org/2000/svg">
                    <path fill-rule="evenodd" clip-rule="evenodd" d="M0 1.53052C0 0.685236 0.692171 0 1.54601 0H15.0736C15.9274 0 16.6196 0.685235 16.6196 1.53052V13.4064L15.8127 13.922L14.2658 14.2658L12.7189 13.4064L10.6054 14.3818C10.4994 14.2451 10.3327 14.157 10.1452 14.157H6.76329C6.4431 14.157 6.18354 14.414 6.18354 14.731C6.18354 15.0479 6.4431 15.3049 6.76329 15.3049H10.1452C10.2478 15.3049 10.3441 15.2785 10.4277 15.2322L10.3126 16.8439L13.2345 20.2793H1.54601C0.69217 20.2793 0 19.5941 0 18.7488V1.53052ZM6.18354 5.5483C6.18354 5.23132 6.4431 4.97436 6.76329 4.97436H12.3676C12.6878 4.97436 12.9473 5.23132 12.9473 5.5483C12.9473 5.86528 12.6878 6.12224 12.3676 6.12224H6.76329C6.4431 6.12224 6.18354 5.86528 6.18354 5.5483ZM6.76329 11.0961C6.4431 11.0961 6.18354 11.3531 6.18354 11.6701C6.18354 11.987 6.4431 12.244 6.76329 12.244H12.3676C12.6878 12.244 12.9473 11.987 12.9473 11.6701C12.9473 11.3531 12.6878 11.0961 12.3676 11.0961H6.76329ZM6.18354 8.60985C6.18354 8.29287 6.4431 8.03591 6.76329 8.03591H12.3676C12.6878 8.03591 12.9473 8.29287 12.9473 8.60985C12.9473 8.92684 12.6878 9.1838 12.3676 9.1838H6.76329C6.4431 9.1838 6.18354 8.92684 6.18354 8.60985ZM3.67118 5.5483C3.67118 5.23132 3.93075 4.97436 4.25093 4.97436H4.63743C4.95762 4.97436 5.21719 5.23132 5.21719 5.5483C5.21719 5.86528 4.95762 6.12224 4.63743 6.12224H4.25093C3.93075 6.12224 3.67118 5.86528 3.67118 5.5483ZM4.25093 11.0961C3.93075 11.0961 3.67118 11.3531 3.67118 11.6701C3.67118 11.987 3.93075 12.244 4.25093 12.244H4.63743C4.95762 12.244 5.21719 11.987 5.21719 11.6701C5.21719 11.3531 4.95762 11.0961 4.63743 11.0961H4.25093ZM3.67118 8.60985C3.67118 8.29287 3.93075 8.03591 4.25093 8.03591H4.63743C4.95762 8.03591 5.21719 8.29287 5.21719 8.60985C5.21719 8.92684 4.95762 9.1838 4.63743 9.1838H4.25093C3.93075 9.1838 3.67118 8.92684 3.67118 8.60985ZM4.25093 14.157C3.93075 14.157 3.67118 14.414 3.67118 14.731C3.67118 15.0479 3.93075 15.3049 4.25093 15.3049H4.63743C4.95762 15.3049 5.21719 15.0479 5.21719 14.731C5.21719 14.414 4.95762 14.157 4.63743 14.157H4.25093Z" fill="#EB0203"></path>
                    <path fill-rule="evenodd" clip-rule="evenodd" d="M14.6252 13.6363C13.4918 12.6215 11.7817 12.5264 10.6569 13.4792C9.12421 14.7764 9.34841 16.8912 10.4409 18.0122L14.0159 21.6742C14.2197 21.8832 14.4928 22 14.7822 22C15.0737 22 15.3448 21.8852 15.5486 21.6762L19.1236 18.0142C20.214 16.8933 20.4423 14.7785 18.9075 13.4792C17.7827 12.5283 16.0724 12.6217 14.9391 13.6365C14.8855 13.6845 14.8331 13.7345 14.7822 13.7866C14.7313 13.7345 14.6789 13.6843 14.6252 13.6363ZM18.1546 14.3522C19.0973 15.1508 18.9962 16.4896 18.2891 17.2173C18.2888 17.2175 18.2886 17.2177 18.2884 17.218L14.7832 20.8084L11.2753 17.2151C11.2752 17.215 11.2751 17.2149 11.2749 17.2148C10.5677 16.4887 10.4678 15.1495 11.4104 14.3518L11.4108 14.3514C12.0745 13.7892 13.2018 13.82 13.9488 14.5846L14.7822 15.4378L15.6157 14.5846C16.3617 13.8211 17.4896 13.79 18.1545 14.3521" fill="#EB0203"></path>
                    </svg>
                    <svg class="inactive-content" width="100%" height="100%" viewBox="0 0 20 23" fill="none" xmlns="http://www.w3.org/2000/svg">
                    <path fill-rule="evenodd" clip-rule="evenodd" d="M6.18408 5.77914C6.18408 5.46223 6.44363 5.20532 6.7638 5.20532H12.3678C12.6879 5.20532 12.9475 5.46223 12.9475 5.77914C12.9475 6.09606 12.6879 6.35297 12.3678 6.35297H6.7638C6.44363 6.35297 6.18408 6.09606 6.18408 5.77914Z" fill="#EB0203"></path>
                    <path fill-rule="evenodd" clip-rule="evenodd" d="M6.18408 11.9034C6.18408 11.5865 6.44363 11.3296 6.7638 11.3296H12.3678C12.6879 11.3296 12.9475 11.5865 12.9475 11.9034C12.9475 12.2202 12.6879 12.4771 12.3678 12.4771H6.7638C6.44363 12.4771 6.18408 12.2202 6.18408 11.9034Z" fill="#EB0203"></path>
                    <path fill-rule="evenodd" clip-rule="evenodd" d="M6.18408 8.84116C6.18408 8.52424 6.44363 8.26733 6.7638 8.26733H12.3678C12.6879 8.26733 12.9475 8.52424 12.9475 8.84116C12.9475 9.15807 12.6879 9.41498 12.3678 9.41498H6.7638C6.44363 9.41498 6.18408 9.15807 6.18408 8.84116Z" fill="#EB0203"></path>
                    <path fill-rule="evenodd" clip-rule="evenodd" d="M6.18408 14.9655C6.18408 14.6486 6.44363 14.3917 6.7638 14.3917H10.1455C10.4657 14.3917 10.7252 14.6486 10.7252 14.9655C10.7252 15.2825 10.4657 15.5394 10.1455 15.5394H6.7638C6.44363 15.5394 6.18408 15.2825 6.18408 14.9655Z" fill="#EB0203"></path>
                    <path fill-rule="evenodd" clip-rule="evenodd" d="M3.67139 5.77914C3.67139 5.46223 3.93094 5.20532 4.25111 5.20532H4.63759C4.95776 5.20532 5.21731 5.46223 5.21731 5.77914C5.21731 6.09606 4.95776 6.35297 4.63759 6.35297H4.25111C3.93094 6.35297 3.67139 6.09606 3.67139 5.77914Z" fill="#EB0203"></path>
                    <path fill-rule="evenodd" clip-rule="evenodd" d="M3.67139 11.9034C3.67139 11.5865 3.93094 11.3296 4.25111 11.3296H4.63759C4.95776 11.3296 5.21731 11.5865 5.21731 11.9034C5.21731 12.2202 4.95776 12.4771 4.63759 12.4771H4.25111C3.93094 12.4771 3.67139 12.2202 3.67139 11.9034Z" fill="#EB0203"></path>
                    <path fill-rule="evenodd" clip-rule="evenodd" d="M3.67139 8.84116C3.67139 8.52424 3.93094 8.26733 4.25111 8.26733H4.63759C4.95776 8.26733 5.21731 8.52424 5.21731 8.84116C5.21731 9.15807 4.95776 9.41498 4.63759 9.41498H4.25111C3.93094 9.41498 3.67139 9.15807 3.67139 8.84116Z" fill="#EB0203"></path>
                    <path fill-rule="evenodd" clip-rule="evenodd" d="M3.67139 14.9655C3.67139 14.6486 3.93094 14.3917 4.25111 14.3917H4.63759C4.95776 14.3917 5.21731 14.6486 5.21731 14.9655C5.21731 15.2825 4.95776 15.5394 4.63759 15.5394H4.25111C3.93094 15.5394 3.67139 15.2825 3.67139 14.9655Z" fill="#EB0203"></path>
                    <path fill-rule="evenodd" clip-rule="evenodd" d="M0 1.76033C0 0.914738 0.692131 0.229248 1.54592 0.229248H15.0727C15.9265 0.229248 16.6186 0.914738 16.6186 1.76033V11.2818C16.6186 11.5989 16.3591 11.8559 16.0389 11.8559C15.7187 11.8559 15.4592 11.5989 15.4592 11.2818V1.76033C15.4592 1.54893 15.2862 1.37756 15.0727 1.37756H1.54592C1.33247 1.37756 1.15944 1.54893 1.15944 1.76033V18.985C1.15944 19.1964 1.33247 19.3678 1.54592 19.3678H9.27551C9.59568 19.3678 9.85523 19.6249 9.85523 19.942C9.85523 20.2591 9.59568 20.5161 9.27551 20.5161H1.54592C0.692131 20.5161 0 19.8306 0 18.985V1.76033Z" fill="#EB0203"></path>
                    <path fill-rule="evenodd" clip-rule="evenodd" d="M14.6254 13.8718C13.4921 12.8567 11.7821 12.7615 10.6574 13.7147C9.12472 15.0124 9.34891 17.128 10.4413 18.2493L14.0161 21.9126C14.2199 22.1217 14.493 22.2386 14.7824 22.2386C15.0739 22.2386 15.3449 22.1238 15.5487 21.9147L19.1235 18.2514C20.2139 17.13 20.4422 15.0144 18.9075 13.7147C17.7827 12.7634 16.0726 12.8569 14.9392 13.872C14.8856 13.92 14.8333 13.9701 14.7824 14.0222C14.7314 13.97 14.6791 13.9199 14.6254 13.8718ZM18.1546 14.588C19.0972 15.3869 18.9961 16.7262 18.2891 17.4541C18.2888 17.4543 18.2886 17.4546 18.2884 17.4548L14.7834 21.0466L11.2757 17.452C11.2756 17.4519 11.2755 17.4517 11.2753 17.4516C10.5681 16.7252 10.4682 15.3856 11.4108 14.5876L11.4112 14.5872C12.0748 14.0248 13.202 14.0556 13.949 14.8205L14.7824 15.674L15.6158 14.8205C16.3618 14.0567 17.4896 14.0256 18.1545 14.5879" fill="#EB0203"></path>
                    </svg>
                    </button>
                    </div>
                    <div class="col-sm-10 col-12">
                    <div class="ct-tile-quantity d-none" data-pid="6903601">
                    <input type="hidden" class="add-to-cart-url" value="https://www.continente.pt/on/demandware.store/Sites-continente-Site/default/Cart-AddProduct">
                    <div class="d-none tile-delete-confirmation-btn" data-pid="6903601" data-delay-time="3000" data-in-cart-msg="no carrinho" data-one-product-added="Adicionado ao carrinho" data-remove-from-cart-msg="Removido do carrinho" data-stay-open="6000.0" data-confirmation-image="{&quot;url&quot;:&quot;https://www.continente.pt/dw/image/v2/BDVS_PRD/on/demandware.static/-/Sites-col-master-catalog/default/dwb5c4ed57/images/col/690/6903601-direito.jpg?sw=87&amp;sh=80&quot;,&quot;fallbackimage&quot;:{&quot;url&quot;:&quot;https://www.continente.pt/dw/image/v2/BDVS_PRD/on/demandware.static/Sites-continente-Site/-/default/dw7c42b4da/images/noimagelarge_product.png?sw=87&amp;sh=80&quot;,&quot;title&quot;:&quot;Ovos de Solo Classe XL&quot;,&quot;alt&quot;:&quot;Ovos de Solo Classe XL&quot;},&quot;title&quot;:&quot;Ovos de Solo Classe XL&quot;,&quot;alt&quot;:&quot;Ovos de Solo Classe XL&quot;}"></div>
                    <div class="ct-tile-quantity-update quantity-update product-qty-vue" data-remove-action="https://www.continente.pt/on/demandware.store/Sites-continente-Site/default/Cart-RemoveProductLineItem" data-action="https://www.continente.pt/on/demandware.store/Sites-continente-Site/default/Cart-UpdateQuantity" data-dimension-update="https://www.continente.pt/on/demandware.store/Sites-continente-Site/default/Cart-DimensionUpdate" data-pid="6903601" data-uuid="408afd0c0c50d8902f6d75afb4" data-add-delay="500.0" data-measure-options="{&quot;hasConversionRate&quot;:false,&quot;hasAlternativeSaleUnit&quot;:false,&quot;unitConversionRate&quot;:0,&quot;minOrderQuantity&quot;:1,&quot;stepQuantity&quot;:1,&quot;primaryunit&quot;:&quot;un&quot;,&quot;secondaryunit&quot;:&quot;doz&quot;,&quot;selectedunit&quot;:&quot;primary&quot;,&quot;maxNumberOfUnitsPerSale&quot;:50}" data-price-available="null" :data-has-error="isMaxQtyReached || isMinQtyReached || qtySelectedMoreThanOne">
                    <template v-show="prodUnits">
                    <div class="quantity-input-wrapper has-units">
                    <label class="visually-hidden" :for="'quantity-' + pid + additionalTag">
                    Quantidade no carrinho
                    </label>
                    <input :ref="'quantityInput-' + pid + additionalTag" class="add-to-cart-quantity form-control ct-form-input text-center" inputmode="numeric" :class="{'is-invalid': isInvalid}" :data-pid="pid + additionalTag" :name="'quantity-' + pid + additionalTag" type="text" aria-label="Insira a quantidade" title="" v-model="displayValue" @change="updateQuantity" @focus="updateQtyFormat" @blur="restoreQtyFormat" :disabled="!isPriceAvailable">
                    <span class="quantity-icon quantity-icon--minus">
                    <button class="decrease-quantity-btn" @click="updateQuantity" :disabled="!isPriceAvailable" role="button" aria-label="Reduzir quantidade">
                    <i class="css-math-minus"></i>
                    </button>
                    </span>
                    <span class="quantity-icon quantity-icon--plus">
                    <button class="increase-quantity-btn" @click="updateQuantity" :disabled="isMaxQtyReached || !isPriceAvailable" role="button" aria-label="Aumentar quantidade">
                    <i class="css-math-plus"></i>
                    </button>
                    <span class="quantity-btn-disabled-placeholder"></span>
                    </span>
                    <template v-if="isPDP">
                    <span class="quantity-error ct-span-error text-sm-center product-max-allocation" v-if="isMaxQtyReached">
                    Quantidade máxima atingida
                    </span>
                    <span class="quantity-error ct-span-product text-sm-center product-allocation" v-if="!isMinQtyReached &amp;&amp; !isMaxQtyReached">
                    {{quantitySelected}} no carrinho
                    </span>
                    <span class="quantity-error ct-span-error text-sm-center product-min-allocation" :data-pid="pid" v-if="isMinQtyReached &amp;&amp; !isMaxQtyReached">
                    Quantidade mínima atingida
                    </span>
                    </template>
                    </div>
                    <template v-if="showNotes">
                    <div class="add-note-link-container ">
                    <div class="add-note">
                    <a href="/produto/ovos-de-solo-classe-xl-continente-6903601.html?showNote=true" class="ct-add-note-redirect-pdp" aria-label="Adicionar comentário">
                    <span class="svg-wrapper svg-icon-notes" style="width:19px; height:20px">
                    <svg class="svg-inline icon-notes" viewBox="0 0 28 30" xmlns="http://www.w3.org/2000/svg" width="100%" height="100%"><path d="M21.738 0C22.985 0 24 1.04 24 2.319V12.47c0 .469-.37.848-.828.848-.457 0-.827-.38-.827-.848V2.32c0-.343-.273-.622-.607-.622H2.262c-.334 0-.607.279-.607.622V27.68c0 .343.273.622.607.622h7.81c.457 0 .827.38.827.849 0 .468-.37.848-.827.848h-7.81C1.015 30 0 28.96 0 27.681V2.32C0 1.04 1.015 0 2.262 0h19.476zm2.844 16.004l.227.007c.823.053 1.589.39 2.176.964.64.627.993 1.46.993 2.349 0 .888-.353 1.722-.993 2.348l-6.83 6.665c-.11.108-.247.186-.397.226l-5.032 1.363c-.078.021-.16.032-.241.032-.242 0-.478-.097-.647-.266-.23-.231-.314-.566-.218-.874l1.49-4.798c.044-.139.122-.266.227-.369l6.844-6.677c.64-.625 1.493-.97 2.401-.97zm-2.886 3.94l-4.922 4.802-.947 3.048 3.22-.872 4.897-4.78-2.248-2.197zm2.887-2.174c-.425 0-.824.162-1.124.455l-.484.472 2.248 2.197.484-.472c.62-.606.62-1.591 0-2.197l-.117-.104c-.283-.227-.636-.35-1.007-.35zm-10.839.022c.498 0 .904.396.904.883 0 .488-.406.884-.904.884H5.946c-.499 0-.904-.396-.904-.884 0-.487.405-.883.904-.883zm5.042-4.876c.498 0 .904.397.904.884s-.406.884-.904.884H5.946c-.499 0-.904-.397-.904-.884s.405-.884.904-.884zm0-4.875c.498 0 .904.396.904.884 0 .487-.406.883-.904.883H5.946c-.499 0-.904-.396-.904-.883 0-.488.405-.884.904-.884z" fill="#EB0203" fill-rule="evenodd"></path></svg>
                    </span>
                    <div class="available-note d-none"></div>
                    </a>
                    </div>
                    </div>
                    </template>
                    <div class="measurement-unit-section" v-if="isPriceAvailable &amp;&amp; prodUnits ? prodUnits.hasAlternativeUnit : false">
                    <div class="ct-form-radio" @click="setDimension">
                    <input type="radio" title="" class="ct-form-check-input product-measurement-unit" :data-type="prodUnits.selectedUnit == prodUnits.secondaryUnit ? 'primary' : ''" :id="prodUnits.secondaryUnit + '-' + pid + '-measurement-unit-ptile' + additionalTag" :name="'measurement-unit-' + pid + '-ptile' + additionalTag" :value="prodUnits.secondaryUnit" v-model="prodUnits.selectedUnit">
                    <label :class="prodUnits.secondaryUnit + '-label ct-form-check-label mb-0'" :for="prodUnits.secondaryUnit + '-' + pid + '-measurement-unit-ptile' + additionalTag">
                    {{prodUnits.secondaryUnit}}
                    </label>
                    <span class="checkmark"></span>
                    </div>
                    <div class="ct-form-radio" @click="setDimension">
                    <input type="radio" title="" class="ct-form-check-input product-measurement-unit" :data-type="prodUnits.selectedUnit == prodUnits.primaryUnit ? 'primary' : ''" :id="prodUnits.primaryUnit + '-' + pid + '-measurement-unit-ptile' + additionalTag" :name="'measurement-unit-' + pid + '-ptile' + additionalTag" :value="prodUnits.primaryUnit" v-model="prodUnits.selectedUnit">
                    <label :class="prodUnits.primaryUnit + '-label ct-form-check-label mb-0'" :for="prodUnits.primaryUnit + '-' + pid + '-measurement-unit-ptile' + additionalTag">
                    {{prodUnits.primaryUnit}}
                    </label>
                    <span class="checkmark"></span>
                    </div>
                    </div>
                    <template v-if="!isPDP &amp;&amp; isPriceAvailable">
                    <span class="quantity-error ct-span-error product-max-allocation" v-if="isMaxQtyReached">
                    Quantidade máxima atingida
                    </span>
                    <span class="quantity-error ct-span-product product-allocation" v-if="!isMinQtyReached &amp;&amp; !isMaxQtyReached">
                    {{quantitySelected}} no carrinho
                    </span>
                    <span class="quantity-error ct-span-error product-min-allocation" :data-pid="pid" v-if="isMinQtyReached &amp;&amp; !isMaxQtyReached">
                    Quantidade mínima atingida
                    </span>
                    </template>
                    </template>
                    </div>
                    <input class="quantity-value-mask d-none" name="quantity" type="number" min="0" value="">
                    </div>
                    <button type="button" class="add-to-cart button js-add-to-cart js-add-to-cart-tile 6903601 button--primary dynamic-layout-btn" data-toggle="modal" data-target="#chooseBonusProductModal" data-pid="6903601" data-quantity-value="null" aria-label="Carrinho">
                    <span class="d-block d-sm-none">
                    <span class="svg-wrapper svg-icon-cart" style="width:20px; height:20px">
                    <svg class="svg-inline icon-cart" xmlns="http://www.w3.org/2000/svg" viewBox="0 0 500 500" width="100%" height="100%"><path fill="#EB0203" fill-rule="evenodd" d="M 485.67317,94.386311 C 476.37798,83.847129 463.09468,78.03348 448.30404,78.03348 H 90.690813 L 87.079511,51.327997 C 83.185582,22.539551 62.962285,0 41.011841,0 H 14.727836 C 6.563151,0 0,6.5286975 0,14.580758 c 0,8.05206 6.5945535,14.580758 14.727836,14.580758 h 26.284005 c 4.710398,0 14.696435,9.855222 16.894619,26.021523 L 100.01739,368.0631 c 1.88416,13.77244 9.01256,26.70549 20.1605,36.37417 8.25889,7.15046 18.02511,11.9071 28.26237,13.89679 -4.17655,7.58572 -6.53175,16.25957 -6.53175,25.493 0,29.53459 24.27424,53.59751 54.13815,53.59751 29.8325,0 54.13814,-24.03184 54.13814,-53.59751 0,-8.79818 -2.19818,-17.09897 -5.9979,-24.43598 h 77.12488 c -3.79973,7.33701 -5.96652,15.6378 -5.96652,24.43598 0,29.53459 24.27424,53.59751 54.13817,53.59751 29.83249,0 54.13814,-24.03184 54.13814,-53.59751 0,-8.79818 -2.1982,-17.09897 -5.9979,-24.43598 h 38.56243 c 8.13328,0 14.72783,-6.5287 14.72783,-14.61183 0,-8.02098 -6.59455,-14.54967 -14.72783,-14.54967 H 159.24277 c -14.38241,0 -28.13677,-11.90711 -30.02092,-26.02153 l -3.07746,-22.88154 h 290.6314 c 14.03698,0 27.94834,-5.28513 39.06488,-14.95381 11.11652,-9.6376 18.27632,-22.57065 20.16048,-36.37417 l 21.10259,-156.78201 c 1.94694,-14.51858 -2.10398,-28.29103 -11.43057,-38.861299 z M 220.76053,443.82706 c 0,13.49265 -11.08513,24.46709 -24.68247,24.46709 -13.62874,0 -24.71387,-10.97444 -24.71387,-24.46709 0,-13.49262 11.08513,-24.43598 24.71387,-24.43598 13.59734,0 24.68247,10.94336 24.68247,24.43598 z m 173.43675,0 c 0,13.49265 -11.08512,24.46709 -24.68245,24.46709 -13.62876,0 -24.71388,-10.97444 -24.71388,-24.46709 0,-13.49262 11.08512,-24.43598 24.71388,-24.43598 13.59733,0 24.68245,10.94336 24.68245,24.43598 z m 73.7648,-314.46558 -21.13397,156.782 c -1.88416,14.11442 -15.63851,26.05261 -30.02091,26.05261 H 122.25046 L 94.616142,107.19499 H 448.33544 c 6.18632,0 11.61896,2.2695 15.23028,6.37326 3.64269,4.13484 5.21283,9.73086 4.39636,15.79323 z"></path></svg>
                    </span>
                    </span>
                    <span class="add-to-cart--text d-none d-sm-block">Carrinho</span>
                    </button>
                    </div>
                    </div>
                    </div>
                    </div>
                    
                    <div class="col-12 d-sm-none">
                    </div>
                    </div>
                    </div>
                    </div>
                    </div>
                    <div class="col-12 col-sm-3 col-lg-2 productTile" data-idx="33">
                    
                    <script type="text/javascript">//<!--
                    /* <![CDATA[ */
                    (function(){
                    try {
                        if(window.CQuotient) {
                        var cq_params = {};
                        
                        cq_params.cookieId = window.CQuotient.getCQCookieId();
                        cq_params.userId = window.CQuotient.getCQUserId();
                        cq_params.emailId = CQuotient.getCQHashedEmail();
                        cq_params.loginId = CQuotient.getCQHashedLogin();
                        cq_params.accumulate = true;
                        cq_params.products = [{
                            id: '5752443',
                            sku: ''
                        }];
                        cq_params.categoryId = 'laticinios';
                        cq_params.refinements = '[{\"name\":\"priceMin\",\"value\":\"0.01\"},{\"name\":\"priceMax\",\"value\":\"null\"},{\"name\":\"curr\",\"value\":\"EUR\"},{\"name\":\"Category\",\"value\":\"laticinios\"}]';
                        cq_params.personalized = 'false';
                        cq_params.sortingRule = 'FOOD-Laticinios';
                        cq_params.imageUUID = '__UNDEFINED__';
                        cq_params.realm = "BDVS";
                        cq_params.siteId = "continente";
                        cq_params.instanceType = "prd";
                        cq_params.queryLocale = "default";
                        cq_params.locale = window.CQuotient.locale;
                        
                        if(window.CQuotient.sendActivity)
                            window.CQuotient.sendActivity(CQuotient.clientId, 'viewCategory', cq_params);
                        else
                            window.CQuotient.activities.push({
                                activityType: 'viewCategory',
                                parameters: cq_params
                            });
                      }
                    } catch(err) {}
                    })();
                    /* ]]> */
                    // -->
                    </script>
                    <script type="text/javascript">//<!--
                    /* <![CDATA[ (viewCategoryProduct-active_data.js) */
                    (function(){
                    try {
                        if (dw.ac) {
                            var search_params = {};
                            search_params.persd = 'false';
                            search_params.refs = '[{\"name\":\"priceMin\",\"value\":\"0.01\"},{\"name\":\"priceMax\",\"value\":\"null\"},{\"name\":\"curr\",\"value\":\"EUR\"},{\"name\":\"Category\",\"value\":\"laticinios\"}]';
                            search_params.sort = 'FOOD-Laticinios';
                            search_params.imageUUID = '';
                            search_params.searchID = 'ff60679a-0a42-4d90-af85-afdcdfaee427';
                            search_params.locale = 'default';
                            search_params.queryLocale = 'default';
                            search_params.showProducts = 'true';
                            dw.ac.applyContext({category: "laticinios", searchData: search_params});
                            if (typeof dw.ac._scheduleDataSubmission === "function") {
                                dw.ac._scheduleDataSubmission();
                            }
                        }
                    } catch(err) {}
                    })();
                    /* ]]> */
                    // -->
                    </script>
                    <script type="text/javascript">//<!--
                    /* <![CDATA[ (viewProduct-active_data.js) */
                    dw.ac._capture({id: "5752443", type: "searchhit"});
                    /* ]]> */
                    // -->
                    </script>
                    <div class="product" data-pid="5752443">
                    <div class="product-tile pid-5752443 ct-product-tile data-layer-pushed" data-delay-time="3000" data-variants-mapping="[]" data-in-cart-msg="no carrinho" data-one-product-added="Adicionado ao carrinho" data-remove-from-cart-msg="Removido do carrinho" data-stay-open="6000.0" data-product-tile-impression="{&quot;name&quot;:&quot;5752443&quot;,&quot;id&quot;:&quot;5752443&quot;,&quot;price&quot;:1.89,&quot;brand&quot;:&quot;Alpro&quot;,&quot;category&quot;:[{&quot;category_level_1&quot;:&quot;Laticínios e Ovos&quot;},{&quot;category_level_2&quot;:&quot;Bebidas Vegetais&quot;},{&quot;category_level_3&quot;:&quot;Bebida Amêndoa&quot;}],&quot;variant&quot;:&quot;&quot;}">
                    <div class="ct-inner-tile-wrap row no-gutters justify-content-center align-content-start">
                    <div class="ct-product-tile-badge ct-product-tile-badge--promotional">
                    <img class="img-fluid lazyloaded" loading="lazy" data-src="https://www.continente.pt/dw/image/v2/BDVS_PRD/on/demandware.static/-/Sites-continente-Library/default/dwf5980f2e/images/badges/pvpr/col/pvpr.png?sw=60&amp;sh=42" alt="PVP Recomendado: €2,39/un" title="PVP Recomendado: €2,39/un" src="https://www.continente.pt/dw/image/v2/BDVS_PRD/on/demandware.static/-/Sites-continente-Library/default/dwf5980f2e/images/badges/pvpr/col/pvpr.png?sw=60&amp;sh=42">
                    <div class="ct-product-tile-badge-value-wrapper ct-product-tile-badge-value-wrapper--pvpr  ">
                    <span class="ct-product-tile-badge-value--pvpr">
                    20
                    </span>
                    <span class="ct-product-tile-badge-value--pvpr-quantifier ">
                    %
                    </span>
                    </div>
                    </div>
                    
                    <div class="ct-image-container col-4 col-sm" data-confirmation-image="{&quot;url&quot;:&quot;https://www.continente.pt/dw/image/v2/BDVS_PRD/on/demandware.static/-/Sites-col-master-catalog/default/dw8d712cfc/images/col/575/5752443-frente.jpg?sw=87&amp;sh=80&quot;,&quot;fallbackimage&quot;:{&quot;url&quot;:&quot;https://www.continente.pt/dw/image/v2/BDVS_PRD/on/demandware.static/Sites-continente-Site/-/default/dw7c42b4da/images/noimagelarge_product.png?sw=87&amp;sh=80&quot;,&quot;title&quot;:&quot;Bebida Vegetal de Amêndoa sem Açúcar&quot;,&quot;alt&quot;:&quot;Bebida Vegetal de Amêndoa sem Açúcar&quot;},&quot;title&quot;:&quot;Bebida Vegetal de Amêndoa sem Açúcar&quot;,&quot;alt&quot;:&quot;Bebida Vegetal de Amêndoa sem Açúcar&quot;}">
                    <a href="https://www.continente.pt/produto/bebida-vegetal-de-amendoa-sem-acucar-alpro-5752443.html?cgid=laticinios">
                    <picture class="intrinsic intrinsic--square">
                    <img class="ct-tile-image lazyloaded" loading="lazy" onerror="this.onerror=null;this.src='/on/demandware.static/Sites-continente-Site/-/default/dw7c42b4da/images/noimagelarge_product.png';" data-src="https://www.continente.pt/dw/image/v2/BDVS_PRD/on/demandware.static/-/Sites-col-master-catalog/default/dw8d712cfc/images/col/575/5752443-frente.jpg?sw=280&amp;sh=280" alt="Bebida Vegetal de Amêndoa sem Açúcar" title="Bebida Vegetal de Amêndoa sem Açúcar" src="https://www.continente.pt/dw/image/v2/BDVS_PRD/on/demandware.static/-/Sites-col-master-catalog/default/dw8d712cfc/images/col/575/5752443-frente.jpg?sw=280&amp;sh=280">
                    </picture>
                    </a>
                    <div class="color-swatches d-flex" style="margin-left: 5px;">
                    <div class="swatches d-flex">
                    </div>
                    </div>
                    </div>
                    <div class="ct-tile-body col col-sm-auto ">
                    <div class="ct-pdp-details">
                    <div class="ct-pdp-link">
                    <a class="ct-tile--description" href="https://www.continente.pt/produto/bebida-vegetal-de-amendoa-sem-acucar-alpro-5752443.html?cgid=laticinios">Bebida Vegetal de Amêndoa sem Açúcar</a>
                    <div class="ct-tile--favorite-top d-sm-none">
                    <button class="wishlist-toggler guest-mode inactive button button--tertiary" data-pid="5752443" data-add-url="https://www.continente.pt/on/demandware.store/Sites-continente-Site/default/Wishlist-AddProduct?pid=5752443" data-toggle="tooltip" aria-label="Adicionar aos favoritos " data-original-title="Adicionar aos favoritos" data-placement="top">
                    <svg class="active-content" width="100%" height="100%" viewBox="0 0 20 22" fill="none" xmlns="http://www.w3.org/2000/svg">
                    <path fill-rule="evenodd" clip-rule="evenodd" d="M0 1.53052C0 0.685236 0.692171 0 1.54601 0H15.0736C15.9274 0 16.6196 0.685235 16.6196 1.53052V13.4064L15.8127 13.922L14.2658 14.2658L12.7189 13.4064L10.6054 14.3818C10.4994 14.2451 10.3327 14.157 10.1452 14.157H6.76329C6.4431 14.157 6.18354 14.414 6.18354 14.731C6.18354 15.0479 6.4431 15.3049 6.76329 15.3049H10.1452C10.2478 15.3049 10.3441 15.2785 10.4277 15.2322L10.3126 16.8439L13.2345 20.2793H1.54601C0.69217 20.2793 0 19.5941 0 18.7488V1.53052ZM6.18354 5.5483C6.18354 5.23132 6.4431 4.97436 6.76329 4.97436H12.3676C12.6878 4.97436 12.9473 5.23132 12.9473 5.5483C12.9473 5.86528 12.6878 6.12224 12.3676 6.12224H6.76329C6.4431 6.12224 6.18354 5.86528 6.18354 5.5483ZM6.76329 11.0961C6.4431 11.0961 6.18354 11.3531 6.18354 11.6701C6.18354 11.987 6.4431 12.244 6.76329 12.244H12.3676C12.6878 12.244 12.9473 11.987 12.9473 11.6701C12.9473 11.3531 12.6878 11.0961 12.3676 11.0961H6.76329ZM6.18354 8.60985C6.18354 8.29287 6.4431 8.03591 6.76329 8.03591H12.3676C12.6878 8.03591 12.9473 8.29287 12.9473 8.60985C12.9473 8.92684 12.6878 9.1838 12.3676 9.1838H6.76329C6.4431 9.1838 6.18354 8.92684 6.18354 8.60985ZM3.67118 5.5483C3.67118 5.23132 3.93075 4.97436 4.25093 4.97436H4.63743C4.95762 4.97436 5.21719 5.23132 5.21719 5.5483C5.21719 5.86528 4.95762 6.12224 4.63743 6.12224H4.25093C3.93075 6.12224 3.67118 5.86528 3.67118 5.5483ZM4.25093 11.0961C3.93075 11.0961 3.67118 11.3531 3.67118 11.6701C3.67118 11.987 3.93075 12.244 4.25093 12.244H4.63743C4.95762 12.244 5.21719 11.987 5.21719 11.6701C5.21719 11.3531 4.95762 11.0961 4.63743 11.0961H4.25093ZM3.67118 8.60985C3.67118 8.29287 3.93075 8.03591 4.25093 8.03591H4.63743C4.95762 8.03591 5.21719 8.29287 5.21719 8.60985C5.21719 8.92684 4.95762 9.1838 4.63743 9.1838H4.25093C3.93075 9.1838 3.67118 8.92684 3.67118 8.60985ZM4.25093 14.157C3.93075 14.157 3.67118 14.414 3.67118 14.731C3.67118 15.0479 3.93075 15.3049 4.25093 15.3049H4.63743C4.95762 15.3049 5.21719 15.0479 5.21719 14.731C5.21719 14.414 4.95762 14.157 4.63743 14.157H4.25093Z" fill="#EB0203"></path>
                    <path fill-rule="evenodd" clip-rule="evenodd" d="M14.6252 13.6363C13.4918 12.6215 11.7817 12.5264 10.6569 13.4792C9.12421 14.7764 9.34841 16.8912 10.4409 18.0122L14.0159 21.6742C14.2197 21.8832 14.4928 22 14.7822 22C15.0737 22 15.3448 21.8852 15.5486 21.6762L19.1236 18.0142C20.214 16.8933 20.4423 14.7785 18.9075 13.4792C17.7827 12.5283 16.0724 12.6217 14.9391 13.6365C14.8855 13.6845 14.8331 13.7345 14.7822 13.7866C14.7313 13.7345 14.6789 13.6843 14.6252 13.6363ZM18.1546 14.3522C19.0973 15.1508 18.9962 16.4896 18.2891 17.2173C18.2888 17.2175 18.2886 17.2177 18.2884 17.218L14.7832 20.8084L11.2753 17.2151C11.2752 17.215 11.2751 17.2149 11.2749 17.2148C10.5677 16.4887 10.4678 15.1495 11.4104 14.3518L11.4108 14.3514C12.0745 13.7892 13.2018 13.82 13.9488 14.5846L14.7822 15.4378L15.6157 14.5846C16.3617 13.8211 17.4896 13.79 18.1545 14.3521" fill="#EB0203"></path>
                    </svg>
                    <svg class="inactive-content" width="100%" height="100%" viewBox="0 0 20 23" fill="none" xmlns="http://www.w3.org/2000/svg">
                    <path fill-rule="evenodd" clip-rule="evenodd" d="M6.18408 5.77914C6.18408 5.46223 6.44363 5.20532 6.7638 5.20532H12.3678C12.6879 5.20532 12.9475 5.46223 12.9475 5.77914C12.9475 6.09606 12.6879 6.35297 12.3678 6.35297H6.7638C6.44363 6.35297 6.18408 6.09606 6.18408 5.77914Z" fill="#EB0203"></path>
                    <path fill-rule="evenodd" clip-rule="evenodd" d="M6.18408 11.9034C6.18408 11.5865 6.44363 11.3296 6.7638 11.3296H12.3678C12.6879 11.3296 12.9475 11.5865 12.9475 11.9034C12.9475 12.2202 12.6879 12.4771 12.3678 12.4771H6.7638C6.44363 12.4771 6.18408 12.2202 6.18408 11.9034Z" fill="#EB0203"></path>
                    <path fill-rule="evenodd" clip-rule="evenodd" d="M6.18408 8.84116C6.18408 8.52424 6.44363 8.26733 6.7638 8.26733H12.3678C12.6879 8.26733 12.9475 8.52424 12.9475 8.84116C12.9475 9.15807 12.6879 9.41498 12.3678 9.41498H6.7638C6.44363 9.41498 6.18408 9.15807 6.18408 8.84116Z" fill="#EB0203"></path>
                    <path fill-rule="evenodd" clip-rule="evenodd" d="M6.18408 14.9655C6.18408 14.6486 6.44363 14.3917 6.7638 14.3917H10.1455C10.4657 14.3917 10.7252 14.6486 10.7252 14.9655C10.7252 15.2825 10.4657 15.5394 10.1455 15.5394H6.7638C6.44363 15.5394 6.18408 15.2825 6.18408 14.9655Z" fill="#EB0203"></path>
                    <path fill-rule="evenodd" clip-rule="evenodd" d="M3.67139 5.77914C3.67139 5.46223 3.93094 5.20532 4.25111 5.20532H4.63759C4.95776 5.20532 5.21731 5.46223 5.21731 5.77914C5.21731 6.09606 4.95776 6.35297 4.63759 6.35297H4.25111C3.93094 6.35297 3.67139 6.09606 3.67139 5.77914Z" fill="#EB0203"></path>
                    <path fill-rule="evenodd" clip-rule="evenodd" d="M3.67139 11.9034C3.67139 11.5865 3.93094 11.3296 4.25111 11.3296H4.63759C4.95776 11.3296 5.21731 11.5865 5.21731 11.9034C5.21731 12.2202 4.95776 12.4771 4.63759 12.4771H4.25111C3.93094 12.4771 3.67139 12.2202 3.67139 11.9034Z" fill="#EB0203"></path>
                    <path fill-rule="evenodd" clip-rule="evenodd" d="M3.67139 8.84116C3.67139 8.52424 3.93094 8.26733 4.25111 8.26733H4.63759C4.95776 8.26733 5.21731 8.52424 5.21731 8.84116C5.21731 9.15807 4.95776 9.41498 4.63759 9.41498H4.25111C3.93094 9.41498 3.67139 9.15807 3.67139 8.84116Z" fill="#EB0203"></path>
                    <path fill-rule="evenodd" clip-rule="evenodd" d="M3.67139 14.9655C3.67139 14.6486 3.93094 14.3917 4.25111 14.3917H4.63759C4.95776 14.3917 5.21731 14.6486 5.21731 14.9655C5.21731 15.2825 4.95776 15.5394 4.63759 15.5394H4.25111C3.93094 15.5394 3.67139 15.2825 3.67139 14.9655Z" fill="#EB0203"></path>
                    <path fill-rule="evenodd" clip-rule="evenodd" d="M0 1.76033C0 0.914738 0.692131 0.229248 1.54592 0.229248H15.0727C15.9265 0.229248 16.6186 0.914738 16.6186 1.76033V11.2818C16.6186 11.5989 16.3591 11.8559 16.0389 11.8559C15.7187 11.8559 15.4592 11.5989 15.4592 11.2818V1.76033C15.4592 1.54893 15.2862 1.37756 15.0727 1.37756H1.54592C1.33247 1.37756 1.15944 1.54893 1.15944 1.76033V18.985C1.15944 19.1964 1.33247 19.3678 1.54592 19.3678H9.27551C9.59568 19.3678 9.85523 19.6249 9.85523 19.942C9.85523 20.2591 9.59568 20.5161 9.27551 20.5161H1.54592C0.692131 20.5161 0 19.8306 0 18.985V1.76033Z" fill="#EB0203"></path>
                    <path fill-rule="evenodd" clip-rule="evenodd" d="M14.6254 13.8718C13.4921 12.8567 11.7821 12.7615 10.6574 13.7147C9.12472 15.0124 9.34891 17.128 10.4413 18.2493L14.0161 21.9126C14.2199 22.1217 14.493 22.2386 14.7824 22.2386C15.0739 22.2386 15.3449 22.1238 15.5487 21.9147L19.1235 18.2514C20.2139 17.13 20.4422 15.0144 18.9075 13.7147C17.7827 12.7634 16.0726 12.8569 14.9392 13.872C14.8856 13.92 14.8333 13.9701 14.7824 14.0222C14.7314 13.97 14.6791 13.9199 14.6254 13.8718ZM18.1546 14.588C19.0972 15.3869 18.9961 16.7262 18.2891 17.4541C18.2888 17.4543 18.2886 17.4546 18.2884 17.4548L14.7834 21.0466L11.2757 17.452C11.2756 17.4519 11.2755 17.4517 11.2753 17.4516C10.5681 16.7252 10.4682 15.3856 11.4108 14.5876L11.4112 14.5872C12.0748 14.0248 13.202 14.0556 13.949 14.8205L14.7824 15.674L15.6158 14.8205C16.3618 14.0567 17.4896 14.0256 18.1545 14.5879" fill="#EB0203"></path>
                    </svg>
                    </button>
                    </div>
                    </div>
                    <p class="ct-tile--brand">Alpro</p>
                    <p class="ct-tile--quantity">emb. 1 lt</p>
                    </div>
                    <div class="ct-tile-bottom row no-gutters justify-content-between">
                    <div class="ct-price-wrap col-8 col-sm-12">
                    <div class="price js-product-price">
                    <div class="prices-wrapper">
                    <span class="sales ct-tile--price-primary ">
                    <span class="value" content="1.89">
                    <span class="ct-price-formatted">
                    €1,89
                    </span>
                    <span class="ct-m-unit">
                    /un
                    </span>
                    </span>
                    </span>
                    </div>
                    <div class="ct-tile--price-secondary">
                    <span class="ct-price-value">
                    €1,89
                    </span>
                    <span class="ct-m-unit">
                    /lt
                    </span>
                    </div>
                    <p class="ct-discount-amount ct-discount-amount-pvpr">PVP Recomendado: €2,39/un</p>
                    </div>
                    </div>
                    <div class="ct-tile-buy-section d-flex justify-content-center no-gutters col-auto col-sm-12">
                    <div class="col-2 d-sm-flex d-none">
                    <button class="wishlist-toggler guest-mode inactive button button--tertiary" data-pid="5752443" data-add-url="https://www.continente.pt/on/demandware.store/Sites-continente-Site/default/Wishlist-AddProduct?pid=5752443" data-toggle="tooltip" aria-label="Adicionar aos favoritos " data-original-title="Adicionar aos favoritos" data-placement="top">
                    <svg class="active-content" width="100%" height="100%" viewBox="0 0 20 22" fill="none" xmlns="http://www.w3.org/2000/svg">
                    <path fill-rule="evenodd" clip-rule="evenodd" d="M0 1.53052C0 0.685236 0.692171 0 1.54601 0H15.0736C15.9274 0 16.6196 0.685235 16.6196 1.53052V13.4064L15.8127 13.922L14.2658 14.2658L12.7189 13.4064L10.6054 14.3818C10.4994 14.2451 10.3327 14.157 10.1452 14.157H6.76329C6.4431 14.157 6.18354 14.414 6.18354 14.731C6.18354 15.0479 6.4431 15.3049 6.76329 15.3049H10.1452C10.2478 15.3049 10.3441 15.2785 10.4277 15.2322L10.3126 16.8439L13.2345 20.2793H1.54601C0.69217 20.2793 0 19.5941 0 18.7488V1.53052ZM6.18354 5.5483C6.18354 5.23132 6.4431 4.97436 6.76329 4.97436H12.3676C12.6878 4.97436 12.9473 5.23132 12.9473 5.5483C12.9473 5.86528 12.6878 6.12224 12.3676 6.12224H6.76329C6.4431 6.12224 6.18354 5.86528 6.18354 5.5483ZM6.76329 11.0961C6.4431 11.0961 6.18354 11.3531 6.18354 11.6701C6.18354 11.987 6.4431 12.244 6.76329 12.244H12.3676C12.6878 12.244 12.9473 11.987 12.9473 11.6701C12.9473 11.3531 12.6878 11.0961 12.3676 11.0961H6.76329ZM6.18354 8.60985C6.18354 8.29287 6.4431 8.03591 6.76329 8.03591H12.3676C12.6878 8.03591 12.9473 8.29287 12.9473 8.60985C12.9473 8.92684 12.6878 9.1838 12.3676 9.1838H6.76329C6.4431 9.1838 6.18354 8.92684 6.18354 8.60985ZM3.67118 5.5483C3.67118 5.23132 3.93075 4.97436 4.25093 4.97436H4.63743C4.95762 4.97436 5.21719 5.23132 5.21719 5.5483C5.21719 5.86528 4.95762 6.12224 4.63743 6.12224H4.25093C3.93075 6.12224 3.67118 5.86528 3.67118 5.5483ZM4.25093 11.0961C3.93075 11.0961 3.67118 11.3531 3.67118 11.6701C3.67118 11.987 3.93075 12.244 4.25093 12.244H4.63743C4.95762 12.244 5.21719 11.987 5.21719 11.6701C5.21719 11.3531 4.95762 11.0961 4.63743 11.0961H4.25093ZM3.67118 8.60985C3.67118 8.29287 3.93075 8.03591 4.25093 8.03591H4.63743C4.95762 8.03591 5.21719 8.29287 5.21719 8.60985C5.21719 8.92684 4.95762 9.1838 4.63743 9.1838H4.25093C3.93075 9.1838 3.67118 8.92684 3.67118 8.60985ZM4.25093 14.157C3.93075 14.157 3.67118 14.414 3.67118 14.731C3.67118 15.0479 3.93075 15.3049 4.25093 15.3049H4.63743C4.95762 15.3049 5.21719 15.0479 5.21719 14.731C5.21719 14.414 4.95762 14.157 4.63743 14.157H4.25093Z" fill="#EB0203"></path>
                    <path fill-rule="evenodd" clip-rule="evenodd" d="M14.6252 13.6363C13.4918 12.6215 11.7817 12.5264 10.6569 13.4792C9.12421 14.7764 9.34841 16.8912 10.4409 18.0122L14.0159 21.6742C14.2197 21.8832 14.4928 22 14.7822 22C15.0737 22 15.3448 21.8852 15.5486 21.6762L19.1236 18.0142C20.214 16.8933 20.4423 14.7785 18.9075 13.4792C17.7827 12.5283 16.0724 12.6217 14.9391 13.6365C14.8855 13.6845 14.8331 13.7345 14.7822 13.7866C14.7313 13.7345 14.6789 13.6843 14.6252 13.6363ZM18.1546 14.3522C19.0973 15.1508 18.9962 16.4896 18.2891 17.2173C18.2888 17.2175 18.2886 17.2177 18.2884 17.218L14.7832 20.8084L11.2753 17.2151C11.2752 17.215 11.2751 17.2149 11.2749 17.2148C10.5677 16.4887 10.4678 15.1495 11.4104 14.3518L11.4108 14.3514C12.0745 13.7892 13.2018 13.82 13.9488 14.5846L14.7822 15.4378L15.6157 14.5846C16.3617 13.8211 17.4896 13.79 18.1545 14.3521" fill="#EB0203"></path>
                    </svg>
                    <svg class="inactive-content" width="100%" height="100%" viewBox="0 0 20 23" fill="none" xmlns="http://www.w3.org/2000/svg">
                    <path fill-rule="evenodd" clip-rule="evenodd" d="M6.18408 5.77914C6.18408 5.46223 6.44363 5.20532 6.7638 5.20532H12.3678C12.6879 5.20532 12.9475 5.46223 12.9475 5.77914C12.9475 6.09606 12.6879 6.35297 12.3678 6.35297H6.7638C6.44363 6.35297 6.18408 6.09606 6.18408 5.77914Z" fill="#EB0203"></path>
                    <path fill-rule="evenodd" clip-rule="evenodd" d="M6.18408 11.9034C6.18408 11.5865 6.44363 11.3296 6.7638 11.3296H12.3678C12.6879 11.3296 12.9475 11.5865 12.9475 11.9034C12.9475 12.2202 12.6879 12.4771 12.3678 12.4771H6.7638C6.44363 12.4771 6.18408 12.2202 6.18408 11.9034Z" fill="#EB0203"></path>
                    <path fill-rule="evenodd" clip-rule="evenodd" d="M6.18408 8.84116C6.18408 8.52424 6.44363 8.26733 6.7638 8.26733H12.3678C12.6879 8.26733 12.9475 8.52424 12.9475 8.84116C12.9475 9.15807 12.6879 9.41498 12.3678 9.41498H6.7638C6.44363 9.41498 6.18408 9.15807 6.18408 8.84116Z" fill="#EB0203"></path>
                    <path fill-rule="evenodd" clip-rule="evenodd" d="M6.18408 14.9655C6.18408 14.6486 6.44363 14.3917 6.7638 14.3917H10.1455C10.4657 14.3917 10.7252 14.6486 10.7252 14.9655C10.7252 15.2825 10.4657 15.5394 10.1455 15.5394H6.7638C6.44363 15.5394 6.18408 15.2825 6.18408 14.9655Z" fill="#EB0203"></path>
                    <path fill-rule="evenodd" clip-rule="evenodd" d="M3.67139 5.77914C3.67139 5.46223 3.93094 5.20532 4.25111 5.20532H4.63759C4.95776 5.20532 5.21731 5.46223 5.21731 5.77914C5.21731 6.09606 4.95776 6.35297 4.63759 6.35297H4.25111C3.93094 6.35297 3.67139 6.09606 3.67139 5.77914Z" fill="#EB0203"></path>
                    <path fill-rule="evenodd" clip-rule="evenodd" d="M3.67139 11.9034C3.67139 11.5865 3.93094 11.3296 4.25111 11.3296H4.63759C4.95776 11.3296 5.21731 11.5865 5.21731 11.9034C5.21731 12.2202 4.95776 12.4771 4.63759 12.4771H4.25111C3.93094 12.4771 3.67139 12.2202 3.67139 11.9034Z" fill="#EB0203"></path>
                    <path fill-rule="evenodd" clip-rule="evenodd" d="M3.67139 8.84116C3.67139 8.52424 3.93094 8.26733 4.25111 8.26733H4.63759C4.95776 8.26733 5.21731 8.52424 5.21731 8.84116C5.21731 9.15807 4.95776 9.41498 4.63759 9.41498H4.25111C3.93094 9.41498 3.67139 9.15807 3.67139 8.84116Z" fill="#EB0203"></path>
                    <path fill-rule="evenodd" clip-rule="evenodd" d="M3.67139 14.9655C3.67139 14.6486 3.93094 14.3917 4.25111 14.3917H4.63759C4.95776 14.3917 5.21731 14.6486 5.21731 14.9655C5.21731 15.2825 4.95776 15.5394 4.63759 15.5394H4.25111C3.93094 15.5394 3.67139 15.2825 3.67139 14.9655Z" fill="#EB0203"></path>
                    <path fill-rule="evenodd" clip-rule="evenodd" d="M0 1.76033C0 0.914738 0.692131 0.229248 1.54592 0.229248H15.0727C15.9265 0.229248 16.6186 0.914738 16.6186 1.76033V11.2818C16.6186 11.5989 16.3591 11.8559 16.0389 11.8559C15.7187 11.8559 15.4592 11.5989 15.4592 11.2818V1.76033C15.4592 1.54893 15.2862 1.37756 15.0727 1.37756H1.54592C1.33247 1.37756 1.15944 1.54893 1.15944 1.76033V18.985C1.15944 19.1964 1.33247 19.3678 1.54592 19.3678H9.27551C9.59568 19.3678 9.85523 19.6249 9.85523 19.942C9.85523 20.2591 9.59568 20.5161 9.27551 20.5161H1.54592C0.692131 20.5161 0 19.8306 0 18.985V1.76033Z" fill="#EB0203"></path>
                    <path fill-rule="evenodd" clip-rule="evenodd" d="M14.6254 13.8718C13.4921 12.8567 11.7821 12.7615 10.6574 13.7147C9.12472 15.0124 9.34891 17.128 10.4413 18.2493L14.0161 21.9126C14.2199 22.1217 14.493 22.2386 14.7824 22.2386C15.0739 22.2386 15.3449 22.1238 15.5487 21.9147L19.1235 18.2514C20.2139 17.13 20.4422 15.0144 18.9075 13.7147C17.7827 12.7634 16.0726 12.8569 14.9392 13.872C14.8856 13.92 14.8333 13.9701 14.7824 14.0222C14.7314 13.97 14.6791 13.9199 14.6254 13.8718ZM18.1546 14.588C19.0972 15.3869 18.9961 16.7262 18.2891 17.4541C18.2888 17.4543 18.2886 17.4546 18.2884 17.4548L14.7834 21.0466L11.2757 17.452C11.2756 17.4519 11.2755 17.4517 11.2753 17.4516C10.5681 16.7252 10.4682 15.3856 11.4108 14.5876L11.4112 14.5872C12.0748 14.0248 13.202 14.0556 13.949 14.8205L14.7824 15.674L15.6158 14.8205C16.3618 14.0567 17.4896 14.0256 18.1545 14.5879" fill="#EB0203"></path>
                    </svg>
                    </button>
                    </div>
                    <div class="col-sm-10 col-12">
                    <div class="ct-tile-quantity d-none" data-pid="5752443">
                    <input type="hidden" class="add-to-cart-url" value="https://www.continente.pt/on/demandware.store/Sites-continente-Site/default/Cart-AddProduct">
                    <div class="d-none tile-delete-confirmation-btn" data-pid="5752443" data-delay-time="3000" data-in-cart-msg="no carrinho" data-one-product-added="Adicionado ao carrinho" data-remove-from-cart-msg="Removido do carrinho" data-stay-open="6000.0" data-confirmation-image="{&quot;url&quot;:&quot;https://www.continente.pt/dw/image/v2/BDVS_PRD/on/demandware.static/-/Sites-col-master-catalog/default/dw8d712cfc/images/col/575/5752443-frente.jpg?sw=87&amp;sh=80&quot;,&quot;fallbackimage&quot;:{&quot;url&quot;:&quot;https://www.continente.pt/dw/image/v2/BDVS_PRD/on/demandware.static/Sites-continente-Site/-/default/dw7c42b4da/images/noimagelarge_product.png?sw=87&amp;sh=80&quot;,&quot;title&quot;:&quot;Bebida Vegetal de Amêndoa sem Açúcar&quot;,&quot;alt&quot;:&quot;Bebida Vegetal de Amêndoa sem Açúcar&quot;},&quot;title&quot;:&quot;Bebida Vegetal de Amêndoa sem Açúcar&quot;,&quot;alt&quot;:&quot;Bebida Vegetal de Amêndoa sem Açúcar&quot;}"></div>
                    <div class="ct-tile-quantity-update quantity-update product-qty-vue" data-remove-action="https://www.continente.pt/on/demandware.store/Sites-continente-Site/default/Cart-RemoveProductLineItem" data-action="https://www.continente.pt/on/demandware.store/Sites-continente-Site/default/Cart-UpdateQuantity" data-dimension-update="https://www.continente.pt/on/demandware.store/Sites-continente-Site/default/Cart-DimensionUpdate" data-pid="5752443" data-uuid="6f58678da56568bf9d5d749a00" data-add-delay="500.0" data-measure-options="{&quot;hasConversionRate&quot;:false,&quot;hasAlternativeSaleUnit&quot;:false,&quot;unitConversionRate&quot;:0,&quot;minOrderQuantity&quot;:1,&quot;stepQuantity&quot;:1,&quot;primaryunit&quot;:&quot;un&quot;,&quot;secondaryunit&quot;:&quot;lt&quot;,&quot;selectedunit&quot;:&quot;primary&quot;,&quot;maxNumberOfUnitsPerSale&quot;:54}" data-price-available="null" :data-has-error="isMaxQtyReached || isMinQtyReached || qtySelectedMoreThanOne">
                    <template v-show="prodUnits">
                    <div class="quantity-input-wrapper has-units">
                    <label class="visually-hidden" :for="'quantity-' + pid + additionalTag">
                    Quantidade no carrinho
                    </label>
                    <input :ref="'quantityInput-' + pid + additionalTag" class="add-to-cart-quantity form-control ct-form-input text-center" inputmode="numeric" :class="{'is-invalid': isInvalid}" :data-pid="pid + additionalTag" :name="'quantity-' + pid + additionalTag" type="text" aria-label="Insira a quantidade" title="" v-model="displayValue" @change="updateQuantity" @focus="updateQtyFormat" @blur="restoreQtyFormat" :disabled="!isPriceAvailable">
                    <span class="quantity-icon quantity-icon--minus">
                    <button class="decrease-quantity-btn" @click="updateQuantity" :disabled="!isPriceAvailable" role="button" aria-label="Reduzir quantidade">
                    <i class="css-math-minus"></i>
                    </button>
                    </span>
                    <span class="quantity-icon quantity-icon--plus">
                    <button class="increase-quantity-btn" @click="updateQuantity" :disabled="isMaxQtyReached || !isPriceAvailable" role="button" aria-label="Aumentar quantidade">
                    <i class="css-math-plus"></i>
                    </button>
                    <span class="quantity-btn-disabled-placeholder"></span>
                    </span>
                    <template v-if="isPDP">
                    <span class="quantity-error ct-span-error text-sm-center product-max-allocation" v-if="isMaxQtyReached">
                    Quantidade máxima atingida
                    </span>
                    <span class="quantity-error ct-span-product text-sm-center product-allocation" v-if="!isMinQtyReached &amp;&amp; !isMaxQtyReached">
                    {{quantitySelected}} no carrinho
                    </span>
                    <span class="quantity-error ct-span-error text-sm-center product-min-allocation" :data-pid="pid" v-if="isMinQtyReached &amp;&amp; !isMaxQtyReached">
                    Quantidade mínima atingida
                    </span>
                    </template>
                    </div>
                    <template v-if="showNotes">
                    <div class="add-note-link-container ">
                    <div class="add-note">
                    <a href="/produto/bebida-vegetal-de-amendoa-sem-acucar-alpro-5752443.html?showNote=true" class="ct-add-note-redirect-pdp" aria-label="Adicionar comentário">
                    <span class="svg-wrapper svg-icon-notes" style="width:19px; height:20px">
                    <svg class="svg-inline icon-notes" viewBox="0 0 28 30" xmlns="http://www.w3.org/2000/svg" width="100%" height="100%"><path d="M21.738 0C22.985 0 24 1.04 24 2.319V12.47c0 .469-.37.848-.828.848-.457 0-.827-.38-.827-.848V2.32c0-.343-.273-.622-.607-.622H2.262c-.334 0-.607.279-.607.622V27.68c0 .343.273.622.607.622h7.81c.457 0 .827.38.827.849 0 .468-.37.848-.827.848h-7.81C1.015 30 0 28.96 0 27.681V2.32C0 1.04 1.015 0 2.262 0h19.476zm2.844 16.004l.227.007c.823.053 1.589.39 2.176.964.64.627.993 1.46.993 2.349 0 .888-.353 1.722-.993 2.348l-6.83 6.665c-.11.108-.247.186-.397.226l-5.032 1.363c-.078.021-.16.032-.241.032-.242 0-.478-.097-.647-.266-.23-.231-.314-.566-.218-.874l1.49-4.798c.044-.139.122-.266.227-.369l6.844-6.677c.64-.625 1.493-.97 2.401-.97zm-2.886 3.94l-4.922 4.802-.947 3.048 3.22-.872 4.897-4.78-2.248-2.197zm2.887-2.174c-.425 0-.824.162-1.124.455l-.484.472 2.248 2.197.484-.472c.62-.606.62-1.591 0-2.197l-.117-.104c-.283-.227-.636-.35-1.007-.35zm-10.839.022c.498 0 .904.396.904.883 0 .488-.406.884-.904.884H5.946c-.499 0-.904-.396-.904-.884 0-.487.405-.883.904-.883zm5.042-4.876c.498 0 .904.397.904.884s-.406.884-.904.884H5.946c-.499 0-.904-.397-.904-.884s.405-.884.904-.884zm0-4.875c.498 0 .904.396.904.884 0 .487-.406.883-.904.883H5.946c-.499 0-.904-.396-.904-.883 0-.488.405-.884.904-.884z" fill="#EB0203" fill-rule="evenodd"></path></svg>
                    </span>
                    <div class="available-note d-none"></div>
                    </a>
                    </div>
                    </div>
                    </template>
                    <div class="measurement-unit-section" v-if="isPriceAvailable &amp;&amp; prodUnits ? prodUnits.hasAlternativeUnit : false">
                    <div class="ct-form-radio" @click="setDimension">
                    <input type="radio" title="" class="ct-form-check-input product-measurement-unit" :data-type="prodUnits.selectedUnit == prodUnits.secondaryUnit ? 'primary' : ''" :id="prodUnits.secondaryUnit + '-' + pid + '-measurement-unit-ptile' + additionalTag" :name="'measurement-unit-' + pid + '-ptile' + additionalTag" :value="prodUnits.secondaryUnit" v-model="prodUnits.selectedUnit">
                    <label :class="prodUnits.secondaryUnit + '-label ct-form-check-label mb-0'" :for="prodUnits.secondaryUnit + '-' + pid + '-measurement-unit-ptile' + additionalTag">
                    {{prodUnits.secondaryUnit}}
                    </label>
                    <span class="checkmark"></span>
                    </div>
                    <div class="ct-form-radio" @click="setDimension">
                    <input type="radio" title="" class="ct-form-check-input product-measurement-unit" :data-type="prodUnits.selectedUnit == prodUnits.primaryUnit ? 'primary' : ''" :id="prodUnits.primaryUnit + '-' + pid + '-measurement-unit-ptile' + additionalTag" :name="'measurement-unit-' + pid + '-ptile' + additionalTag" :value="prodUnits.primaryUnit" v-model="prodUnits.selectedUnit">
                    <label :class="prodUnits.primaryUnit + '-label ct-form-check-label mb-0'" :for="prodUnits.primaryUnit + '-' + pid + '-measurement-unit-ptile' + additionalTag">
                    {{prodUnits.primaryUnit}}
                    </label>
                    <span class="checkmark"></span>
                    </div>
                    </div>
                    <template v-if="!isPDP &amp;&amp; isPriceAvailable">
                    <span class="quantity-error ct-span-error product-max-allocation" v-if="isMaxQtyReached">
                    Quantidade máxima atingida
                    </span>
                    <span class="quantity-error ct-span-product product-allocation" v-if="!isMinQtyReached &amp;&amp; !isMaxQtyReached">
                    {{quantitySelected}} no carrinho
                    </span>
                    <span class="quantity-error ct-span-error product-min-allocation" :data-pid="pid" v-if="isMinQtyReached &amp;&amp; !isMaxQtyReached">
                    Quantidade mínima atingida
                    </span>
                    </template>
                    </template>
                    </div>
                    <input class="quantity-value-mask d-none" name="quantity" type="number" min="0" value="">
                    </div>
                    <button type="button" class="add-to-cart button js-add-to-cart js-add-to-cart-tile 5752443 button--primary dynamic-layout-btn" data-toggle="modal" data-target="#chooseBonusProductModal" data-pid="5752443" data-quantity-value="null" aria-label="Carrinho">
                    <span class="d-block d-sm-none">
                    <span class="svg-wrapper svg-icon-cart" style="width:20px; height:20px">
                    <svg class="svg-inline icon-cart" xmlns="http://www.w3.org/2000/svg" viewBox="0 0 500 500" width="100%" height="100%"><path fill="#EB0203" fill-rule="evenodd" d="M 485.67317,94.386311 C 476.37798,83.847129 463.09468,78.03348 448.30404,78.03348 H 90.690813 L 87.079511,51.327997 C 83.185582,22.539551 62.962285,0 41.011841,0 H 14.727836 C 6.563151,0 0,6.5286975 0,14.580758 c 0,8.05206 6.5945535,14.580758 14.727836,14.580758 h 26.284005 c 4.710398,0 14.696435,9.855222 16.894619,26.021523 L 100.01739,368.0631 c 1.88416,13.77244 9.01256,26.70549 20.1605,36.37417 8.25889,7.15046 18.02511,11.9071 28.26237,13.89679 -4.17655,7.58572 -6.53175,16.25957 -6.53175,25.493 0,29.53459 24.27424,53.59751 54.13815,53.59751 29.8325,0 54.13814,-24.03184 54.13814,-53.59751 0,-8.79818 -2.19818,-17.09897 -5.9979,-24.43598 h 77.12488 c -3.79973,7.33701 -5.96652,15.6378 -5.96652,24.43598 0,29.53459 24.27424,53.59751 54.13817,53.59751 29.83249,0 54.13814,-24.03184 54.13814,-53.59751 0,-8.79818 -2.1982,-17.09897 -5.9979,-24.43598 h 38.56243 c 8.13328,0 14.72783,-6.5287 14.72783,-14.61183 0,-8.02098 -6.59455,-14.54967 -14.72783,-14.54967 H 159.24277 c -14.38241,0 -28.13677,-11.90711 -30.02092,-26.02153 l -3.07746,-22.88154 h 290.6314 c 14.03698,0 27.94834,-5.28513 39.06488,-14.95381 11.11652,-9.6376 18.27632,-22.57065 20.16048,-36.37417 l 21.10259,-156.78201 c 1.94694,-14.51858 -2.10398,-28.29103 -11.43057,-38.861299 z M 220.76053,443.82706 c 0,13.49265 -11.08513,24.46709 -24.68247,24.46709 -13.62874,0 -24.71387,-10.97444 -24.71387,-24.46709 0,-13.49262 11.08513,-24.43598 24.71387,-24.43598 13.59734,0 24.68247,10.94336 24.68247,24.43598 z m 173.43675,0 c 0,13.49265 -11.08512,24.46709 -24.68245,24.46709 -13.62876,0 -24.71388,-10.97444 -24.71388,-24.46709 0,-13.49262 11.08512,-24.43598 24.71388,-24.43598 13.59733,0 24.68245,10.94336 24.68245,24.43598 z m 73.7648,-314.46558 -21.13397,156.782 c -1.88416,14.11442 -15.63851,26.05261 -30.02091,26.05261 H 122.25046 L 94.616142,107.19499 H 448.33544 c 6.18632,0 11.61896,2.2695 15.23028,6.37326 3.64269,4.13484 5.21283,9.73086 4.39636,15.79323 z"></path></svg>
                    </span>
                    </span>
                    <span class="add-to-cart--text d-none d-sm-block">Carrinho</span>
                    </button>
                    </div>
                    </div>
                    </div>
                    </div>
                    
                    <div class="col-12 d-sm-none">
                    </div>
                    </div>
                    </div>
                    </div>
                    </div>
                    <div class="col-12 col-sm-3 col-lg-2 productTile" data-idx="34">
                    
                    <script type="text/javascript">//<!--
                    /* <![CDATA[ */
                    (function(){
                    try {
                        if(window.CQuotient) {
                        var cq_params = {};
                        
                        cq_params.cookieId = window.CQuotient.getCQCookieId();
                        cq_params.userId = window.CQuotient.getCQUserId();
                        cq_params.emailId = CQuotient.getCQHashedEmail();
                        cq_params.loginId = CQuotient.getCQHashedLogin();
                        cq_params.accumulate = true;
                        cq_params.products = [{
                            id: '5458826',
                            sku: ''
                        }];
                        cq_params.categoryId = 'laticinios';
                        cq_params.refinements = '[{\"name\":\"priceMin\",\"value\":\"0.01\"},{\"name\":\"priceMax\",\"value\":\"null\"},{\"name\":\"curr\",\"value\":\"EUR\"},{\"name\":\"Category\",\"value\":\"laticinios\"}]';
                        cq_params.personalized = 'false';
                        cq_params.sortingRule = 'FOOD-Laticinios';
                        cq_params.imageUUID = '__UNDEFINED__';
                        cq_params.realm = "BDVS";
                        cq_params.siteId = "continente";
                        cq_params.instanceType = "prd";
                        cq_params.queryLocale = "default";
                        cq_params.locale = window.CQuotient.locale;
                        
                        if(window.CQuotient.sendActivity)
                            window.CQuotient.sendActivity(CQuotient.clientId, 'viewCategory', cq_params);
                        else
                            window.CQuotient.activities.push({
                                activityType: 'viewCategory',
                                parameters: cq_params
                            });
                      }
                    } catch(err) {}
                    })();
                    /* ]]> */
                    // -->
                    </script>
                    <script type="text/javascript">//<!--
                    /* <![CDATA[ (viewCategoryProduct-active_data.js) */
                    (function(){
                    try {
                        if (dw.ac) {
                            var search_params = {};
                            search_params.persd = 'false';
                            search_params.refs = '[{\"name\":\"priceMin\",\"value\":\"0.01\"},{\"name\":\"priceMax\",\"value\":\"null\"},{\"name\":\"curr\",\"value\":\"EUR\"},{\"name\":\"Category\",\"value\":\"laticinios\"}]';
                            search_params.sort = 'FOOD-Laticinios';
                            search_params.imageUUID = '';
                            search_params.searchID = 'ff60679a-0a42-4d90-af85-afdcdfaee427';
                            search_params.locale = 'default';
                            search_params.queryLocale = 'default';
                            search_params.showProducts = 'true';
                            dw.ac.applyContext({category: "laticinios", searchData: search_params});
                            if (typeof dw.ac._scheduleDataSubmission === "function") {
                                dw.ac._scheduleDataSubmission();
                            }
                        }
                    } catch(err) {}
                    })();
                    /* ]]> */
                    // -->
                    </script>
                    <script type="text/javascript">//<!--
                    /* <![CDATA[ (viewProduct-active_data.js) */
                    dw.ac._capture({id: "5458826", type: "searchhit"});
                    /* ]]> */
                    // -->
                    </script>
                    <div class="product" data-pid="5458826">
                    <div class="product-tile pid-5458826 ct-product-tile data-layer-pushed" data-delay-time="3000" data-variants-mapping="[]" data-in-cart-msg="no carrinho" data-one-product-added="Adicionado ao carrinho" data-remove-from-cart-msg="Removido do carrinho" data-stay-open="6000.0" data-product-tile-impression="{&quot;name&quot;:&quot;5458826&quot;,&quot;id&quot;:&quot;5458826&quot;,&quot;price&quot;:1.69,&quot;brand&quot;:&quot;Shoyce&quot;,&quot;category&quot;:[{&quot;category_level_1&quot;:&quot;Laticínios e Ovos&quot;},{&quot;category_level_2&quot;:&quot;Bebidas Vegetais&quot;},{&quot;category_level_3&quot;:&quot;Bebida Soja&quot;}],&quot;variant&quot;:&quot;&quot;}">
                    <div class="ct-inner-tile-wrap row no-gutters justify-content-center align-content-start">
                    
                    <div class="ct-image-container col-4 col-sm" data-confirmation-image="{&quot;url&quot;:&quot;https://www.continente.pt/dw/image/v2/BDVS_PRD/on/demandware.static/-/Sites-col-master-catalog/default/dw409615ab/images/col/545/5458826-direito.jpg?sw=87&amp;sh=80&quot;,&quot;fallbackimage&quot;:{&quot;url&quot;:&quot;https://www.continente.pt/dw/image/v2/BDVS_PRD/on/demandware.static/Sites-continente-Site/-/default/dw7c42b4da/images/noimagelarge_product.png?sw=87&amp;sh=80&quot;,&quot;title&quot;:&quot;Bebida Vegetal de Soja Original&quot;,&quot;alt&quot;:&quot;Bebida Vegetal de Soja Original&quot;},&quot;title&quot;:&quot;Bebida Vegetal de Soja Original&quot;,&quot;alt&quot;:&quot;Bebida Vegetal de Soja Original&quot;}">
                    <a href="https://www.continente.pt/produto/bebida-vegetal-de-soja-original-shoyce-5458826.html?cgid=laticinios">
                    <picture class="intrinsic intrinsic--square">
                    <img class="ct-tile-image lazyloaded" loading="lazy" onerror="this.onerror=null;this.src='/on/demandware.static/Sites-continente-Site/-/default/dw7c42b4da/images/noimagelarge_product.png';" data-src="https://www.continente.pt/dw/image/v2/BDVS_PRD/on/demandware.static/-/Sites-col-master-catalog/default/dw409615ab/images/col/545/5458826-direito.jpg?sw=280&amp;sh=280" alt="Bebida Vegetal de Soja Original" title="Bebida Vegetal de Soja Original" src="https://www.continente.pt/dw/image/v2/BDVS_PRD/on/demandware.static/-/Sites-col-master-catalog/default/dw409615ab/images/col/545/5458826-direito.jpg?sw=280&amp;sh=280">
                    </picture>
                    </a>
                    <div class="color-swatches d-flex" style="margin-left: 5px;">
                    <div class="swatches d-flex">
                    </div>
                    </div>
                    </div>
                    <div class="ct-tile-body col col-sm-auto ">
                    <div class="ct-pdp-details">
                    <div class="ct-pdp-link">
                    <a class="ct-tile--description" href="https://www.continente.pt/produto/bebida-vegetal-de-soja-original-shoyce-5458826.html?cgid=laticinios">Bebida Vegetal de Soja Original</a>
                    <div class="ct-tile--favorite-top d-sm-none">
                    <button class="wishlist-toggler guest-mode inactive button button--tertiary" data-pid="5458826" data-add-url="https://www.continente.pt/on/demandware.store/Sites-continente-Site/default/Wishlist-AddProduct?pid=5458826" data-toggle="tooltip" aria-label="Adicionar aos favoritos " data-original-title="Adicionar aos favoritos" data-placement="top">
                    <svg class="active-content" width="100%" height="100%" viewBox="0 0 20 22" fill="none" xmlns="http://www.w3.org/2000/svg">
                    <path fill-rule="evenodd" clip-rule="evenodd" d="M0 1.53052C0 0.685236 0.692171 0 1.54601 0H15.0736C15.9274 0 16.6196 0.685235 16.6196 1.53052V13.4064L15.8127 13.922L14.2658 14.2658L12.7189 13.4064L10.6054 14.3818C10.4994 14.2451 10.3327 14.157 10.1452 14.157H6.76329C6.4431 14.157 6.18354 14.414 6.18354 14.731C6.18354 15.0479 6.4431 15.3049 6.76329 15.3049H10.1452C10.2478 15.3049 10.3441 15.2785 10.4277 15.2322L10.3126 16.8439L13.2345 20.2793H1.54601C0.69217 20.2793 0 19.5941 0 18.7488V1.53052ZM6.18354 5.5483C6.18354 5.23132 6.4431 4.97436 6.76329 4.97436H12.3676C12.6878 4.97436 12.9473 5.23132 12.9473 5.5483C12.9473 5.86528 12.6878 6.12224 12.3676 6.12224H6.76329C6.4431 6.12224 6.18354 5.86528 6.18354 5.5483ZM6.76329 11.0961C6.4431 11.0961 6.18354 11.3531 6.18354 11.6701C6.18354 11.987 6.4431 12.244 6.76329 12.244H12.3676C12.6878 12.244 12.9473 11.987 12.9473 11.6701C12.9473 11.3531 12.6878 11.0961 12.3676 11.0961H6.76329ZM6.18354 8.60985C6.18354 8.29287 6.4431 8.03591 6.76329 8.03591H12.3676C12.6878 8.03591 12.9473 8.29287 12.9473 8.60985C12.9473 8.92684 12.6878 9.1838 12.3676 9.1838H6.76329C6.4431 9.1838 6.18354 8.92684 6.18354 8.60985ZM3.67118 5.5483C3.67118 5.23132 3.93075 4.97436 4.25093 4.97436H4.63743C4.95762 4.97436 5.21719 5.23132 5.21719 5.5483C5.21719 5.86528 4.95762 6.12224 4.63743 6.12224H4.25093C3.93075 6.12224 3.67118 5.86528 3.67118 5.5483ZM4.25093 11.0961C3.93075 11.0961 3.67118 11.3531 3.67118 11.6701C3.67118 11.987 3.93075 12.244 4.25093 12.244H4.63743C4.95762 12.244 5.21719 11.987 5.21719 11.6701C5.21719 11.3531 4.95762 11.0961 4.63743 11.0961H4.25093ZM3.67118 8.60985C3.67118 8.29287 3.93075 8.03591 4.25093 8.03591H4.63743C4.95762 8.03591 5.21719 8.29287 5.21719 8.60985C5.21719 8.92684 4.95762 9.1838 4.63743 9.1838H4.25093C3.93075 9.1838 3.67118 8.92684 3.67118 8.60985ZM4.25093 14.157C3.93075 14.157 3.67118 14.414 3.67118 14.731C3.67118 15.0479 3.93075 15.3049 4.25093 15.3049H4.63743C4.95762 15.3049 5.21719 15.0479 5.21719 14.731C5.21719 14.414 4.95762 14.157 4.63743 14.157H4.25093Z" fill="#EB0203"></path>
                    <path fill-rule="evenodd" clip-rule="evenodd" d="M14.6252 13.6363C13.4918 12.6215 11.7817 12.5264 10.6569 13.4792C9.12421 14.7764 9.34841 16.8912 10.4409 18.0122L14.0159 21.6742C14.2197 21.8832 14.4928 22 14.7822 22C15.0737 22 15.3448 21.8852 15.5486 21.6762L19.1236 18.0142C20.214 16.8933 20.4423 14.7785 18.9075 13.4792C17.7827 12.5283 16.0724 12.6217 14.9391 13.6365C14.8855 13.6845 14.8331 13.7345 14.7822 13.7866C14.7313 13.7345 14.6789 13.6843 14.6252 13.6363ZM18.1546 14.3522C19.0973 15.1508 18.9962 16.4896 18.2891 17.2173C18.2888 17.2175 18.2886 17.2177 18.2884 17.218L14.7832 20.8084L11.2753 17.2151C11.2752 17.215 11.2751 17.2149 11.2749 17.2148C10.5677 16.4887 10.4678 15.1495 11.4104 14.3518L11.4108 14.3514C12.0745 13.7892 13.2018 13.82 13.9488 14.5846L14.7822 15.4378L15.6157 14.5846C16.3617 13.8211 17.4896 13.79 18.1545 14.3521" fill="#EB0203"></path>
                    </svg>
                    <svg class="inactive-content" width="100%" height="100%" viewBox="0 0 20 23" fill="none" xmlns="http://www.w3.org/2000/svg">
                    <path fill-rule="evenodd" clip-rule="evenodd" d="M6.18408 5.77914C6.18408 5.46223 6.44363 5.20532 6.7638 5.20532H12.3678C12.6879 5.20532 12.9475 5.46223 12.9475 5.77914C12.9475 6.09606 12.6879 6.35297 12.3678 6.35297H6.7638C6.44363 6.35297 6.18408 6.09606 6.18408 5.77914Z" fill="#EB0203"></path>
                    <path fill-rule="evenodd" clip-rule="evenodd" d="M6.18408 11.9034C6.18408 11.5865 6.44363 11.3296 6.7638 11.3296H12.3678C12.6879 11.3296 12.9475 11.5865 12.9475 11.9034C12.9475 12.2202 12.6879 12.4771 12.3678 12.4771H6.7638C6.44363 12.4771 6.18408 12.2202 6.18408 11.9034Z" fill="#EB0203"></path>
                    <path fill-rule="evenodd" clip-rule="evenodd" d="M6.18408 8.84116C6.18408 8.52424 6.44363 8.26733 6.7638 8.26733H12.3678C12.6879 8.26733 12.9475 8.52424 12.9475 8.84116C12.9475 9.15807 12.6879 9.41498 12.3678 9.41498H6.7638C6.44363 9.41498 6.18408 9.15807 6.18408 8.84116Z" fill="#EB0203"></path>
                    <path fill-rule="evenodd" clip-rule="evenodd" d="M6.18408 14.9655C6.18408 14.6486 6.44363 14.3917 6.7638 14.3917H10.1455C10.4657 14.3917 10.7252 14.6486 10.7252 14.9655C10.7252 15.2825 10.4657 15.5394 10.1455 15.5394H6.7638C6.44363 15.5394 6.18408 15.2825 6.18408 14.9655Z" fill="#EB0203"></path>
                    <path fill-rule="evenodd" clip-rule="evenodd" d="M3.67139 5.77914C3.67139 5.46223 3.93094 5.20532 4.25111 5.20532H4.63759C4.95776 5.20532 5.21731 5.46223 5.21731 5.77914C5.21731 6.09606 4.95776 6.35297 4.63759 6.35297H4.25111C3.93094 6.35297 3.67139 6.09606 3.67139 5.77914Z" fill="#EB0203"></path>
                    <path fill-rule="evenodd" clip-rule="evenodd" d="M3.67139 11.9034C3.67139 11.5865 3.93094 11.3296 4.25111 11.3296H4.63759C4.95776 11.3296 5.21731 11.5865 5.21731 11.9034C5.21731 12.2202 4.95776 12.4771 4.63759 12.4771H4.25111C3.93094 12.4771 3.67139 12.2202 3.67139 11.9034Z" fill="#EB0203"></path>
                    <path fill-rule="evenodd" clip-rule="evenodd" d="M3.67139 8.84116C3.67139 8.52424 3.93094 8.26733 4.25111 8.26733H4.63759C4.95776 8.26733 5.21731 8.52424 5.21731 8.84116C5.21731 9.15807 4.95776 9.41498 4.63759 9.41498H4.25111C3.93094 9.41498 3.67139 9.15807 3.67139 8.84116Z" fill="#EB0203"></path>
                    <path fill-rule="evenodd" clip-rule="evenodd" d="M3.67139 14.9655C3.67139 14.6486 3.93094 14.3917 4.25111 14.3917H4.63759C4.95776 14.3917 5.21731 14.6486 5.21731 14.9655C5.21731 15.2825 4.95776 15.5394 4.63759 15.5394H4.25111C3.93094 15.5394 3.67139 15.2825 3.67139 14.9655Z" fill="#EB0203"></path>
                    <path fill-rule="evenodd" clip-rule="evenodd" d="M0 1.76033C0 0.914738 0.692131 0.229248 1.54592 0.229248H15.0727C15.9265 0.229248 16.6186 0.914738 16.6186 1.76033V11.2818C16.6186 11.5989 16.3591 11.8559 16.0389 11.8559C15.7187 11.8559 15.4592 11.5989 15.4592 11.2818V1.76033C15.4592 1.54893 15.2862 1.37756 15.0727 1.37756H1.54592C1.33247 1.37756 1.15944 1.54893 1.15944 1.76033V18.985C1.15944 19.1964 1.33247 19.3678 1.54592 19.3678H9.27551C9.59568 19.3678 9.85523 19.6249 9.85523 19.942C9.85523 20.2591 9.59568 20.5161 9.27551 20.5161H1.54592C0.692131 20.5161 0 19.8306 0 18.985V1.76033Z" fill="#EB0203"></path>
                    <path fill-rule="evenodd" clip-rule="evenodd" d="M14.6254 13.8718C13.4921 12.8567 11.7821 12.7615 10.6574 13.7147C9.12472 15.0124 9.34891 17.128 10.4413 18.2493L14.0161 21.9126C14.2199 22.1217 14.493 22.2386 14.7824 22.2386C15.0739 22.2386 15.3449 22.1238 15.5487 21.9147L19.1235 18.2514C20.2139 17.13 20.4422 15.0144 18.9075 13.7147C17.7827 12.7634 16.0726 12.8569 14.9392 13.872C14.8856 13.92 14.8333 13.9701 14.7824 14.0222C14.7314 13.97 14.6791 13.9199 14.6254 13.8718ZM18.1546 14.588C19.0972 15.3869 18.9961 16.7262 18.2891 17.4541C18.2888 17.4543 18.2886 17.4546 18.2884 17.4548L14.7834 21.0466L11.2757 17.452C11.2756 17.4519 11.2755 17.4517 11.2753 17.4516C10.5681 16.7252 10.4682 15.3856 11.4108 14.5876L11.4112 14.5872C12.0748 14.0248 13.202 14.0556 13.949 14.8205L14.7824 15.674L15.6158 14.8205C16.3618 14.0567 17.4896 14.0256 18.1545 14.5879" fill="#EB0203"></path>
                    </svg>
                    </button>
                    </div>
                    </div>
                    <p class="ct-tile--brand">Shoyce</p>
                    <p class="ct-tile--quantity">emb. 1 lt</p>
                    </div>
                    <div class="ct-tile-bottom row no-gutters justify-content-between">
                    <div class="ct-price-wrap col-8 col-sm-12">
                    <div class="price js-product-price">
                    <div class="prices-wrapper">
                    <span class="sales ct-tile--price-primary ">
                    <span class="value" content="1.69">
                    <span class="ct-price-formatted">
                    €1,69
                    </span>
                    <span class="ct-m-unit">
                    /un
                    </span>
                    </span>
                    </span>
                    </div>
                    <div class="ct-tile--price-secondary">
                    <span class="ct-price-value">
                    €1,69
                    </span>
                    <span class="ct-m-unit">
                    /lt
                    </span>
                    </div>
                    </div>
                    </div>
                    <div class="ct-tile-buy-section d-flex justify-content-center no-gutters col-auto col-sm-12">
                    <div class="col-2 d-sm-flex d-none">
                    <button class="wishlist-toggler guest-mode inactive button button--tertiary" data-pid="5458826" data-add-url="https://www.continente.pt/on/demandware.store/Sites-continente-Site/default/Wishlist-AddProduct?pid=5458826" data-toggle="tooltip" aria-label="Adicionar aos favoritos " data-original-title="Adicionar aos favoritos" data-placement="top">
                    <svg class="active-content" width="100%" height="100%" viewBox="0 0 20 22" fill="none" xmlns="http://www.w3.org/2000/svg">
                    <path fill-rule="evenodd" clip-rule="evenodd" d="M0 1.53052C0 0.685236 0.692171 0 1.54601 0H15.0736C15.9274 0 16.6196 0.685235 16.6196 1.53052V13.4064L15.8127 13.922L14.2658 14.2658L12.7189 13.4064L10.6054 14.3818C10.4994 14.2451 10.3327 14.157 10.1452 14.157H6.76329C6.4431 14.157 6.18354 14.414 6.18354 14.731C6.18354 15.0479 6.4431 15.3049 6.76329 15.3049H10.1452C10.2478 15.3049 10.3441 15.2785 10.4277 15.2322L10.3126 16.8439L13.2345 20.2793H1.54601C0.69217 20.2793 0 19.5941 0 18.7488V1.53052ZM6.18354 5.5483C6.18354 5.23132 6.4431 4.97436 6.76329 4.97436H12.3676C12.6878 4.97436 12.9473 5.23132 12.9473 5.5483C12.9473 5.86528 12.6878 6.12224 12.3676 6.12224H6.76329C6.4431 6.12224 6.18354 5.86528 6.18354 5.5483ZM6.76329 11.0961C6.4431 11.0961 6.18354 11.3531 6.18354 11.6701C6.18354 11.987 6.4431 12.244 6.76329 12.244H12.3676C12.6878 12.244 12.9473 11.987 12.9473 11.6701C12.9473 11.3531 12.6878 11.0961 12.3676 11.0961H6.76329ZM6.18354 8.60985C6.18354 8.29287 6.4431 8.03591 6.76329 8.03591H12.3676C12.6878 8.03591 12.9473 8.29287 12.9473 8.60985C12.9473 8.92684 12.6878 9.1838 12.3676 9.1838H6.76329C6.4431 9.1838 6.18354 8.92684 6.18354 8.60985ZM3.67118 5.5483C3.67118 5.23132 3.93075 4.97436 4.25093 4.97436H4.63743C4.95762 4.97436 5.21719 5.23132 5.21719 5.5483C5.21719 5.86528 4.95762 6.12224 4.63743 6.12224H4.25093C3.93075 6.12224 3.67118 5.86528 3.67118 5.5483ZM4.25093 11.0961C3.93075 11.0961 3.67118 11.3531 3.67118 11.6701C3.67118 11.987 3.93075 12.244 4.25093 12.244H4.63743C4.95762 12.244 5.21719 11.987 5.21719 11.6701C5.21719 11.3531 4.95762 11.0961 4.63743 11.0961H4.25093ZM3.67118 8.60985C3.67118 8.29287 3.93075 8.03591 4.25093 8.03591H4.63743C4.95762 8.03591 5.21719 8.29287 5.21719 8.60985C5.21719 8.92684 4.95762 9.1838 4.63743 9.1838H4.25093C3.93075 9.1838 3.67118 8.92684 3.67118 8.60985ZM4.25093 14.157C3.93075 14.157 3.67118 14.414 3.67118 14.731C3.67118 15.0479 3.93075 15.3049 4.25093 15.3049H4.63743C4.95762 15.3049 5.21719 15.0479 5.21719 14.731C5.21719 14.414 4.95762 14.157 4.63743 14.157H4.25093Z" fill="#EB0203"></path>
                    <path fill-rule="evenodd" clip-rule="evenodd" d="M14.6252 13.6363C13.4918 12.6215 11.7817 12.5264 10.6569 13.4792C9.12421 14.7764 9.34841 16.8912 10.4409 18.0122L14.0159 21.6742C14.2197 21.8832 14.4928 22 14.7822 22C15.0737 22 15.3448 21.8852 15.5486 21.6762L19.1236 18.0142C20.214 16.8933 20.4423 14.7785 18.9075 13.4792C17.7827 12.5283 16.0724 12.6217 14.9391 13.6365C14.8855 13.6845 14.8331 13.7345 14.7822 13.7866C14.7313 13.7345 14.6789 13.6843 14.6252 13.6363ZM18.1546 14.3522C19.0973 15.1508 18.9962 16.4896 18.2891 17.2173C18.2888 17.2175 18.2886 17.2177 18.2884 17.218L14.7832 20.8084L11.2753 17.2151C11.2752 17.215 11.2751 17.2149 11.2749 17.2148C10.5677 16.4887 10.4678 15.1495 11.4104 14.3518L11.4108 14.3514C12.0745 13.7892 13.2018 13.82 13.9488 14.5846L14.7822 15.4378L15.6157 14.5846C16.3617 13.8211 17.4896 13.79 18.1545 14.3521" fill="#EB0203"></path>
                    </svg>
                    <svg class="inactive-content" width="100%" height="100%" viewBox="0 0 20 23" fill="none" xmlns="http://www.w3.org/2000/svg">
                    <path fill-rule="evenodd" clip-rule="evenodd" d="M6.18408 5.77914C6.18408 5.46223 6.44363 5.20532 6.7638 5.20532H12.3678C12.6879 5.20532 12.9475 5.46223 12.9475 5.77914C12.9475 6.09606 12.6879 6.35297 12.3678 6.35297H6.7638C6.44363 6.35297 6.18408 6.09606 6.18408 5.77914Z" fill="#EB0203"></path>
                    <path fill-rule="evenodd" clip-rule="evenodd" d="M6.18408 11.9034C6.18408 11.5865 6.44363 11.3296 6.7638 11.3296H12.3678C12.6879 11.3296 12.9475 11.5865 12.9475 11.9034C12.9475 12.2202 12.6879 12.4771 12.3678 12.4771H6.7638C6.44363 12.4771 6.18408 12.2202 6.18408 11.9034Z" fill="#EB0203"></path>
                    <path fill-rule="evenodd" clip-rule="evenodd" d="M6.18408 8.84116C6.18408 8.52424 6.44363 8.26733 6.7638 8.26733H12.3678C12.6879 8.26733 12.9475 8.52424 12.9475 8.84116C12.9475 9.15807 12.6879 9.41498 12.3678 9.41498H6.7638C6.44363 9.41498 6.18408 9.15807 6.18408 8.84116Z" fill="#EB0203"></path>
                    <path fill-rule="evenodd" clip-rule="evenodd" d="M6.18408 14.9655C6.18408 14.6486 6.44363 14.3917 6.7638 14.3917H10.1455C10.4657 14.3917 10.7252 14.6486 10.7252 14.9655C10.7252 15.2825 10.4657 15.5394 10.1455 15.5394H6.7638C6.44363 15.5394 6.18408 15.2825 6.18408 14.9655Z" fill="#EB0203"></path>
                    <path fill-rule="evenodd" clip-rule="evenodd" d="M3.67139 5.77914C3.67139 5.46223 3.93094 5.20532 4.25111 5.20532H4.63759C4.95776 5.20532 5.21731 5.46223 5.21731 5.77914C5.21731 6.09606 4.95776 6.35297 4.63759 6.35297H4.25111C3.93094 6.35297 3.67139 6.09606 3.67139 5.77914Z" fill="#EB0203"></path>
                    <path fill-rule="evenodd" clip-rule="evenodd" d="M3.67139 11.9034C3.67139 11.5865 3.93094 11.3296 4.25111 11.3296H4.63759C4.95776 11.3296 5.21731 11.5865 5.21731 11.9034C5.21731 12.2202 4.95776 12.4771 4.63759 12.4771H4.25111C3.93094 12.4771 3.67139 12.2202 3.67139 11.9034Z" fill="#EB0203"></path>
                    <path fill-rule="evenodd" clip-rule="evenodd" d="M3.67139 8.84116C3.67139 8.52424 3.93094 8.26733 4.25111 8.26733H4.63759C4.95776 8.26733 5.21731 8.52424 5.21731 8.84116C5.21731 9.15807 4.95776 9.41498 4.63759 9.41498H4.25111C3.93094 9.41498 3.67139 9.15807 3.67139 8.84116Z" fill="#EB0203"></path>
                    <path fill-rule="evenodd" clip-rule="evenodd" d="M3.67139 14.9655C3.67139 14.6486 3.93094 14.3917 4.25111 14.3917H4.63759C4.95776 14.3917 5.21731 14.6486 5.21731 14.9655C5.21731 15.2825 4.95776 15.5394 4.63759 15.5394H4.25111C3.93094 15.5394 3.67139 15.2825 3.67139 14.9655Z" fill="#EB0203"></path>
                    <path fill-rule="evenodd" clip-rule="evenodd" d="M0 1.76033C0 0.914738 0.692131 0.229248 1.54592 0.229248H15.0727C15.9265 0.229248 16.6186 0.914738 16.6186 1.76033V11.2818C16.6186 11.5989 16.3591 11.8559 16.0389 11.8559C15.7187 11.8559 15.4592 11.5989 15.4592 11.2818V1.76033C15.4592 1.54893 15.2862 1.37756 15.0727 1.37756H1.54592C1.33247 1.37756 1.15944 1.54893 1.15944 1.76033V18.985C1.15944 19.1964 1.33247 19.3678 1.54592 19.3678H9.27551C9.59568 19.3678 9.85523 19.6249 9.85523 19.942C9.85523 20.2591 9.59568 20.5161 9.27551 20.5161H1.54592C0.692131 20.5161 0 19.8306 0 18.985V1.76033Z" fill="#EB0203"></path>
                    <path fill-rule="evenodd" clip-rule="evenodd" d="M14.6254 13.8718C13.4921 12.8567 11.7821 12.7615 10.6574 13.7147C9.12472 15.0124 9.34891 17.128 10.4413 18.2493L14.0161 21.9126C14.2199 22.1217 14.493 22.2386 14.7824 22.2386C15.0739 22.2386 15.3449 22.1238 15.5487 21.9147L19.1235 18.2514C20.2139 17.13 20.4422 15.0144 18.9075 13.7147C17.7827 12.7634 16.0726 12.8569 14.9392 13.872C14.8856 13.92 14.8333 13.9701 14.7824 14.0222C14.7314 13.97 14.6791 13.9199 14.6254 13.8718ZM18.1546 14.588C19.0972 15.3869 18.9961 16.7262 18.2891 17.4541C18.2888 17.4543 18.2886 17.4546 18.2884 17.4548L14.7834 21.0466L11.2757 17.452C11.2756 17.4519 11.2755 17.4517 11.2753 17.4516C10.5681 16.7252 10.4682 15.3856 11.4108 14.5876L11.4112 14.5872C12.0748 14.0248 13.202 14.0556 13.949 14.8205L14.7824 15.674L15.6158 14.8205C16.3618 14.0567 17.4896 14.0256 18.1545 14.5879" fill="#EB0203"></path>
                    </svg>
                    </button>
                    </div>
                    <div class="col-sm-10 col-12">
                    <div class="ct-tile-quantity d-none" data-pid="5458826">
                    <input type="hidden" class="add-to-cart-url" value="https://www.continente.pt/on/demandware.store/Sites-continente-Site/default/Cart-AddProduct">
                    <div class="d-none tile-delete-confirmation-btn" data-pid="5458826" data-delay-time="3000" data-in-cart-msg="no carrinho" data-one-product-added="Adicionado ao carrinho" data-remove-from-cart-msg="Removido do carrinho" data-stay-open="6000.0" data-confirmation-image="{&quot;url&quot;:&quot;https://www.continente.pt/dw/image/v2/BDVS_PRD/on/demandware.static/-/Sites-col-master-catalog/default/dw409615ab/images/col/545/5458826-direito.jpg?sw=87&amp;sh=80&quot;,&quot;fallbackimage&quot;:{&quot;url&quot;:&quot;https://www.continente.pt/dw/image/v2/BDVS_PRD/on/demandware.static/Sites-continente-Site/-/default/dw7c42b4da/images/noimagelarge_product.png?sw=87&amp;sh=80&quot;,&quot;title&quot;:&quot;Bebida Vegetal de Soja Original&quot;,&quot;alt&quot;:&quot;Bebida Vegetal de Soja Original&quot;},&quot;title&quot;:&quot;Bebida Vegetal de Soja Original&quot;,&quot;alt&quot;:&quot;Bebida Vegetal de Soja Original&quot;}"></div>
                    <div class="ct-tile-quantity-update quantity-update product-qty-vue" data-remove-action="https://www.continente.pt/on/demandware.store/Sites-continente-Site/default/Cart-RemoveProductLineItem" data-action="https://www.continente.pt/on/demandware.store/Sites-continente-Site/default/Cart-UpdateQuantity" data-dimension-update="https://www.continente.pt/on/demandware.store/Sites-continente-Site/default/Cart-DimensionUpdate" data-pid="5458826" data-uuid="d48afe89b49cf922b4cb8aa1d0" data-add-delay="500.0" data-measure-options="{&quot;hasConversionRate&quot;:false,&quot;hasAlternativeSaleUnit&quot;:false,&quot;unitConversionRate&quot;:0,&quot;minOrderQuantity&quot;:1,&quot;stepQuantity&quot;:1,&quot;primaryunit&quot;:&quot;un&quot;,&quot;secondaryunit&quot;:&quot;lt&quot;,&quot;selectedunit&quot;:&quot;primary&quot;,&quot;maxNumberOfUnitsPerSale&quot;:54}" data-price-available="null" :data-has-error="isMaxQtyReached || isMinQtyReached || qtySelectedMoreThanOne">
                    <template v-show="prodUnits">
                    <div class="quantity-input-wrapper has-units">
                    <label class="visually-hidden" :for="'quantity-' + pid + additionalTag">
                    Quantidade no carrinho
                    </label>
                    <input :ref="'quantityInput-' + pid + additionalTag" class="add-to-cart-quantity form-control ct-form-input text-center" inputmode="numeric" :class="{'is-invalid': isInvalid}" :data-pid="pid + additionalTag" :name="'quantity-' + pid + additionalTag" type="text" aria-label="Insira a quantidade" title="" v-model="displayValue" @change="updateQuantity" @focus="updateQtyFormat" @blur="restoreQtyFormat" :disabled="!isPriceAvailable">
                    <span class="quantity-icon quantity-icon--minus">
                    <button class="decrease-quantity-btn" @click="updateQuantity" :disabled="!isPriceAvailable" role="button" aria-label="Reduzir quantidade">
                    <i class="css-math-minus"></i>
                    </button>
                    </span>
                    <span class="quantity-icon quantity-icon--plus">
                    <button class="increase-quantity-btn" @click="updateQuantity" :disabled="isMaxQtyReached || !isPriceAvailable" role="button" aria-label="Aumentar quantidade">
                    <i class="css-math-plus"></i>
                    </button>
                    <span class="quantity-btn-disabled-placeholder"></span>
                    </span>
                    <template v-if="isPDP">
                    <span class="quantity-error ct-span-error text-sm-center product-max-allocation" v-if="isMaxQtyReached">
                    Quantidade máxima atingida
                    </span>
                    <span class="quantity-error ct-span-product text-sm-center product-allocation" v-if="!isMinQtyReached &amp;&amp; !isMaxQtyReached">
                    {{quantitySelected}} no carrinho
                    </span>
                    <span class="quantity-error ct-span-error text-sm-center product-min-allocation" :data-pid="pid" v-if="isMinQtyReached &amp;&amp; !isMaxQtyReached">
                    Quantidade mínima atingida
                    </span>
                    </template>
                    </div>
                    <template v-if="showNotes">
                    <div class="add-note-link-container ">
                    <div class="add-note">
                    <a href="/produto/bebida-vegetal-de-soja-original-shoyce-5458826.html?showNote=true" class="ct-add-note-redirect-pdp" aria-label="Adicionar comentário">
                    <span class="svg-wrapper svg-icon-notes" style="width:19px; height:20px">
                    <svg class="svg-inline icon-notes" viewBox="0 0 28 30" xmlns="http://www.w3.org/2000/svg" width="100%" height="100%"><path d="M21.738 0C22.985 0 24 1.04 24 2.319V12.47c0 .469-.37.848-.828.848-.457 0-.827-.38-.827-.848V2.32c0-.343-.273-.622-.607-.622H2.262c-.334 0-.607.279-.607.622V27.68c0 .343.273.622.607.622h7.81c.457 0 .827.38.827.849 0 .468-.37.848-.827.848h-7.81C1.015 30 0 28.96 0 27.681V2.32C0 1.04 1.015 0 2.262 0h19.476zm2.844 16.004l.227.007c.823.053 1.589.39 2.176.964.64.627.993 1.46.993 2.349 0 .888-.353 1.722-.993 2.348l-6.83 6.665c-.11.108-.247.186-.397.226l-5.032 1.363c-.078.021-.16.032-.241.032-.242 0-.478-.097-.647-.266-.23-.231-.314-.566-.218-.874l1.49-4.798c.044-.139.122-.266.227-.369l6.844-6.677c.64-.625 1.493-.97 2.401-.97zm-2.886 3.94l-4.922 4.802-.947 3.048 3.22-.872 4.897-4.78-2.248-2.197zm2.887-2.174c-.425 0-.824.162-1.124.455l-.484.472 2.248 2.197.484-.472c.62-.606.62-1.591 0-2.197l-.117-.104c-.283-.227-.636-.35-1.007-.35zm-10.839.022c.498 0 .904.396.904.883 0 .488-.406.884-.904.884H5.946c-.499 0-.904-.396-.904-.884 0-.487.405-.883.904-.883zm5.042-4.876c.498 0 .904.397.904.884s-.406.884-.904.884H5.946c-.499 0-.904-.397-.904-.884s.405-.884.904-.884zm0-4.875c.498 0 .904.396.904.884 0 .487-.406.883-.904.883H5.946c-.499 0-.904-.396-.904-.883 0-.488.405-.884.904-.884z" fill="#EB0203" fill-rule="evenodd"></path></svg>
                    </span>
                    <div class="available-note d-none"></div>
                    </a>
                    </div>
                    </div>
                    </template>
                    <div class="measurement-unit-section" v-if="isPriceAvailable &amp;&amp; prodUnits ? prodUnits.hasAlternativeUnit : false">
                    <div class="ct-form-radio" @click="setDimension">
                    <input type="radio" title="" class="ct-form-check-input product-measurement-unit" :data-type="prodUnits.selectedUnit == prodUnits.secondaryUnit ? 'primary' : ''" :id="prodUnits.secondaryUnit + '-' + pid + '-measurement-unit-ptile' + additionalTag" :name="'measurement-unit-' + pid + '-ptile' + additionalTag" :value="prodUnits.secondaryUnit" v-model="prodUnits.selectedUnit">
                    <label :class="prodUnits.secondaryUnit + '-label ct-form-check-label mb-0'" :for="prodUnits.secondaryUnit + '-' + pid + '-measurement-unit-ptile' + additionalTag">
                    {{prodUnits.secondaryUnit}}
                    </label>
                    <span class="checkmark"></span>
                    </div>
                    <div class="ct-form-radio" @click="setDimension">
                    <input type="radio" title="" class="ct-form-check-input product-measurement-unit" :data-type="prodUnits.selectedUnit == prodUnits.primaryUnit ? 'primary' : ''" :id="prodUnits.primaryUnit + '-' + pid + '-measurement-unit-ptile' + additionalTag" :name="'measurement-unit-' + pid + '-ptile' + additionalTag" :value="prodUnits.primaryUnit" v-model="prodUnits.selectedUnit">
                    <label :class="prodUnits.primaryUnit + '-label ct-form-check-label mb-0'" :for="prodUnits.primaryUnit + '-' + pid + '-measurement-unit-ptile' + additionalTag">
                    {{prodUnits.primaryUnit}}
                    </label>
                    <span class="checkmark"></span>
                    </div>
                    </div>
                    <template v-if="!isPDP &amp;&amp; isPriceAvailable">
                    <span class="quantity-error ct-span-error product-max-allocation" v-if="isMaxQtyReached">
                    Quantidade máxima atingida
                    </span>
                    <span class="quantity-error ct-span-product product-allocation" v-if="!isMinQtyReached &amp;&amp; !isMaxQtyReached">
                    {{quantitySelected}} no carrinho
                    </span>
                    <span class="quantity-error ct-span-error product-min-allocation" :data-pid="pid" v-if="isMinQtyReached &amp;&amp; !isMaxQtyReached">
                    Quantidade mínima atingida
                    </span>
                    </template>
                    </template>
                    </div>
                    <input class="quantity-value-mask d-none" name="quantity" type="number" min="0" value="">
                    </div>
                    <button type="button" class="add-to-cart button js-add-to-cart js-add-to-cart-tile 5458826 button--primary dynamic-layout-btn" data-toggle="modal" data-target="#chooseBonusProductModal" data-pid="5458826" data-quantity-value="null" aria-label="Carrinho">
                    <span class="d-block d-sm-none">
                    <span class="svg-wrapper svg-icon-cart" style="width:20px; height:20px">
                    <svg class="svg-inline icon-cart" xmlns="http://www.w3.org/2000/svg" viewBox="0 0 500 500" width="100%" height="100%"><path fill="#EB0203" fill-rule="evenodd" d="M 485.67317,94.386311 C 476.37798,83.847129 463.09468,78.03348 448.30404,78.03348 H 90.690813 L 87.079511,51.327997 C 83.185582,22.539551 62.962285,0 41.011841,0 H 14.727836 C 6.563151,0 0,6.5286975 0,14.580758 c 0,8.05206 6.5945535,14.580758 14.727836,14.580758 h 26.284005 c 4.710398,0 14.696435,9.855222 16.894619,26.021523 L 100.01739,368.0631 c 1.88416,13.77244 9.01256,26.70549 20.1605,36.37417 8.25889,7.15046 18.02511,11.9071 28.26237,13.89679 -4.17655,7.58572 -6.53175,16.25957 -6.53175,25.493 0,29.53459 24.27424,53.59751 54.13815,53.59751 29.8325,0 54.13814,-24.03184 54.13814,-53.59751 0,-8.79818 -2.19818,-17.09897 -5.9979,-24.43598 h 77.12488 c -3.79973,7.33701 -5.96652,15.6378 -5.96652,24.43598 0,29.53459 24.27424,53.59751 54.13817,53.59751 29.83249,0 54.13814,-24.03184 54.13814,-53.59751 0,-8.79818 -2.1982,-17.09897 -5.9979,-24.43598 h 38.56243 c 8.13328,0 14.72783,-6.5287 14.72783,-14.61183 0,-8.02098 -6.59455,-14.54967 -14.72783,-14.54967 H 159.24277 c -14.38241,0 -28.13677,-11.90711 -30.02092,-26.02153 l -3.07746,-22.88154 h 290.6314 c 14.03698,0 27.94834,-5.28513 39.06488,-14.95381 11.11652,-9.6376 18.27632,-22.57065 20.16048,-36.37417 l 21.10259,-156.78201 c 1.94694,-14.51858 -2.10398,-28.29103 -11.43057,-38.861299 z M 220.76053,443.82706 c 0,13.49265 -11.08513,24.46709 -24.68247,24.46709 -13.62874,0 -24.71387,-10.97444 -24.71387,-24.46709 0,-13.49262 11.08513,-24.43598 24.71387,-24.43598 13.59734,0 24.68247,10.94336 24.68247,24.43598 z m 173.43675,0 c 0,13.49265 -11.08512,24.46709 -24.68245,24.46709 -13.62876,0 -24.71388,-10.97444 -24.71388,-24.46709 0,-13.49262 11.08512,-24.43598 24.71388,-24.43598 13.59733,0 24.68245,10.94336 24.68245,24.43598 z m 73.7648,-314.46558 -21.13397,156.782 c -1.88416,14.11442 -15.63851,26.05261 -30.02091,26.05261 H 122.25046 L 94.616142,107.19499 H 448.33544 c 6.18632,0 11.61896,2.2695 15.23028,6.37326 3.64269,4.13484 5.21283,9.73086 4.39636,15.79323 z"></path></svg>
                    </span>
                    </span>
                    <span class="add-to-cart--text d-none d-sm-block">Carrinho</span>
                    </button>
                    </div>
                    </div>
                    </div>
                    </div>
                    
                    <div class="col-12 d-sm-none">
                    </div>
                    </div>
                    </div>
                    </div>
                    </div>
                    <div class="col-12 col-sm-3 col-lg-2 productTile" data-idx="35">
                    
                    <script type="text/javascript">//<!--
                    /* <![CDATA[ */
                    (function(){
                    try {
                        if(window.CQuotient) {
                        var cq_params = {};
                        
                        cq_params.cookieId = window.CQuotient.getCQCookieId();
                        cq_params.userId = window.CQuotient.getCQUserId();
                        cq_params.emailId = CQuotient.getCQHashedEmail();
                        cq_params.loginId = CQuotient.getCQHashedLogin();
                        cq_params.accumulate = true;
                        cq_params.products = [{
                            id: '2210961',
                            sku: ''
                        }];
                        cq_params.categoryId = 'laticinios';
                        cq_params.refinements = '[{\"name\":\"priceMin\",\"value\":\"0.01\"},{\"name\":\"priceMax\",\"value\":\"null\"},{\"name\":\"curr\",\"value\":\"EUR\"},{\"name\":\"Category\",\"value\":\"laticinios\"}]';
                        cq_params.personalized = 'false';
                        cq_params.sortingRule = 'FOOD-Laticinios';
                        cq_params.imageUUID = '__UNDEFINED__';
                        cq_params.realm = "BDVS";
                        cq_params.siteId = "continente";
                        cq_params.instanceType = "prd";
                        cq_params.queryLocale = "default";
                        cq_params.locale = window.CQuotient.locale;
                        
                        if(window.CQuotient.sendActivity)
                            window.CQuotient.sendActivity(CQuotient.clientId, 'viewCategory', cq_params);
                        else
                            window.CQuotient.activities.push({
                                activityType: 'viewCategory',
                                parameters: cq_params
                            });
                      }
                    } catch(err) {}
                    })();
                    /* ]]> */
                    // -->
                    </script>
                    <script type="text/javascript">//<!--
                    /* <![CDATA[ (viewCategoryProduct-active_data.js) */
                    (function(){
                    try {
                        if (dw.ac) {
                            var search_params = {};
                            search_params.persd = 'false';
                            search_params.refs = '[{\"name\":\"priceMin\",\"value\":\"0.01\"},{\"name\":\"priceMax\",\"value\":\"null\"},{\"name\":\"curr\",\"value\":\"EUR\"},{\"name\":\"Category\",\"value\":\"laticinios\"}]';
                            search_params.sort = 'FOOD-Laticinios';
                            search_params.imageUUID = '';
                            search_params.searchID = 'ff60679a-0a42-4d90-af85-afdcdfaee427';
                            search_params.locale = 'default';
                            search_params.queryLocale = 'default';
                            search_params.showProducts = 'true';
                            dw.ac.applyContext({category: "laticinios", searchData: search_params});
                            if (typeof dw.ac._scheduleDataSubmission === "function") {
                                dw.ac._scheduleDataSubmission();
                            }
                        }
                    } catch(err) {}
                    })();
                    /* ]]> */
                    // -->
                    </script>
                    <script type="text/javascript">//<!--
                    /* <![CDATA[ (viewProduct-active_data.js) */
                    dw.ac._capture({id: "2210961", type: "searchhit"});
                    /* ]]> */
                    // -->
                    </script>
                    <div class="product" data-pid="2210961">
                    <div class="product-tile pid-2210961 ct-product-tile data-layer-pushed" data-delay-time="3000" data-variants-mapping="[]" data-in-cart-msg="no carrinho" data-one-product-added="Adicionado ao carrinho" data-remove-from-cart-msg="Removido do carrinho" data-stay-open="6000.0" data-product-tile-impression="{&quot;name&quot;:&quot;2210961&quot;,&quot;id&quot;:&quot;2210961&quot;,&quot;price&quot;:0.82,&quot;brand&quot;:&quot;Agros&quot;,&quot;category&quot;:[{&quot;category_level_1&quot;:&quot;Laticínios e Ovos&quot;},{&quot;category_level_2&quot;:&quot;Leite&quot;},{&quot;category_level_3&quot;:&quot;Leite Meio Gordo&quot;}],&quot;variant&quot;:&quot;&quot;}">
                    <div class="ct-inner-tile-wrap row no-gutters justify-content-center align-content-start">
                    <div class="ct-product-tile-badge ct-product-tile-badge--promotional">
                    <img class="img-fluid lazyloaded" loading="lazy" data-src="https://www.continente.pt/dw/image/v2/BDVS_PRD/on/demandware.static/-/Sites-continente-Library/default/dwf5980f2e/images/badges/pvpr/col/pvpr.png?sw=60&amp;sh=42" alt="PVP Recomendado: €0,92/un" title="PVP Recomendado: €0,92/un" src="https://www.continente.pt/dw/image/v2/BDVS_PRD/on/demandware.static/-/Sites-continente-Library/default/dwf5980f2e/images/badges/pvpr/col/pvpr.png?sw=60&amp;sh=42">
                    <div class="ct-product-tile-badge-value-wrapper ct-product-tile-badge-value-wrapper--pvpr  ">
                    <span class="ct-product-tile-badge-value--pvpr">
                    10
                    </span>
                    <span class="ct-product-tile-badge-value--pvpr-quantifier ">
                    %
                    </span>
                    </div>
                    </div>
                    
                    <div class="ct-image-container col-4 col-sm" data-confirmation-image="{&quot;url&quot;:&quot;https://www.continente.pt/dw/image/v2/BDVS_PRD/on/demandware.static/-/Sites-col-master-catalog/default/dw9d124679/images/col/221/2210961-frente.jpg?sw=87&amp;sh=80&quot;,&quot;fallbackimage&quot;:{&quot;url&quot;:&quot;https://www.continente.pt/dw/image/v2/BDVS_PRD/on/demandware.static/Sites-continente-Site/-/default/dw7c42b4da/images/noimagelarge_product.png?sw=87&amp;sh=80&quot;,&quot;title&quot;:&quot;Leite UHT Meio Gordo&quot;,&quot;alt&quot;:&quot;Leite UHT Meio Gordo&quot;},&quot;title&quot;:&quot;Leite UHT Meio Gordo&quot;,&quot;alt&quot;:&quot;Leite UHT Meio Gordo&quot;}">
                    <a href="https://www.continente.pt/produto/leite-uht-meio-gordo-agros-2210961.html?cgid=laticinios">
                    <picture class="intrinsic intrinsic--square">
                    <img class="ct-tile-image lazyloaded" loading="lazy" onerror="this.onerror=null;this.src='/on/demandware.static/Sites-continente-Site/-/default/dw7c42b4da/images/noimagelarge_product.png';" data-src="https://www.continente.pt/dw/image/v2/BDVS_PRD/on/demandware.static/-/Sites-col-master-catalog/default/dw9d124679/images/col/221/2210961-frente.jpg?sw=280&amp;sh=280" alt="Leite UHT Meio Gordo" title="Leite UHT Meio Gordo" src="https://www.continente.pt/dw/image/v2/BDVS_PRD/on/demandware.static/-/Sites-col-master-catalog/default/dw9d124679/images/col/221/2210961-frente.jpg?sw=280&amp;sh=280">
                    </picture>
                    </a>
                    <div class="color-swatches d-flex" style="margin-left: 5px;">
                    <div class="swatches d-flex">
                    </div>
                    </div>
                    </div>
                    <div class="ct-tile-body col col-sm-auto ">
                    <div class="ct-pdp-details">
                    <div class="ct-pdp-link">
                    <a class="ct-tile--description" href="https://www.continente.pt/produto/leite-uht-meio-gordo-agros-2210961.html?cgid=laticinios">Leite UHT Meio Gordo</a>
                    <div class="ct-tile--favorite-top d-sm-none">
                    <button class="wishlist-toggler guest-mode inactive button button--tertiary" data-pid="2210961" data-add-url="https://www.continente.pt/on/demandware.store/Sites-continente-Site/default/Wishlist-AddProduct?pid=2210961" data-toggle="tooltip" aria-label="Adicionar aos favoritos " data-original-title="Adicionar aos favoritos" data-placement="top">
                    <svg class="active-content" width="100%" height="100%" viewBox="0 0 20 22" fill="none" xmlns="http://www.w3.org/2000/svg">
                    <path fill-rule="evenodd" clip-rule="evenodd" d="M0 1.53052C0 0.685236 0.692171 0 1.54601 0H15.0736C15.9274 0 16.6196 0.685235 16.6196 1.53052V13.4064L15.8127 13.922L14.2658 14.2658L12.7189 13.4064L10.6054 14.3818C10.4994 14.2451 10.3327 14.157 10.1452 14.157H6.76329C6.4431 14.157 6.18354 14.414 6.18354 14.731C6.18354 15.0479 6.4431 15.3049 6.76329 15.3049H10.1452C10.2478 15.3049 10.3441 15.2785 10.4277 15.2322L10.3126 16.8439L13.2345 20.2793H1.54601C0.69217 20.2793 0 19.5941 0 18.7488V1.53052ZM6.18354 5.5483C6.18354 5.23132 6.4431 4.97436 6.76329 4.97436H12.3676C12.6878 4.97436 12.9473 5.23132 12.9473 5.5483C12.9473 5.86528 12.6878 6.12224 12.3676 6.12224H6.76329C6.4431 6.12224 6.18354 5.86528 6.18354 5.5483ZM6.76329 11.0961C6.4431 11.0961 6.18354 11.3531 6.18354 11.6701C6.18354 11.987 6.4431 12.244 6.76329 12.244H12.3676C12.6878 12.244 12.9473 11.987 12.9473 11.6701C12.9473 11.3531 12.6878 11.0961 12.3676 11.0961H6.76329ZM6.18354 8.60985C6.18354 8.29287 6.4431 8.03591 6.76329 8.03591H12.3676C12.6878 8.03591 12.9473 8.29287 12.9473 8.60985C12.9473 8.92684 12.6878 9.1838 12.3676 9.1838H6.76329C6.4431 9.1838 6.18354 8.92684 6.18354 8.60985ZM3.67118 5.5483C3.67118 5.23132 3.93075 4.97436 4.25093 4.97436H4.63743C4.95762 4.97436 5.21719 5.23132 5.21719 5.5483C5.21719 5.86528 4.95762 6.12224 4.63743 6.12224H4.25093C3.93075 6.12224 3.67118 5.86528 3.67118 5.5483ZM4.25093 11.0961C3.93075 11.0961 3.67118 11.3531 3.67118 11.6701C3.67118 11.987 3.93075 12.244 4.25093 12.244H4.63743C4.95762 12.244 5.21719 11.987 5.21719 11.6701C5.21719 11.3531 4.95762 11.0961 4.63743 11.0961H4.25093ZM3.67118 8.60985C3.67118 8.29287 3.93075 8.03591 4.25093 8.03591H4.63743C4.95762 8.03591 5.21719 8.29287 5.21719 8.60985C5.21719 8.92684 4.95762 9.1838 4.63743 9.1838H4.25093C3.93075 9.1838 3.67118 8.92684 3.67118 8.60985ZM4.25093 14.157C3.93075 14.157 3.67118 14.414 3.67118 14.731C3.67118 15.0479 3.93075 15.3049 4.25093 15.3049H4.63743C4.95762 15.3049 5.21719 15.0479 5.21719 14.731C5.21719 14.414 4.95762 14.157 4.63743 14.157H4.25093Z" fill="#EB0203"></path>
                    <path fill-rule="evenodd" clip-rule="evenodd" d="M14.6252 13.6363C13.4918 12.6215 11.7817 12.5264 10.6569 13.4792C9.12421 14.7764 9.34841 16.8912 10.4409 18.0122L14.0159 21.6742C14.2197 21.8832 14.4928 22 14.7822 22C15.0737 22 15.3448 21.8852 15.5486 21.6762L19.1236 18.0142C20.214 16.8933 20.4423 14.7785 18.9075 13.4792C17.7827 12.5283 16.0724 12.6217 14.9391 13.6365C14.8855 13.6845 14.8331 13.7345 14.7822 13.7866C14.7313 13.7345 14.6789 13.6843 14.6252 13.6363ZM18.1546 14.3522C19.0973 15.1508 18.9962 16.4896 18.2891 17.2173C18.2888 17.2175 18.2886 17.2177 18.2884 17.218L14.7832 20.8084L11.2753 17.2151C11.2752 17.215 11.2751 17.2149 11.2749 17.2148C10.5677 16.4887 10.4678 15.1495 11.4104 14.3518L11.4108 14.3514C12.0745 13.7892 13.2018 13.82 13.9488 14.5846L14.7822 15.4378L15.6157 14.5846C16.3617 13.8211 17.4896 13.79 18.1545 14.3521" fill="#EB0203"></path>
                    </svg>
                    <svg class="inactive-content" width="100%" height="100%" viewBox="0 0 20 23" fill="none" xmlns="http://www.w3.org/2000/svg">
                    <path fill-rule="evenodd" clip-rule="evenodd" d="M6.18408 5.77914C6.18408 5.46223 6.44363 5.20532 6.7638 5.20532H12.3678C12.6879 5.20532 12.9475 5.46223 12.9475 5.77914C12.9475 6.09606 12.6879 6.35297 12.3678 6.35297H6.7638C6.44363 6.35297 6.18408 6.09606 6.18408 5.77914Z" fill="#EB0203"></path>
                    <path fill-rule="evenodd" clip-rule="evenodd" d="M6.18408 11.9034C6.18408 11.5865 6.44363 11.3296 6.7638 11.3296H12.3678C12.6879 11.3296 12.9475 11.5865 12.9475 11.9034C12.9475 12.2202 12.6879 12.4771 12.3678 12.4771H6.7638C6.44363 12.4771 6.18408 12.2202 6.18408 11.9034Z" fill="#EB0203"></path>
                    <path fill-rule="evenodd" clip-rule="evenodd" d="M6.18408 8.84116C6.18408 8.52424 6.44363 8.26733 6.7638 8.26733H12.3678C12.6879 8.26733 12.9475 8.52424 12.9475 8.84116C12.9475 9.15807 12.6879 9.41498 12.3678 9.41498H6.7638C6.44363 9.41498 6.18408 9.15807 6.18408 8.84116Z" fill="#EB0203"></path>
                    <path fill-rule="evenodd" clip-rule="evenodd" d="M6.18408 14.9655C6.18408 14.6486 6.44363 14.3917 6.7638 14.3917H10.1455C10.4657 14.3917 10.7252 14.6486 10.7252 14.9655C10.7252 15.2825 10.4657 15.5394 10.1455 15.5394H6.7638C6.44363 15.5394 6.18408 15.2825 6.18408 14.9655Z" fill="#EB0203"></path>
                    <path fill-rule="evenodd" clip-rule="evenodd" d="M3.67139 5.77914C3.67139 5.46223 3.93094 5.20532 4.25111 5.20532H4.63759C4.95776 5.20532 5.21731 5.46223 5.21731 5.77914C5.21731 6.09606 4.95776 6.35297 4.63759 6.35297H4.25111C3.93094 6.35297 3.67139 6.09606 3.67139 5.77914Z" fill="#EB0203"></path>
                    <path fill-rule="evenodd" clip-rule="evenodd" d="M3.67139 11.9034C3.67139 11.5865 3.93094 11.3296 4.25111 11.3296H4.63759C4.95776 11.3296 5.21731 11.5865 5.21731 11.9034C5.21731 12.2202 4.95776 12.4771 4.63759 12.4771H4.25111C3.93094 12.4771 3.67139 12.2202 3.67139 11.9034Z" fill="#EB0203"></path>
                    <path fill-rule="evenodd" clip-rule="evenodd" d="M3.67139 8.84116C3.67139 8.52424 3.93094 8.26733 4.25111 8.26733H4.63759C4.95776 8.26733 5.21731 8.52424 5.21731 8.84116C5.21731 9.15807 4.95776 9.41498 4.63759 9.41498H4.25111C3.93094 9.41498 3.67139 9.15807 3.67139 8.84116Z" fill="#EB0203"></path>
                    <path fill-rule="evenodd" clip-rule="evenodd" d="M3.67139 14.9655C3.67139 14.6486 3.93094 14.3917 4.25111 14.3917H4.63759C4.95776 14.3917 5.21731 14.6486 5.21731 14.9655C5.21731 15.2825 4.95776 15.5394 4.63759 15.5394H4.25111C3.93094 15.5394 3.67139 15.2825 3.67139 14.9655Z" fill="#EB0203"></path>
                    <path fill-rule="evenodd" clip-rule="evenodd" d="M0 1.76033C0 0.914738 0.692131 0.229248 1.54592 0.229248H15.0727C15.9265 0.229248 16.6186 0.914738 16.6186 1.76033V11.2818C16.6186 11.5989 16.3591 11.8559 16.0389 11.8559C15.7187 11.8559 15.4592 11.5989 15.4592 11.2818V1.76033C15.4592 1.54893 15.2862 1.37756 15.0727 1.37756H1.54592C1.33247 1.37756 1.15944 1.54893 1.15944 1.76033V18.985C1.15944 19.1964 1.33247 19.3678 1.54592 19.3678H9.27551C9.59568 19.3678 9.85523 19.6249 9.85523 19.942C9.85523 20.2591 9.59568 20.5161 9.27551 20.5161H1.54592C0.692131 20.5161 0 19.8306 0 18.985V1.76033Z" fill="#EB0203"></path>
                    <path fill-rule="evenodd" clip-rule="evenodd" d="M14.6254 13.8718C13.4921 12.8567 11.7821 12.7615 10.6574 13.7147C9.12472 15.0124 9.34891 17.128 10.4413 18.2493L14.0161 21.9126C14.2199 22.1217 14.493 22.2386 14.7824 22.2386C15.0739 22.2386 15.3449 22.1238 15.5487 21.9147L19.1235 18.2514C20.2139 17.13 20.4422 15.0144 18.9075 13.7147C17.7827 12.7634 16.0726 12.8569 14.9392 13.872C14.8856 13.92 14.8333 13.9701 14.7824 14.0222C14.7314 13.97 14.6791 13.9199 14.6254 13.8718ZM18.1546 14.588C19.0972 15.3869 18.9961 16.7262 18.2891 17.4541C18.2888 17.4543 18.2886 17.4546 18.2884 17.4548L14.7834 21.0466L11.2757 17.452C11.2756 17.4519 11.2755 17.4517 11.2753 17.4516C10.5681 16.7252 10.4682 15.3856 11.4108 14.5876L11.4112 14.5872C12.0748 14.0248 13.202 14.0556 13.949 14.8205L14.7824 15.674L15.6158 14.8205C16.3618 14.0567 17.4896 14.0256 18.1545 14.5879" fill="#EB0203"></path>
                    </svg>
                    </button>
                    </div>
                    </div>
                    <p class="ct-tile--brand">Agros</p>
                    <p class="ct-tile--quantity">emb. 1 lt</p>
                    </div>
                    
                    <div class="ct-tile-bottom row no-gutters justify-content-between">
                    <div class="ct-price-wrap col-8 col-sm-12">
                    <div class="price js-product-price">
                    <div class="prices-wrapper">
                    <span class="sales ct-tile--price-primary ">
                    <span class="value" content="0.82">
                    <span class="ct-price-formatted">
                    €0,82
                    </span>
                    <span class="ct-m-unit">
                    /un
                    </span>
                    </span>
                    </span>
                    </div>
                    <div class="ct-tile--price-secondary">
                    <span class="ct-price-value">
                    €0,82
                    </span>
                    <span class="ct-m-unit">
                    /lt
                    </span>
                    </div>
                    <p class="ct-discount-amount ct-discount-amount-pvpr">PVP Recomendado: €0,92/un</p>
                    </div>
                    </div>
                    <div class="ct-tile-buy-section d-flex justify-content-center no-gutters col-auto col-sm-12">
                    <div class="col-2 d-sm-flex d-none">
                    <button class="wishlist-toggler guest-mode inactive button button--tertiary" data-pid="2210961" data-add-url="https://www.continente.pt/on/demandware.store/Sites-continente-Site/default/Wishlist-AddProduct?pid=2210961" data-toggle="tooltip" aria-label="Adicionar aos favoritos " data-original-title="Adicionar aos favoritos" data-placement="top">
                    <svg class="active-content" width="100%" height="100%" viewBox="0 0 20 22" fill="none" xmlns="http://www.w3.org/2000/svg">
                    <path fill-rule="evenodd" clip-rule="evenodd" d="M0 1.53052C0 0.685236 0.692171 0 1.54601 0H15.0736C15.9274 0 16.6196 0.685235 16.6196 1.53052V13.4064L15.8127 13.922L14.2658 14.2658L12.7189 13.4064L10.6054 14.3818C10.4994 14.2451 10.3327 14.157 10.1452 14.157H6.76329C6.4431 14.157 6.18354 14.414 6.18354 14.731C6.18354 15.0479 6.4431 15.3049 6.76329 15.3049H10.1452C10.2478 15.3049 10.3441 15.2785 10.4277 15.2322L10.3126 16.8439L13.2345 20.2793H1.54601C0.69217 20.2793 0 19.5941 0 18.7488V1.53052ZM6.18354 5.5483C6.18354 5.23132 6.4431 4.97436 6.76329 4.97436H12.3676C12.6878 4.97436 12.9473 5.23132 12.9473 5.5483C12.9473 5.86528 12.6878 6.12224 12.3676 6.12224H6.76329C6.4431 6.12224 6.18354 5.86528 6.18354 5.5483ZM6.76329 11.0961C6.4431 11.0961 6.18354 11.3531 6.18354 11.6701C6.18354 11.987 6.4431 12.244 6.76329 12.244H12.3676C12.6878 12.244 12.9473 11.987 12.9473 11.6701C12.9473 11.3531 12.6878 11.0961 12.3676 11.0961H6.76329ZM6.18354 8.60985C6.18354 8.29287 6.4431 8.03591 6.76329 8.03591H12.3676C12.6878 8.03591 12.9473 8.29287 12.9473 8.60985C12.9473 8.92684 12.6878 9.1838 12.3676 9.1838H6.76329C6.4431 9.1838 6.18354 8.92684 6.18354 8.60985ZM3.67118 5.5483C3.67118 5.23132 3.93075 4.97436 4.25093 4.97436H4.63743C4.95762 4.97436 5.21719 5.23132 5.21719 5.5483C5.21719 5.86528 4.95762 6.12224 4.63743 6.12224H4.25093C3.93075 6.12224 3.67118 5.86528 3.67118 5.5483ZM4.25093 11.0961C3.93075 11.0961 3.67118 11.3531 3.67118 11.6701C3.67118 11.987 3.93075 12.244 4.25093 12.244H4.63743C4.95762 12.244 5.21719 11.987 5.21719 11.6701C5.21719 11.3531 4.95762 11.0961 4.63743 11.0961H4.25093ZM3.67118 8.60985C3.67118 8.29287 3.93075 8.03591 4.25093 8.03591H4.63743C4.95762 8.03591 5.21719 8.29287 5.21719 8.60985C5.21719 8.92684 4.95762 9.1838 4.63743 9.1838H4.25093C3.93075 9.1838 3.67118 8.92684 3.67118 8.60985ZM4.25093 14.157C3.93075 14.157 3.67118 14.414 3.67118 14.731C3.67118 15.0479 3.93075 15.3049 4.25093 15.3049H4.63743C4.95762 15.3049 5.21719 15.0479 5.21719 14.731C5.21719 14.414 4.95762 14.157 4.63743 14.157H4.25093Z" fill="#EB0203"></path>
                    <path fill-rule="evenodd" clip-rule="evenodd" d="M14.6252 13.6363C13.4918 12.6215 11.7817 12.5264 10.6569 13.4792C9.12421 14.7764 9.34841 16.8912 10.4409 18.0122L14.0159 21.6742C14.2197 21.8832 14.4928 22 14.7822 22C15.0737 22 15.3448 21.8852 15.5486 21.6762L19.1236 18.0142C20.214 16.8933 20.4423 14.7785 18.9075 13.4792C17.7827 12.5283 16.0724 12.6217 14.9391 13.6365C14.8855 13.6845 14.8331 13.7345 14.7822 13.7866C14.7313 13.7345 14.6789 13.6843 14.6252 13.6363ZM18.1546 14.3522C19.0973 15.1508 18.9962 16.4896 18.2891 17.2173C18.2888 17.2175 18.2886 17.2177 18.2884 17.218L14.7832 20.8084L11.2753 17.2151C11.2752 17.215 11.2751 17.2149 11.2749 17.2148C10.5677 16.4887 10.4678 15.1495 11.4104 14.3518L11.4108 14.3514C12.0745 13.7892 13.2018 13.82 13.9488 14.5846L14.7822 15.4378L15.6157 14.5846C16.3617 13.8211 17.4896 13.79 18.1545 14.3521" fill="#EB0203"></path>
                    </svg>
                    <svg class="inactive-content" width="100%" height="100%" viewBox="0 0 20 23" fill="none" xmlns="http://www.w3.org/2000/svg">
                    <path fill-rule="evenodd" clip-rule="evenodd" d="M6.18408 5.77914C6.18408 5.46223 6.44363 5.20532 6.7638 5.20532H12.3678C12.6879 5.20532 12.9475 5.46223 12.9475 5.77914C12.9475 6.09606 12.6879 6.35297 12.3678 6.35297H6.7638C6.44363 6.35297 6.18408 6.09606 6.18408 5.77914Z" fill="#EB0203"></path>
                    <path fill-rule="evenodd" clip-rule="evenodd" d="M6.18408 11.9034C6.18408 11.5865 6.44363 11.3296 6.7638 11.3296H12.3678C12.6879 11.3296 12.9475 11.5865 12.9475 11.9034C12.9475 12.2202 12.6879 12.4771 12.3678 12.4771H6.7638C6.44363 12.4771 6.18408 12.2202 6.18408 11.9034Z" fill="#EB0203"></path>
                    <path fill-rule="evenodd" clip-rule="evenodd" d="M6.18408 8.84116C6.18408 8.52424 6.44363 8.26733 6.7638 8.26733H12.3678C12.6879 8.26733 12.9475 8.52424 12.9475 8.84116C12.9475 9.15807 12.6879 9.41498 12.3678 9.41498H6.7638C6.44363 9.41498 6.18408 9.15807 6.18408 8.84116Z" fill="#EB0203"></path>
                    <path fill-rule="evenodd" clip-rule="evenodd" d="M6.18408 14.9655C6.18408 14.6486 6.44363 14.3917 6.7638 14.3917H10.1455C10.4657 14.3917 10.7252 14.6486 10.7252 14.9655C10.7252 15.2825 10.4657 15.5394 10.1455 15.5394H6.7638C6.44363 15.5394 6.18408 15.2825 6.18408 14.9655Z" fill="#EB0203"></path>
                    <path fill-rule="evenodd" clip-rule="evenodd" d="M3.67139 5.77914C3.67139 5.46223 3.93094 5.20532 4.25111 5.20532H4.63759C4.95776 5.20532 5.21731 5.46223 5.21731 5.77914C5.21731 6.09606 4.95776 6.35297 4.63759 6.35297H4.25111C3.93094 6.35297 3.67139 6.09606 3.67139 5.77914Z" fill="#EB0203"></path>
                    <path fill-rule="evenodd" clip-rule="evenodd" d="M3.67139 11.9034C3.67139 11.5865 3.93094 11.3296 4.25111 11.3296H4.63759C4.95776 11.3296 5.21731 11.5865 5.21731 11.9034C5.21731 12.2202 4.95776 12.4771 4.63759 12.4771H4.25111C3.93094 12.4771 3.67139 12.2202 3.67139 11.9034Z" fill="#EB0203"></path>
                    <path fill-rule="evenodd" clip-rule="evenodd" d="M3.67139 8.84116C3.67139 8.52424 3.93094 8.26733 4.25111 8.26733H4.63759C4.95776 8.26733 5.21731 8.52424 5.21731 8.84116C5.21731 9.15807 4.95776 9.41498 4.63759 9.41498H4.25111C3.93094 9.41498 3.67139 9.15807 3.67139 8.84116Z" fill="#EB0203"></path>
                    <path fill-rule="evenodd" clip-rule="evenodd" d="M3.67139 14.9655C3.67139 14.6486 3.93094 14.3917 4.25111 14.3917H4.63759C4.95776 14.3917 5.21731 14.6486 5.21731 14.9655C5.21731 15.2825 4.95776 15.5394 4.63759 15.5394H4.25111C3.93094 15.5394 3.67139 15.2825 3.67139 14.9655Z" fill="#EB0203"></path>
                    <path fill-rule="evenodd" clip-rule="evenodd" d="M0 1.76033C0 0.914738 0.692131 0.229248 1.54592 0.229248H15.0727C15.9265 0.229248 16.6186 0.914738 16.6186 1.76033V11.2818C16.6186 11.5989 16.3591 11.8559 16.0389 11.8559C15.7187 11.8559 15.4592 11.5989 15.4592 11.2818V1.76033C15.4592 1.54893 15.2862 1.37756 15.0727 1.37756H1.54592C1.33247 1.37756 1.15944 1.54893 1.15944 1.76033V18.985C1.15944 19.1964 1.33247 19.3678 1.54592 19.3678H9.27551C9.59568 19.3678 9.85523 19.6249 9.85523 19.942C9.85523 20.2591 9.59568 20.5161 9.27551 20.5161H1.54592C0.692131 20.5161 0 19.8306 0 18.985V1.76033Z" fill="#EB0203"></path>
                    <path fill-rule="evenodd" clip-rule="evenodd" d="M14.6254 13.8718C13.4921 12.8567 11.7821 12.7615 10.6574 13.7147C9.12472 15.0124 9.34891 17.128 10.4413 18.2493L14.0161 21.9126C14.2199 22.1217 14.493 22.2386 14.7824 22.2386C15.0739 22.2386 15.3449 22.1238 15.5487 21.9147L19.1235 18.2514C20.2139 17.13 20.4422 15.0144 18.9075 13.7147C17.7827 12.7634 16.0726 12.8569 14.9392 13.872C14.8856 13.92 14.8333 13.9701 14.7824 14.0222C14.7314 13.97 14.6791 13.9199 14.6254 13.8718ZM18.1546 14.588C19.0972 15.3869 18.9961 16.7262 18.2891 17.4541C18.2888 17.4543 18.2886 17.4546 18.2884 17.4548L14.7834 21.0466L11.2757 17.452C11.2756 17.4519 11.2755 17.4517 11.2753 17.4516C10.5681 16.7252 10.4682 15.3856 11.4108 14.5876L11.4112 14.5872C12.0748 14.0248 13.202 14.0556 13.949 14.8205L14.7824 15.674L15.6158 14.8205C16.3618 14.0567 17.4896 14.0256 18.1545 14.5879" fill="#EB0203"></path>
                    </svg>
                    </button>
                    </div>
                    <div class="col-sm-10 col-12">
                    <div class="ct-tile-quantity d-none" data-pid="2210961">
                    <input type="hidden" class="add-to-cart-url" value="https://www.continente.pt/on/demandware.store/Sites-continente-Site/default/Cart-AddProduct">
                    <div class="d-none tile-delete-confirmation-btn" data-pid="2210961" data-delay-time="3000" data-in-cart-msg="no carrinho" data-one-product-added="Adicionado ao carrinho" data-remove-from-cart-msg="Removido do carrinho" data-stay-open="6000.0" data-confirmation-image="{&quot;url&quot;:&quot;https://www.continente.pt/dw/image/v2/BDVS_PRD/on/demandware.static/-/Sites-col-master-catalog/default/dw9d124679/images/col/221/2210961-frente.jpg?sw=87&amp;sh=80&quot;,&quot;fallbackimage&quot;:{&quot;url&quot;:&quot;https://www.continente.pt/dw/image/v2/BDVS_PRD/on/demandware.static/Sites-continente-Site/-/default/dw7c42b4da/images/noimagelarge_product.png?sw=87&amp;sh=80&quot;,&quot;title&quot;:&quot;Leite UHT Meio Gordo&quot;,&quot;alt&quot;:&quot;Leite UHT Meio Gordo&quot;},&quot;title&quot;:&quot;Leite UHT Meio Gordo&quot;,&quot;alt&quot;:&quot;Leite UHT Meio Gordo&quot;}"></div>
                    <div class="ct-tile-quantity-update quantity-update product-qty-vue" data-remove-action="https://www.continente.pt/on/demandware.store/Sites-continente-Site/default/Cart-RemoveProductLineItem" data-action="https://www.continente.pt/on/demandware.store/Sites-continente-Site/default/Cart-UpdateQuantity" data-dimension-update="https://www.continente.pt/on/demandware.store/Sites-continente-Site/default/Cart-DimensionUpdate" data-pid="2210961" data-uuid="1e58f1ca9a84c82720365ef358" data-add-delay="500.0" data-measure-options="{&quot;hasConversionRate&quot;:false,&quot;hasAlternativeSaleUnit&quot;:false,&quot;unitConversionRate&quot;:0,&quot;minOrderQuantity&quot;:6,&quot;stepQuantity&quot;:6,&quot;primaryunit&quot;:&quot;un&quot;,&quot;secondaryunit&quot;:&quot;lt&quot;,&quot;selectedunit&quot;:&quot;primary&quot;,&quot;maxNumberOfUnitsPerSale&quot;:54}" data-price-available="null" :data-has-error="isMaxQtyReached || isMinQtyReached || qtySelectedMoreThanOne">
                    <template v-show="prodUnits">
                    <div class="quantity-input-wrapper has-units">
                    <label class="visually-hidden" :for="'quantity-' + pid + additionalTag">
                    Quantidade no carrinho
                    </label>
                    <input :ref="'quantityInput-' + pid + additionalTag" class="add-to-cart-quantity form-control ct-form-input text-center" inputmode="numeric" :class="{'is-invalid': isInvalid}" :data-pid="pid + additionalTag" :name="'quantity-' + pid + additionalTag" type="text" aria-label="Insira a quantidade" title="" v-model="displayValue" @change="updateQuantity" @focus="updateQtyFormat" @blur="restoreQtyFormat" :disabled="!isPriceAvailable">
                    <span class="quantity-icon quantity-icon--minus">
                    <button class="decrease-quantity-btn" @click="updateQuantity" :disabled="!isPriceAvailable" role="button" aria-label="Reduzir quantidade">
                    <i class="css-math-minus"></i>
                    </button>
                    </span>
                    <span class="quantity-icon quantity-icon--plus">
                    <button class="increase-quantity-btn" @click="updateQuantity" :disabled="isMaxQtyReached || !isPriceAvailable" role="button" aria-label="Aumentar quantidade">
                    <i class="css-math-plus"></i>
                    </button>
                    <span class="quantity-btn-disabled-placeholder"></span>
                    </span>
                    <template v-if="isPDP">
                    <span class="quantity-error ct-span-error text-sm-center product-max-allocation" v-if="isMaxQtyReached">
                    Quantidade máxima atingida
                    </span>
                    <span class="quantity-error ct-span-product text-sm-center product-allocation" v-if="!isMinQtyReached &amp;&amp; !isMaxQtyReached">
                    {{quantitySelected}} no carrinho
                    </span>
                    <span class="quantity-error ct-span-error text-sm-center product-min-allocation" :data-pid="pid" v-if="isMinQtyReached &amp;&amp; !isMaxQtyReached">
                    Quantidade mínima atingida
                    </span>
                    </template>
                    </div>
                    <template v-if="showNotes">
                    <div class="add-note-link-container ">
                    <div class="add-note">
                    <a href="/produto/leite-uht-meio-gordo-agros-2210961.html?showNote=true" class="ct-add-note-redirect-pdp" aria-label="Adicionar comentário">
                    <span class="svg-wrapper svg-icon-notes" style="width:19px; height:20px">
                    <svg class="svg-inline icon-notes" viewBox="0 0 28 30" xmlns="http://www.w3.org/2000/svg" width="100%" height="100%"><path d="M21.738 0C22.985 0 24 1.04 24 2.319V12.47c0 .469-.37.848-.828.848-.457 0-.827-.38-.827-.848V2.32c0-.343-.273-.622-.607-.622H2.262c-.334 0-.607.279-.607.622V27.68c0 .343.273.622.607.622h7.81c.457 0 .827.38.827.849 0 .468-.37.848-.827.848h-7.81C1.015 30 0 28.96 0 27.681V2.32C0 1.04 1.015 0 2.262 0h19.476zm2.844 16.004l.227.007c.823.053 1.589.39 2.176.964.64.627.993 1.46.993 2.349 0 .888-.353 1.722-.993 2.348l-6.83 6.665c-.11.108-.247.186-.397.226l-5.032 1.363c-.078.021-.16.032-.241.032-.242 0-.478-.097-.647-.266-.23-.231-.314-.566-.218-.874l1.49-4.798c.044-.139.122-.266.227-.369l6.844-6.677c.64-.625 1.493-.97 2.401-.97zm-2.886 3.94l-4.922 4.802-.947 3.048 3.22-.872 4.897-4.78-2.248-2.197zm2.887-2.174c-.425 0-.824.162-1.124.455l-.484.472 2.248 2.197.484-.472c.62-.606.62-1.591 0-2.197l-.117-.104c-.283-.227-.636-.35-1.007-.35zm-10.839.022c.498 0 .904.396.904.883 0 .488-.406.884-.904.884H5.946c-.499 0-.904-.396-.904-.884 0-.487.405-.883.904-.883zm5.042-4.876c.498 0 .904.397.904.884s-.406.884-.904.884H5.946c-.499 0-.904-.397-.904-.884s.405-.884.904-.884zm0-4.875c.498 0 .904.396.904.884 0 .487-.406.883-.904.883H5.946c-.499 0-.904-.396-.904-.883 0-.488.405-.884.904-.884z" fill="#EB0203" fill-rule="evenodd"></path></svg>
                    </span>
                    <div class="available-note d-none"></div>
                    </a>
                    </div>
                    </div>
                    </template>
                    <div class="measurement-unit-section" v-if="isPriceAvailable &amp;&amp; prodUnits ? prodUnits.hasAlternativeUnit : false">
                    <div class="ct-form-radio" @click="setDimension">
                    <input type="radio" title="" class="ct-form-check-input product-measurement-unit" :data-type="prodUnits.selectedUnit == prodUnits.secondaryUnit ? 'primary' : ''" :id="prodUnits.secondaryUnit + '-' + pid + '-measurement-unit-ptile' + additionalTag" :name="'measurement-unit-' + pid + '-ptile' + additionalTag" :value="prodUnits.secondaryUnit" v-model="prodUnits.selectedUnit">
                    <label :class="prodUnits.secondaryUnit + '-label ct-form-check-label mb-0'" :for="prodUnits.secondaryUnit + '-' + pid + '-measurement-unit-ptile' + additionalTag">
                    {{prodUnits.secondaryUnit}}
                    </label>
                    <span class="checkmark"></span>
                    </div>
                    <div class="ct-form-radio" @click="setDimension">
                    <input type="radio" title="" class="ct-form-check-input product-measurement-unit" :data-type="prodUnits.selectedUnit == prodUnits.primaryUnit ? 'primary' : ''" :id="prodUnits.primaryUnit + '-' + pid + '-measurement-unit-ptile' + additionalTag" :name="'measurement-unit-' + pid + '-ptile' + additionalTag" :value="prodUnits.primaryUnit" v-model="prodUnits.selectedUnit">
                    <label :class="prodUnits.primaryUnit + '-label ct-form-check-label mb-0'" :for="prodUnits.primaryUnit + '-' + pid + '-measurement-unit-ptile' + additionalTag">
                    {{prodUnits.primaryUnit}}
                    </label>
                    <span class="checkmark"></span>
                    </div>
                    </div>
                    <template v-if="!isPDP &amp;&amp; isPriceAvailable">
                    <span class="quantity-error ct-span-error product-max-allocation" v-if="isMaxQtyReached">
                    Quantidade máxima atingida
                    </span>
                    <span class="quantity-error ct-span-product product-allocation" v-if="!isMinQtyReached &amp;&amp; !isMaxQtyReached">
                    {{quantitySelected}} no carrinho
                    </span>
                    <span class="quantity-error ct-span-error product-min-allocation" :data-pid="pid" v-if="isMinQtyReached &amp;&amp; !isMaxQtyReached">
                    Quantidade mínima atingida
                    </span>
                    </template>
                    </template>
                    </div>
                    <input class="quantity-value-mask d-none" name="quantity" type="number" min="0" value="">
                    </div>
                    <button type="button" class="add-to-cart button js-add-to-cart js-add-to-cart-tile 2210961 button--primary dynamic-layout-btn" data-toggle="modal" data-target="#chooseBonusProductModal" data-pid="2210961" data-quantity-value="null" aria-label="Carrinho">
                    <span class="d-block d-sm-none">
                    <span class="svg-wrapper svg-icon-cart" style="width:20px; height:20px">
                    <svg class="svg-inline icon-cart" xmlns="http://www.w3.org/2000/svg" viewBox="0 0 500 500" width="100%" height="100%"><path fill="#EB0203" fill-rule="evenodd" d="M 485.67317,94.386311 C 476.37798,83.847129 463.09468,78.03348 448.30404,78.03348 H 90.690813 L 87.079511,51.327997 C 83.185582,22.539551 62.962285,0 41.011841,0 H 14.727836 C 6.563151,0 0,6.5286975 0,14.580758 c 0,8.05206 6.5945535,14.580758 14.727836,14.580758 h 26.284005 c 4.710398,0 14.696435,9.855222 16.894619,26.021523 L 100.01739,368.0631 c 1.88416,13.77244 9.01256,26.70549 20.1605,36.37417 8.25889,7.15046 18.02511,11.9071 28.26237,13.89679 -4.17655,7.58572 -6.53175,16.25957 -6.53175,25.493 0,29.53459 24.27424,53.59751 54.13815,53.59751 29.8325,0 54.13814,-24.03184 54.13814,-53.59751 0,-8.79818 -2.19818,-17.09897 -5.9979,-24.43598 h 77.12488 c -3.79973,7.33701 -5.96652,15.6378 -5.96652,24.43598 0,29.53459 24.27424,53.59751 54.13817,53.59751 29.83249,0 54.13814,-24.03184 54.13814,-53.59751 0,-8.79818 -2.1982,-17.09897 -5.9979,-24.43598 h 38.56243 c 8.13328,0 14.72783,-6.5287 14.72783,-14.61183 0,-8.02098 -6.59455,-14.54967 -14.72783,-14.54967 H 159.24277 c -14.38241,0 -28.13677,-11.90711 -30.02092,-26.02153 l -3.07746,-22.88154 h 290.6314 c 14.03698,0 27.94834,-5.28513 39.06488,-14.95381 11.11652,-9.6376 18.27632,-22.57065 20.16048,-36.37417 l 21.10259,-156.78201 c 1.94694,-14.51858 -2.10398,-28.29103 -11.43057,-38.861299 z M 220.76053,443.82706 c 0,13.49265 -11.08513,24.46709 -24.68247,24.46709 -13.62874,0 -24.71387,-10.97444 -24.71387,-24.46709 0,-13.49262 11.08513,-24.43598 24.71387,-24.43598 13.59734,0 24.68247,10.94336 24.68247,24.43598 z m 173.43675,0 c 0,13.49265 -11.08512,24.46709 -24.68245,24.46709 -13.62876,0 -24.71388,-10.97444 -24.71388,-24.46709 0,-13.49262 11.08512,-24.43598 24.71388,-24.43598 13.59733,0 24.68245,10.94336 24.68245,24.43598 z m 73.7648,-314.46558 -21.13397,156.782 c -1.88416,14.11442 -15.63851,26.05261 -30.02091,26.05261 H 122.25046 L 94.616142,107.19499 H 448.33544 c 6.18632,0 11.61896,2.2695 15.23028,6.37326 3.64269,4.13484 5.21283,9.73086 4.39636,15.79323 z"></path></svg>
                    </span>
                    </span>
                    <span class="add-to-cart--text d-none d-sm-block">Carrinho</span>
                    </button>
                    </div>
                    </div>
                    </div>
                    </div>
                    
                    <div class="col-12 d-sm-none">
                    </div>
                    </div>
                    </div>
                    </div>
                    </div>
                    <div class="col-12 col-sm-3 col-lg-2 productTile" data-idx="36">
                    
                    <script type="text/javascript">//<!--
                    /* <![CDATA[ */
                    (function(){
                    try {
                        if(window.CQuotient) {
                        var cq_params = {};
                        
                        cq_params.cookieId = window.CQuotient.getCQCookieId();
                        cq_params.userId = window.CQuotient.getCQUserId();
                        cq_params.emailId = CQuotient.getCQHashedEmail();
                        cq_params.loginId = CQuotient.getCQHashedLogin();
                        cq_params.accumulate = true;
                        cq_params.products = [{
                            id: '5784205',
                            sku: ''
                        }];
                        cq_params.categoryId = 'laticinios';
                        cq_params.refinements = '[{\"name\":\"priceMin\",\"value\":\"0.01\"},{\"name\":\"priceMax\",\"value\":\"null\"},{\"name\":\"curr\",\"value\":\"EUR\"},{\"name\":\"Category\",\"value\":\"laticinios\"}]';
                        cq_params.personalized = 'false';
                        cq_params.sortingRule = 'FOOD-Laticinios';
                        cq_params.imageUUID = '__UNDEFINED__';
                        cq_params.realm = "BDVS";
                        cq_params.siteId = "continente";
                        cq_params.instanceType = "prd";
                        cq_params.queryLocale = "default";
                        cq_params.locale = window.CQuotient.locale;
                        
                        if(window.CQuotient.sendActivity)
                            window.CQuotient.sendActivity(CQuotient.clientId, 'viewCategory', cq_params);
                        else
                            window.CQuotient.activities.push({
                                activityType: 'viewCategory',
                                parameters: cq_params
                            });
                      }
                    } catch(err) {}
                    })();
                    /* ]]> */
                    // -->
                    </script>
                    <script type="text/javascript">//<!--
                    /* <![CDATA[ (viewCategoryProduct-active_data.js) */
                    (function(){
                    try {
                        if (dw.ac) {
                            var search_params = {};
                            search_params.persd = 'false';
                            search_params.refs = '[{\"name\":\"priceMin\",\"value\":\"0.01\"},{\"name\":\"priceMax\",\"value\":\"null\"},{\"name\":\"curr\",\"value\":\"EUR\"},{\"name\":\"Category\",\"value\":\"laticinios\"}]';
                            search_params.sort = 'FOOD-Laticinios';
                            search_params.imageUUID = '';
                            search_params.searchID = 'ff60679a-0a42-4d90-af85-afdcdfaee427';
                            search_params.locale = 'default';
                            search_params.queryLocale = 'default';
                            search_params.showProducts = 'true';
                            dw.ac.applyContext({category: "laticinios", searchData: search_params});
                            if (typeof dw.ac._scheduleDataSubmission === "function") {
                                dw.ac._scheduleDataSubmission();
                            }
                        }
                    } catch(err) {}
                    })();
                    /* ]]> */
                    // -->
                    </script>
                    <script type="text/javascript">//<!--
                    /* <![CDATA[ (viewProduct-active_data.js) */
                    dw.ac._capture({id: "5784205", type: "searchhit"});
                    /* ]]> */
                    // -->
                    </script>
                    <div class="product" data-pid="5784205">
                    <div class="product-tile pid-5784205 ct-product-tile data-layer-pushed" data-delay-time="3000" data-variants-mapping="[]" data-in-cart-msg="no carrinho" data-one-product-added="Adicionado ao carrinho" data-remove-from-cart-msg="Removido do carrinho" data-stay-open="6000.0" data-product-tile-impression="{&quot;name&quot;:&quot;5784205&quot;,&quot;id&quot;:&quot;5784205&quot;,&quot;price&quot;:2.79,&quot;brand&quot;:&quot;Continente&quot;,&quot;category&quot;:[{&quot;category_level_1&quot;:&quot;Laticínios e Ovos&quot;},{&quot;category_level_2&quot;:&quot;Iogurtes&quot;},{&quot;category_level_3&quot;:&quot;Iogurtes Aromas e Naturais&quot;}],&quot;variant&quot;:&quot;&quot;}">
                    <div class="ct-inner-tile-wrap row no-gutters justify-content-center align-content-start">
                    
                    <div class="ct-image-container col-4 col-sm" data-confirmation-image="{&quot;url&quot;:&quot;https://www.continente.pt/dw/image/v2/BDVS_PRD/on/demandware.static/-/Sites-col-master-catalog/default/dw2608f093/images/col/578/5784205-hero.jpg?sw=87&amp;sh=80&quot;,&quot;fallbackimage&quot;:{&quot;url&quot;:&quot;https://www.continente.pt/dw/image/v2/BDVS_PRD/on/demandware.static/Sites-continente-Site/-/default/dw7c42b4da/images/noimagelarge_product.png?sw=87&amp;sh=80&quot;,&quot;title&quot;:&quot;Iogurte Aroma Tutti Frutti, Morango, Limão, Framboesa, Coco e Banana Pack Poupança&quot;,&quot;alt&quot;:&quot;Iogurte Aroma Tutti Frutti, Morango, Limão, Framboesa, Coco e Banana Pack Poupança&quot;},&quot;title&quot;:&quot;Iogurte Aroma Tutti Frutti, Morango, Limão, Framboesa, Coco e Banana Pack Poupança&quot;,&quot;alt&quot;:&quot;Iogurte Aroma Tutti Frutti, Morango, Limão, Framboesa, Coco e Banana Pack Poupança&quot;}">
                    <a href="https://www.continente.pt/produto/iogurte-aroma-tutti-frutti-morango-limao-framboesa-coco-e-banana-pack-poupanca-continente-5784205.html?cgid=laticinios">
                    <picture class="intrinsic intrinsic--square">
                    <img class="ct-tile-image lazyloaded" loading="lazy" onerror="this.onerror=null;this.src='/on/demandware.static/Sites-continente-Site/-/default/dw7c42b4da/images/noimagelarge_product.png';" data-src="https://www.continente.pt/dw/image/v2/BDVS_PRD/on/demandware.static/-/Sites-col-master-catalog/default/dw2608f093/images/col/578/5784205-hero.jpg?sw=280&amp;sh=280" alt="Iogurte Aroma Tutti Frutti, Morango, Limão, Framboesa, Coco e Banana Pack Poupança" title="Iogurte Aroma Tutti Frutti, Morango, Limão, Framboesa, Coco e Banana Pack Poupança" src="https://www.continente.pt/dw/image/v2/BDVS_PRD/on/demandware.static/-/Sites-col-master-catalog/default/dw2608f093/images/col/578/5784205-hero.jpg?sw=280&amp;sh=280">
                    </picture>
                    </a>
                    <div class=" ct-product-tile-badge ct-product-tile-badge--general">
                    <img class="img-fluid ct-tooltip-trigger lazyloaded" loading="lazy" data-src="https://www.continente.pt/dw/image/v2/BDVS_PRD/on/demandware.static/-/Sites-continente-Library/default/dw62d4c957/images/badges/general/col/madein.png?sw=25&amp;sh=25" alt="Crachá do produto" title="" data-toggle="tooltip" data-placement="right" data-original-title="Made in Portugal" src="https://www.continente.pt/dw/image/v2/BDVS_PRD/on/demandware.static/-/Sites-continente-Library/default/dw62d4c957/images/badges/general/col/madein.png?sw=25&amp;sh=25">
                    </div>
                    <div class="color-swatches d-flex" style="margin-left: 5px;">
                    <div class="swatches d-flex">
                    </div>
                    </div>
                    </div>
                    <div class="ct-tile-body col col-sm-auto ">
                    <div class="ct-pdp-details">
                    <div class="ct-pdp-link">
                    <a class="ct-tile--description" href="https://www.continente.pt/produto/iogurte-aroma-tutti-frutti-morango-limao-framboesa-coco-e-banana-pack-poupanca-continente-5784205.html?cgid=laticinios">Iogurte Aroma Tutti Frutti, Morango, Limão, Framboesa, Coco e Banana Pack Poupança</a>
                    <div class="ct-tile--favorite-top d-sm-none">
                    <button class="wishlist-toggler guest-mode inactive button button--tertiary" data-pid="5784205" data-add-url="https://www.continente.pt/on/demandware.store/Sites-continente-Site/default/Wishlist-AddProduct?pid=5784205" data-toggle="tooltip" aria-label="Adicionar aos favoritos " data-original-title="Adicionar aos favoritos" data-placement="top">
                    <svg class="active-content" width="100%" height="100%" viewBox="0 0 20 22" fill="none" xmlns="http://www.w3.org/2000/svg">
                    <path fill-rule="evenodd" clip-rule="evenodd" d="M0 1.53052C0 0.685236 0.692171 0 1.54601 0H15.0736C15.9274 0 16.6196 0.685235 16.6196 1.53052V13.4064L15.8127 13.922L14.2658 14.2658L12.7189 13.4064L10.6054 14.3818C10.4994 14.2451 10.3327 14.157 10.1452 14.157H6.76329C6.4431 14.157 6.18354 14.414 6.18354 14.731C6.18354 15.0479 6.4431 15.3049 6.76329 15.3049H10.1452C10.2478 15.3049 10.3441 15.2785 10.4277 15.2322L10.3126 16.8439L13.2345 20.2793H1.54601C0.69217 20.2793 0 19.5941 0 18.7488V1.53052ZM6.18354 5.5483C6.18354 5.23132 6.4431 4.97436 6.76329 4.97436H12.3676C12.6878 4.97436 12.9473 5.23132 12.9473 5.5483C12.9473 5.86528 12.6878 6.12224 12.3676 6.12224H6.76329C6.4431 6.12224 6.18354 5.86528 6.18354 5.5483ZM6.76329 11.0961C6.4431 11.0961 6.18354 11.3531 6.18354 11.6701C6.18354 11.987 6.4431 12.244 6.76329 12.244H12.3676C12.6878 12.244 12.9473 11.987 12.9473 11.6701C12.9473 11.3531 12.6878 11.0961 12.3676 11.0961H6.76329ZM6.18354 8.60985C6.18354 8.29287 6.4431 8.03591 6.76329 8.03591H12.3676C12.6878 8.03591 12.9473 8.29287 12.9473 8.60985C12.9473 8.92684 12.6878 9.1838 12.3676 9.1838H6.76329C6.4431 9.1838 6.18354 8.92684 6.18354 8.60985ZM3.67118 5.5483C3.67118 5.23132 3.93075 4.97436 4.25093 4.97436H4.63743C4.95762 4.97436 5.21719 5.23132 5.21719 5.5483C5.21719 5.86528 4.95762 6.12224 4.63743 6.12224H4.25093C3.93075 6.12224 3.67118 5.86528 3.67118 5.5483ZM4.25093 11.0961C3.93075 11.0961 3.67118 11.3531 3.67118 11.6701C3.67118 11.987 3.93075 12.244 4.25093 12.244H4.63743C4.95762 12.244 5.21719 11.987 5.21719 11.6701C5.21719 11.3531 4.95762 11.0961 4.63743 11.0961H4.25093ZM3.67118 8.60985C3.67118 8.29287 3.93075 8.03591 4.25093 8.03591H4.63743C4.95762 8.03591 5.21719 8.29287 5.21719 8.60985C5.21719 8.92684 4.95762 9.1838 4.63743 9.1838H4.25093C3.93075 9.1838 3.67118 8.92684 3.67118 8.60985ZM4.25093 14.157C3.93075 14.157 3.67118 14.414 3.67118 14.731C3.67118 15.0479 3.93075 15.3049 4.25093 15.3049H4.63743C4.95762 15.3049 5.21719 15.0479 5.21719 14.731C5.21719 14.414 4.95762 14.157 4.63743 14.157H4.25093Z" fill="#EB0203"></path>
                    <path fill-rule="evenodd" clip-rule="evenodd" d="M14.6252 13.6363C13.4918 12.6215 11.7817 12.5264 10.6569 13.4792C9.12421 14.7764 9.34841 16.8912 10.4409 18.0122L14.0159 21.6742C14.2197 21.8832 14.4928 22 14.7822 22C15.0737 22 15.3448 21.8852 15.5486 21.6762L19.1236 18.0142C20.214 16.8933 20.4423 14.7785 18.9075 13.4792C17.7827 12.5283 16.0724 12.6217 14.9391 13.6365C14.8855 13.6845 14.8331 13.7345 14.7822 13.7866C14.7313 13.7345 14.6789 13.6843 14.6252 13.6363ZM18.1546 14.3522C19.0973 15.1508 18.9962 16.4896 18.2891 17.2173C18.2888 17.2175 18.2886 17.2177 18.2884 17.218L14.7832 20.8084L11.2753 17.2151C11.2752 17.215 11.2751 17.2149 11.2749 17.2148C10.5677 16.4887 10.4678 15.1495 11.4104 14.3518L11.4108 14.3514C12.0745 13.7892 13.2018 13.82 13.9488 14.5846L14.7822 15.4378L15.6157 14.5846C16.3617 13.8211 17.4896 13.79 18.1545 14.3521" fill="#EB0203"></path>
                    </svg>
                    <svg class="inactive-content" width="100%" height="100%" viewBox="0 0 20 23" fill="none" xmlns="http://www.w3.org/2000/svg">
                    <path fill-rule="evenodd" clip-rule="evenodd" d="M6.18408 5.77914C6.18408 5.46223 6.44363 5.20532 6.7638 5.20532H12.3678C12.6879 5.20532 12.9475 5.46223 12.9475 5.77914C12.9475 6.09606 12.6879 6.35297 12.3678 6.35297H6.7638C6.44363 6.35297 6.18408 6.09606 6.18408 5.77914Z" fill="#EB0203"></path>
                    <path fill-rule="evenodd" clip-rule="evenodd" d="M6.18408 11.9034C6.18408 11.5865 6.44363 11.3296 6.7638 11.3296H12.3678C12.6879 11.3296 12.9475 11.5865 12.9475 11.9034C12.9475 12.2202 12.6879 12.4771 12.3678 12.4771H6.7638C6.44363 12.4771 6.18408 12.2202 6.18408 11.9034Z" fill="#EB0203"></path>
                    <path fill-rule="evenodd" clip-rule="evenodd" d="M6.18408 8.84116C6.18408 8.52424 6.44363 8.26733 6.7638 8.26733H12.3678C12.6879 8.26733 12.9475 8.52424 12.9475 8.84116C12.9475 9.15807 12.6879 9.41498 12.3678 9.41498H6.7638C6.44363 9.41498 6.18408 9.15807 6.18408 8.84116Z" fill="#EB0203"></path>
                    <path fill-rule="evenodd" clip-rule="evenodd" d="M6.18408 14.9655C6.18408 14.6486 6.44363 14.3917 6.7638 14.3917H10.1455C10.4657 14.3917 10.7252 14.6486 10.7252 14.9655C10.7252 15.2825 10.4657 15.5394 10.1455 15.5394H6.7638C6.44363 15.5394 6.18408 15.2825 6.18408 14.9655Z" fill="#EB0203"></path>
                    <path fill-rule="evenodd" clip-rule="evenodd" d="M3.67139 5.77914C3.67139 5.46223 3.93094 5.20532 4.25111 5.20532H4.63759C4.95776 5.20532 5.21731 5.46223 5.21731 5.77914C5.21731 6.09606 4.95776 6.35297 4.63759 6.35297H4.25111C3.93094 6.35297 3.67139 6.09606 3.67139 5.77914Z" fill="#EB0203"></path>
                    <path fill-rule="evenodd" clip-rule="evenodd" d="M3.67139 11.9034C3.67139 11.5865 3.93094 11.3296 4.25111 11.3296H4.63759C4.95776 11.3296 5.21731 11.5865 5.21731 11.9034C5.21731 12.2202 4.95776 12.4771 4.63759 12.4771H4.25111C3.93094 12.4771 3.67139 12.2202 3.67139 11.9034Z" fill="#EB0203"></path>
                    <path fill-rule="evenodd" clip-rule="evenodd" d="M3.67139 8.84116C3.67139 8.52424 3.93094 8.26733 4.25111 8.26733H4.63759C4.95776 8.26733 5.21731 8.52424 5.21731 8.84116C5.21731 9.15807 4.95776 9.41498 4.63759 9.41498H4.25111C3.93094 9.41498 3.67139 9.15807 3.67139 8.84116Z" fill="#EB0203"></path>
                    <path fill-rule="evenodd" clip-rule="evenodd" d="M3.67139 14.9655C3.67139 14.6486 3.93094 14.3917 4.25111 14.3917H4.63759C4.95776 14.3917 5.21731 14.6486 5.21731 14.9655C5.21731 15.2825 4.95776 15.5394 4.63759 15.5394H4.25111C3.93094 15.5394 3.67139 15.2825 3.67139 14.9655Z" fill="#EB0203"></path>
                    <path fill-rule="evenodd" clip-rule="evenodd" d="M0 1.76033C0 0.914738 0.692131 0.229248 1.54592 0.229248H15.0727C15.9265 0.229248 16.6186 0.914738 16.6186 1.76033V11.2818C16.6186 11.5989 16.3591 11.8559 16.0389 11.8559C15.7187 11.8559 15.4592 11.5989 15.4592 11.2818V1.76033C15.4592 1.54893 15.2862 1.37756 15.0727 1.37756H1.54592C1.33247 1.37756 1.15944 1.54893 1.15944 1.76033V18.985C1.15944 19.1964 1.33247 19.3678 1.54592 19.3678H9.27551C9.59568 19.3678 9.85523 19.6249 9.85523 19.942C9.85523 20.2591 9.59568 20.5161 9.27551 20.5161H1.54592C0.692131 20.5161 0 19.8306 0 18.985V1.76033Z" fill="#EB0203"></path>
                    <path fill-rule="evenodd" clip-rule="evenodd" d="M14.6254 13.8718C13.4921 12.8567 11.7821 12.7615 10.6574 13.7147C9.12472 15.0124 9.34891 17.128 10.4413 18.2493L14.0161 21.9126C14.2199 22.1217 14.493 22.2386 14.7824 22.2386C15.0739 22.2386 15.3449 22.1238 15.5487 21.9147L19.1235 18.2514C20.2139 17.13 20.4422 15.0144 18.9075 13.7147C17.7827 12.7634 16.0726 12.8569 14.9392 13.872C14.8856 13.92 14.8333 13.9701 14.7824 14.0222C14.7314 13.97 14.6791 13.9199 14.6254 13.8718ZM18.1546 14.588C19.0972 15.3869 18.9961 16.7262 18.2891 17.4541C18.2888 17.4543 18.2886 17.4546 18.2884 17.4548L14.7834 21.0466L11.2757 17.452C11.2756 17.4519 11.2755 17.4517 11.2753 17.4516C10.5681 16.7252 10.4682 15.3856 11.4108 14.5876L11.4112 14.5872C12.0748 14.0248 13.202 14.0556 13.949 14.8205L14.7824 15.674L15.6158 14.8205C16.3618 14.0567 17.4896 14.0256 18.1545 14.5879" fill="#EB0203"></path>
                    </svg>
                    </button>
                    </div>
                    </div>
                    <p class="ct-tile--brand">Continente</p>
                    <p class="ct-tile--quantity">emb. 2000 gr (16 un)</p>
                     </div>
                    <div class="ct-tile-bottom row no-gutters justify-content-between">
                    <div class="ct-price-wrap col-8 col-sm-12">
                    <div class="price js-product-price">
                    <div class="prices-wrapper">
                    <span class="sales ct-tile--price-primary ">
                    <span class="value" content="2.79">
                    <span class="ct-price-formatted">
                    €2,79
                    </span>
                    <span class="ct-m-unit">
                    /un
                    </span>
                    </span>
                    </span>
                    </div>
                    <div class="ct-tile--price-secondary">
                    <span class="ct-price-value">
                    €1,40
                    </span>
                    <span class="ct-m-unit">
                    /kg
                    </span>
                    </div>
                    </div>
                    </div>
                    <div class="ct-tile-buy-section d-flex justify-content-center no-gutters col-auto col-sm-12">
                    <div class="col-2 d-sm-flex d-none">
                    <button class="wishlist-toggler guest-mode inactive button button--tertiary" data-pid="5784205" data-add-url="https://www.continente.pt/on/demandware.store/Sites-continente-Site/default/Wishlist-AddProduct?pid=5784205" data-toggle="tooltip" aria-label="Adicionar aos favoritos " data-original-title="Adicionar aos favoritos" data-placement="top">
                    <svg class="active-content" width="100%" height="100%" viewBox="0 0 20 22" fill="none" xmlns="http://www.w3.org/2000/svg">
                    <path fill-rule="evenodd" clip-rule="evenodd" d="M0 1.53052C0 0.685236 0.692171 0 1.54601 0H15.0736C15.9274 0 16.6196 0.685235 16.6196 1.53052V13.4064L15.8127 13.922L14.2658 14.2658L12.7189 13.4064L10.6054 14.3818C10.4994 14.2451 10.3327 14.157 10.1452 14.157H6.76329C6.4431 14.157 6.18354 14.414 6.18354 14.731C6.18354 15.0479 6.4431 15.3049 6.76329 15.3049H10.1452C10.2478 15.3049 10.3441 15.2785 10.4277 15.2322L10.3126 16.8439L13.2345 20.2793H1.54601C0.69217 20.2793 0 19.5941 0 18.7488V1.53052ZM6.18354 5.5483C6.18354 5.23132 6.4431 4.97436 6.76329 4.97436H12.3676C12.6878 4.97436 12.9473 5.23132 12.9473 5.5483C12.9473 5.86528 12.6878 6.12224 12.3676 6.12224H6.76329C6.4431 6.12224 6.18354 5.86528 6.18354 5.5483ZM6.76329 11.0961C6.4431 11.0961 6.18354 11.3531 6.18354 11.6701C6.18354 11.987 6.4431 12.244 6.76329 12.244H12.3676C12.6878 12.244 12.9473 11.987 12.9473 11.6701C12.9473 11.3531 12.6878 11.0961 12.3676 11.0961H6.76329ZM6.18354 8.60985C6.18354 8.29287 6.4431 8.03591 6.76329 8.03591H12.3676C12.6878 8.03591 12.9473 8.29287 12.9473 8.60985C12.9473 8.92684 12.6878 9.1838 12.3676 9.1838H6.76329C6.4431 9.1838 6.18354 8.92684 6.18354 8.60985ZM3.67118 5.5483C3.67118 5.23132 3.93075 4.97436 4.25093 4.97436H4.63743C4.95762 4.97436 5.21719 5.23132 5.21719 5.5483C5.21719 5.86528 4.95762 6.12224 4.63743 6.12224H4.25093C3.93075 6.12224 3.67118 5.86528 3.67118 5.5483ZM4.25093 11.0961C3.93075 11.0961 3.67118 11.3531 3.67118 11.6701C3.67118 11.987 3.93075 12.244 4.25093 12.244H4.63743C4.95762 12.244 5.21719 11.987 5.21719 11.6701C5.21719 11.3531 4.95762 11.0961 4.63743 11.0961H4.25093ZM3.67118 8.60985C3.67118 8.29287 3.93075 8.03591 4.25093 8.03591H4.63743C4.95762 8.03591 5.21719 8.29287 5.21719 8.60985C5.21719 8.92684 4.95762 9.1838 4.63743 9.1838H4.25093C3.93075 9.1838 3.67118 8.92684 3.67118 8.60985ZM4.25093 14.157C3.93075 14.157 3.67118 14.414 3.67118 14.731C3.67118 15.0479 3.93075 15.3049 4.25093 15.3049H4.63743C4.95762 15.3049 5.21719 15.0479 5.21719 14.731C5.21719 14.414 4.95762 14.157 4.63743 14.157H4.25093Z" fill="#EB0203"></path>
                    <path fill-rule="evenodd" clip-rule="evenodd" d="M14.6252 13.6363C13.4918 12.6215 11.7817 12.5264 10.6569 13.4792C9.12421 14.7764 9.34841 16.8912 10.4409 18.0122L14.0159 21.6742C14.2197 21.8832 14.4928 22 14.7822 22C15.0737 22 15.3448 21.8852 15.5486 21.6762L19.1236 18.0142C20.214 16.8933 20.4423 14.7785 18.9075 13.4792C17.7827 12.5283 16.0724 12.6217 14.9391 13.6365C14.8855 13.6845 14.8331 13.7345 14.7822 13.7866C14.7313 13.7345 14.6789 13.6843 14.6252 13.6363ZM18.1546 14.3522C19.0973 15.1508 18.9962 16.4896 18.2891 17.2173C18.2888 17.2175 18.2886 17.2177 18.2884 17.218L14.7832 20.8084L11.2753 17.2151C11.2752 17.215 11.2751 17.2149 11.2749 17.2148C10.5677 16.4887 10.4678 15.1495 11.4104 14.3518L11.4108 14.3514C12.0745 13.7892 13.2018 13.82 13.9488 14.5846L14.7822 15.4378L15.6157 14.5846C16.3617 13.8211 17.4896 13.79 18.1545 14.3521" fill="#EB0203"></path>
                    </svg>
                    <svg class="inactive-content" width="100%" height="100%" viewBox="0 0 20 23" fill="none" xmlns="http://www.w3.org/2000/svg">
                    <path fill-rule="evenodd" clip-rule="evenodd" d="M6.18408 5.77914C6.18408 5.46223 6.44363 5.20532 6.7638 5.20532H12.3678C12.6879 5.20532 12.9475 5.46223 12.9475 5.77914C12.9475 6.09606 12.6879 6.35297 12.3678 6.35297H6.7638C6.44363 6.35297 6.18408 6.09606 6.18408 5.77914Z" fill="#EB0203"></path>
                    <path fill-rule="evenodd" clip-rule="evenodd" d="M6.18408 11.9034C6.18408 11.5865 6.44363 11.3296 6.7638 11.3296H12.3678C12.6879 11.3296 12.9475 11.5865 12.9475 11.9034C12.9475 12.2202 12.6879 12.4771 12.3678 12.4771H6.7638C6.44363 12.4771 6.18408 12.2202 6.18408 11.9034Z" fill="#EB0203"></path>
                    <path fill-rule="evenodd" clip-rule="evenodd" d="M6.18408 8.84116C6.18408 8.52424 6.44363 8.26733 6.7638 8.26733H12.3678C12.6879 8.26733 12.9475 8.52424 12.9475 8.84116C12.9475 9.15807 12.6879 9.41498 12.3678 9.41498H6.7638C6.44363 9.41498 6.18408 9.15807 6.18408 8.84116Z" fill="#EB0203"></path>
                    <path fill-rule="evenodd" clip-rule="evenodd" d="M6.18408 14.9655C6.18408 14.6486 6.44363 14.3917 6.7638 14.3917H10.1455C10.4657 14.3917 10.7252 14.6486 10.7252 14.9655C10.7252 15.2825 10.4657 15.5394 10.1455 15.5394H6.7638C6.44363 15.5394 6.18408 15.2825 6.18408 14.9655Z" fill="#EB0203"></path>
                    <path fill-rule="evenodd" clip-rule="evenodd" d="M3.67139 5.77914C3.67139 5.46223 3.93094 5.20532 4.25111 5.20532H4.63759C4.95776 5.20532 5.21731 5.46223 5.21731 5.77914C5.21731 6.09606 4.95776 6.35297 4.63759 6.35297H4.25111C3.93094 6.35297 3.67139 6.09606 3.67139 5.77914Z" fill="#EB0203"></path>
                    <path fill-rule="evenodd" clip-rule="evenodd" d="M3.67139 11.9034C3.67139 11.5865 3.93094 11.3296 4.25111 11.3296H4.63759C4.95776 11.3296 5.21731 11.5865 5.21731 11.9034C5.21731 12.2202 4.95776 12.4771 4.63759 12.4771H4.25111C3.93094 12.4771 3.67139 12.2202 3.67139 11.9034Z" fill="#EB0203"></path>
                    <path fill-rule="evenodd" clip-rule="evenodd" d="M3.67139 8.84116C3.67139 8.52424 3.93094 8.26733 4.25111 8.26733H4.63759C4.95776 8.26733 5.21731 8.52424 5.21731 8.84116C5.21731 9.15807 4.95776 9.41498 4.63759 9.41498H4.25111C3.93094 9.41498 3.67139 9.15807 3.67139 8.84116Z" fill="#EB0203"></path>
                    <path fill-rule="evenodd" clip-rule="evenodd" d="M3.67139 14.9655C3.67139 14.6486 3.93094 14.3917 4.25111 14.3917H4.63759C4.95776 14.3917 5.21731 14.6486 5.21731 14.9655C5.21731 15.2825 4.95776 15.5394 4.63759 15.5394H4.25111C3.93094 15.5394 3.67139 15.2825 3.67139 14.9655Z" fill="#EB0203"></path>
                    <path fill-rule="evenodd" clip-rule="evenodd" d="M0 1.76033C0 0.914738 0.692131 0.229248 1.54592 0.229248H15.0727C15.9265 0.229248 16.6186 0.914738 16.6186 1.76033V11.2818C16.6186 11.5989 16.3591 11.8559 16.0389 11.8559C15.7187 11.8559 15.4592 11.5989 15.4592 11.2818V1.76033C15.4592 1.54893 15.2862 1.37756 15.0727 1.37756H1.54592C1.33247 1.37756 1.15944 1.54893 1.15944 1.76033V18.985C1.15944 19.1964 1.33247 19.3678 1.54592 19.3678H9.27551C9.59568 19.3678 9.85523 19.6249 9.85523 19.942C9.85523 20.2591 9.59568 20.5161 9.27551 20.5161H1.54592C0.692131 20.5161 0 19.8306 0 18.985V1.76033Z" fill="#EB0203"></path>
                    <path fill-rule="evenodd" clip-rule="evenodd" d="M14.6254 13.8718C13.4921 12.8567 11.7821 12.7615 10.6574 13.7147C9.12472 15.0124 9.34891 17.128 10.4413 18.2493L14.0161 21.9126C14.2199 22.1217 14.493 22.2386 14.7824 22.2386C15.0739 22.2386 15.3449 22.1238 15.5487 21.9147L19.1235 18.2514C20.2139 17.13 20.4422 15.0144 18.9075 13.7147C17.7827 12.7634 16.0726 12.8569 14.9392 13.872C14.8856 13.92 14.8333 13.9701 14.7824 14.0222C14.7314 13.97 14.6791 13.9199 14.6254 13.8718ZM18.1546 14.588C19.0972 15.3869 18.9961 16.7262 18.2891 17.4541C18.2888 17.4543 18.2886 17.4546 18.2884 17.4548L14.7834 21.0466L11.2757 17.452C11.2756 17.4519 11.2755 17.4517 11.2753 17.4516C10.5681 16.7252 10.4682 15.3856 11.4108 14.5876L11.4112 14.5872C12.0748 14.0248 13.202 14.0556 13.949 14.8205L14.7824 15.674L15.6158 14.8205C16.3618 14.0567 17.4896 14.0256 18.1545 14.5879" fill="#EB0203"></path>
                    </svg>
                    </button>
                    </div>
                    <div class="col-sm-10 col-12">
                    <div class="ct-tile-quantity d-none" data-pid="5784205">
                    <input type="hidden" class="add-to-cart-url" value="https://www.continente.pt/on/demandware.store/Sites-continente-Site/default/Cart-AddProduct">
                    <div class="d-none tile-delete-confirmation-btn" data-pid="5784205" data-delay-time="3000" data-in-cart-msg="no carrinho" data-one-product-added="Adicionado ao carrinho" data-remove-from-cart-msg="Removido do carrinho" data-stay-open="6000.0" data-confirmation-image="{&quot;url&quot;:&quot;https://www.continente.pt/dw/image/v2/BDVS_PRD/on/demandware.static/-/Sites-col-master-catalog/default/dw2608f093/images/col/578/5784205-hero.jpg?sw=87&amp;sh=80&quot;,&quot;fallbackimage&quot;:{&quot;url&quot;:&quot;https://www.continente.pt/dw/image/v2/BDVS_PRD/on/demandware.static/Sites-continente-Site/-/default/dw7c42b4da/images/noimagelarge_product.png?sw=87&amp;sh=80&quot;,&quot;title&quot;:&quot;Iogurte Aroma Tutti Frutti, Morango, Limão, Framboesa, Coco e Banana Pack Poupança&quot;,&quot;alt&quot;:&quot;Iogurte Aroma Tutti Frutti, Morango, Limão, Framboesa, Coco e Banana Pack Poupança&quot;},&quot;title&quot;:&quot;Iogurte Aroma Tutti Frutti, Morango, Limão, Framboesa, Coco e Banana Pack Poupança&quot;,&quot;alt&quot;:&quot;Iogurte Aroma Tutti Frutti, Morango, Limão, Framboesa, Coco e Banana Pack Poupança&quot;}"></div>
                    <div class="ct-tile-quantity-update quantity-update product-qty-vue" data-remove-action="https://www.continente.pt/on/demandware.store/Sites-continente-Site/default/Cart-RemoveProductLineItem" data-action="https://www.continente.pt/on/demandware.store/Sites-continente-Site/default/Cart-UpdateQuantity" data-dimension-update="https://www.continente.pt/on/demandware.store/Sites-continente-Site/default/Cart-DimensionUpdate" data-pid="5784205" data-uuid="c8e9a76a2539d141888e8f575f" data-add-delay="500.0" data-measure-options="{&quot;hasConversionRate&quot;:false,&quot;hasAlternativeSaleUnit&quot;:false,&quot;unitConversionRate&quot;:0,&quot;minOrderQuantity&quot;:1,&quot;stepQuantity&quot;:1,&quot;primaryunit&quot;:&quot;un&quot;,&quot;secondaryunit&quot;:&quot;kg&quot;,&quot;selectedunit&quot;:&quot;primary&quot;,&quot;maxNumberOfUnitsPerSale&quot;:50}" data-price-available="null" :data-has-error="isMaxQtyReached || isMinQtyReached || qtySelectedMoreThanOne">
                    <template v-show="prodUnits">
                    <div class="quantity-input-wrapper has-units">
                    <label class="visually-hidden" :for="'quantity-' + pid + additionalTag">
                    Quantidade no carrinho
                    </label>
                    <input :ref="'quantityInput-' + pid + additionalTag" class="add-to-cart-quantity form-control ct-form-input text-center" inputmode="numeric" :class="{'is-invalid': isInvalid}" :data-pid="pid + additionalTag" :name="'quantity-' + pid + additionalTag" type="text" aria-label="Insira a quantidade" title="" v-model="displayValue" @change="updateQuantity" @focus="updateQtyFormat" @blur="restoreQtyFormat" :disabled="!isPriceAvailable">
                    <span class="quantity-icon quantity-icon--minus">
                    <button class="decrease-quantity-btn" @click="updateQuantity" :disabled="!isPriceAvailable" role="button" aria-label="Reduzir quantidade">
                    <i class="css-math-minus"></i>
                    </button>
                    </span>
                    <span class="quantity-icon quantity-icon--plus">
                    <button class="increase-quantity-btn" @click="updateQuantity" :disabled="isMaxQtyReached || !isPriceAvailable" role="button" aria-label="Aumentar quantidade">
                    <i class="css-math-plus"></i>
                    </button>
                    <span class="quantity-btn-disabled-placeholder"></span>
                    </span>
                    <template v-if="isPDP">
                    <span class="quantity-error ct-span-error text-sm-center product-max-allocation" v-if="isMaxQtyReached">
                    Quantidade máxima atingida
                    </span>
                    <span class="quantity-error ct-span-product text-sm-center product-allocation" v-if="!isMinQtyReached &amp;&amp; !isMaxQtyReached">
                    {{quantitySelected}} no carrinho
                    </span>
                    <span class="quantity-error ct-span-error text-sm-center product-min-allocation" :data-pid="pid" v-if="isMinQtyReached &amp;&amp; !isMaxQtyReached">
                    Quantidade mínima atingida
                    </span>
                    </template>
                    </div>
                    <template v-if="showNotes">
                    <div class="add-note-link-container ">
                    <div class="add-note">
                    <a href="/produto/iogurte-aroma-tutti-frutti-morango-limao-framboesa-coco-e-banana-pack-poupanca-continente-5784205.html?showNote=true" class="ct-add-note-redirect-pdp" aria-label="Adicionar comentário">
                    <span class="svg-wrapper svg-icon-notes" style="width:19px; height:20px">
                    <svg class="svg-inline icon-notes" viewBox="0 0 28 30" xmlns="http://www.w3.org/2000/svg" width="100%" height="100%"><path d="M21.738 0C22.985 0 24 1.04 24 2.319V12.47c0 .469-.37.848-.828.848-.457 0-.827-.38-.827-.848V2.32c0-.343-.273-.622-.607-.622H2.262c-.334 0-.607.279-.607.622V27.68c0 .343.273.622.607.622h7.81c.457 0 .827.38.827.849 0 .468-.37.848-.827.848h-7.81C1.015 30 0 28.96 0 27.681V2.32C0 1.04 1.015 0 2.262 0h19.476zm2.844 16.004l.227.007c.823.053 1.589.39 2.176.964.64.627.993 1.46.993 2.349 0 .888-.353 1.722-.993 2.348l-6.83 6.665c-.11.108-.247.186-.397.226l-5.032 1.363c-.078.021-.16.032-.241.032-.242 0-.478-.097-.647-.266-.23-.231-.314-.566-.218-.874l1.49-4.798c.044-.139.122-.266.227-.369l6.844-6.677c.64-.625 1.493-.97 2.401-.97zm-2.886 3.94l-4.922 4.802-.947 3.048 3.22-.872 4.897-4.78-2.248-2.197zm2.887-2.174c-.425 0-.824.162-1.124.455l-.484.472 2.248 2.197.484-.472c.62-.606.62-1.591 0-2.197l-.117-.104c-.283-.227-.636-.35-1.007-.35zm-10.839.022c.498 0 .904.396.904.883 0 .488-.406.884-.904.884H5.946c-.499 0-.904-.396-.904-.884 0-.487.405-.883.904-.883zm5.042-4.876c.498 0 .904.397.904.884s-.406.884-.904.884H5.946c-.499 0-.904-.397-.904-.884s.405-.884.904-.884zm0-4.875c.498 0 .904.396.904.884 0 .487-.406.883-.904.883H5.946c-.499 0-.904-.396-.904-.883 0-.488.405-.884.904-.884z" fill="#EB0203" fill-rule="evenodd"></path></svg>
                    </span>
                    <div class="available-note d-none"></div>
                    </a>
                    </div>
                    </div>
                    </template>
                    <div class="measurement-unit-section" v-if="isPriceAvailable &amp;&amp; prodUnits ? prodUnits.hasAlternativeUnit : false">
                    <div class="ct-form-radio" @click="setDimension">
                    <input type="radio" title="" class="ct-form-check-input product-measurement-unit" :data-type="prodUnits.selectedUnit == prodUnits.secondaryUnit ? 'primary' : ''" :id="prodUnits.secondaryUnit + '-' + pid + '-measurement-unit-ptile' + additionalTag" :name="'measurement-unit-' + pid + '-ptile' + additionalTag" :value="prodUnits.secondaryUnit" v-model="prodUnits.selectedUnit">
                    <label :class="prodUnits.secondaryUnit + '-label ct-form-check-label mb-0'" :for="prodUnits.secondaryUnit + '-' + pid + '-measurement-unit-ptile' + additionalTag">
                    {{prodUnits.secondaryUnit}}
                    </label>
                    <span class="checkmark"></span>
                    </div>
                    <div class="ct-form-radio" @click="setDimension">
                    <input type="radio" title="" class="ct-form-check-input product-measurement-unit" :data-type="prodUnits.selectedUnit == prodUnits.primaryUnit ? 'primary' : ''" :id="prodUnits.primaryUnit + '-' + pid + '-measurement-unit-ptile' + additionalTag" :name="'measurement-unit-' + pid + '-ptile' + additionalTag" :value="prodUnits.primaryUnit" v-model="prodUnits.selectedUnit">
                    <label :class="prodUnits.primaryUnit + '-label ct-form-check-label mb-0'" :for="prodUnits.primaryUnit + '-' + pid + '-measurement-unit-ptile' + additionalTag">
                    {{prodUnits.primaryUnit}}
                    </label>
                    <span class="checkmark"></span>
                    </div>
                    </div>
                    <template v-if="!isPDP &amp;&amp; isPriceAvailable">
                    <span class="quantity-error ct-span-error product-max-allocation" v-if="isMaxQtyReached">
                    Quantidade máxima atingida
                    </span>
                    <span class="quantity-error ct-span-product product-allocation" v-if="!isMinQtyReached &amp;&amp; !isMaxQtyReached">
                    {{quantitySelected}} no carrinho
                    </span>
                    <span class="quantity-error ct-span-error product-min-allocation" :data-pid="pid" v-if="isMinQtyReached &amp;&amp; !isMaxQtyReached">
                    Quantidade mínima atingida
                    </span>
                    </template>
                    </template>
                    </div>
                    <input class="quantity-value-mask d-none" name="quantity" type="number" min="0" value="">
                    </div>
                    <button type="button" class="add-to-cart button js-add-to-cart js-add-to-cart-tile 5784205 button--primary dynamic-layout-btn" data-toggle="modal" data-target="#chooseBonusProductModal" data-pid="5784205" data-quantity-value="null" aria-label="Carrinho">
                    <span class="d-block d-sm-none">
                    <span class="svg-wrapper svg-icon-cart" style="width:20px; height:20px">
                    <svg class="svg-inline icon-cart" xmlns="http://www.w3.org/2000/svg" viewBox="0 0 500 500" width="100%" height="100%"><path fill="#EB0203" fill-rule="evenodd" d="M 485.67317,94.386311 C 476.37798,83.847129 463.09468,78.03348 448.30404,78.03348 H 90.690813 L 87.079511,51.327997 C 83.185582,22.539551 62.962285,0 41.011841,0 H 14.727836 C 6.563151,0 0,6.5286975 0,14.580758 c 0,8.05206 6.5945535,14.580758 14.727836,14.580758 h 26.284005 c 4.710398,0 14.696435,9.855222 16.894619,26.021523 L 100.01739,368.0631 c 1.88416,13.77244 9.01256,26.70549 20.1605,36.37417 8.25889,7.15046 18.02511,11.9071 28.26237,13.89679 -4.17655,7.58572 -6.53175,16.25957 -6.53175,25.493 0,29.53459 24.27424,53.59751 54.13815,53.59751 29.8325,0 54.13814,-24.03184 54.13814,-53.59751 0,-8.79818 -2.19818,-17.09897 -5.9979,-24.43598 h 77.12488 c -3.79973,7.33701 -5.96652,15.6378 -5.96652,24.43598 0,29.53459 24.27424,53.59751 54.13817,53.59751 29.83249,0 54.13814,-24.03184 54.13814,-53.59751 0,-8.79818 -2.1982,-17.09897 -5.9979,-24.43598 h 38.56243 c 8.13328,0 14.72783,-6.5287 14.72783,-14.61183 0,-8.02098 -6.59455,-14.54967 -14.72783,-14.54967 H 159.24277 c -14.38241,0 -28.13677,-11.90711 -30.02092,-26.02153 l -3.07746,-22.88154 h 290.6314 c 14.03698,0 27.94834,-5.28513 39.06488,-14.95381 11.11652,-9.6376 18.27632,-22.57065 20.16048,-36.37417 l 21.10259,-156.78201 c 1.94694,-14.51858 -2.10398,-28.29103 -11.43057,-38.861299 z M 220.76053,443.82706 c 0,13.49265 -11.08513,24.46709 -24.68247,24.46709 -13.62874,0 -24.71387,-10.97444 -24.71387,-24.46709 0,-13.49262 11.08513,-24.43598 24.71387,-24.43598 13.59734,0 24.68247,10.94336 24.68247,24.43598 z m 173.43675,0 c 0,13.49265 -11.08512,24.46709 -24.68245,24.46709 -13.62876,0 -24.71388,-10.97444 -24.71388,-24.46709 0,-13.49262 11.08512,-24.43598 24.71388,-24.43598 13.59733,0 24.68245,10.94336 24.68245,24.43598 z m 73.7648,-314.46558 -21.13397,156.782 c -1.88416,14.11442 -15.63851,26.05261 -30.02091,26.05261 H 122.25046 L 94.616142,107.19499 H 448.33544 c 6.18632,0 11.61896,2.2695 15.23028,6.37326 3.64269,4.13484 5.21283,9.73086 4.39636,15.79323 z"></path></svg>
                    </span>
                    </span>
                    <span class="add-to-cart--text d-none d-sm-block">Carrinho</span>
                    </button>
                    </div>
                    </div>
                    </div>
                    </div>
                    
                    <div class="col-12 d-sm-none">
                    </div>
                    </div>
                    </div>
                    </div>
                    </div>
                    <div class="col-12 grid-footer" data-sort-options="{&quot;options&quot;:[{&quot;displayName&quot;:&quot;Relevância&quot;,&quot;id&quot;:&quot;search-relevance&quot;,&quot;url&quot;:&quot;https://www.continente.pt/on/demandware.store/Sites-continente-Site/default/Search-UpdateGrid?cgid=laticinios&amp;pmin=0.01&amp;srule=Continente&amp;start=0&amp;sz=36&quot;},{&quot;displayName&quot;:&quot;Preço (menor)&quot;,&quot;id&quot;:&quot;price-low-to-high&quot;,&quot;url&quot;:&quot;https://www.continente.pt/on/demandware.store/Sites-continente-Site/default/Search-UpdateGrid?cgid=laticinios&amp;pmin=0.01&amp;srule=price-low-to-high&amp;start=0&amp;sz=36&quot;},{&quot;displayName&quot;:&quot;Preço (maior)&quot;,&quot;id&quot;:&quot;price-high-to-low&quot;,&quot;url&quot;:&quot;https://www.continente.pt/on/demandware.store/Sites-continente-Site/default/Search-UpdateGrid?cgid=laticinios&amp;pmin=0.01&amp;srule=price-high-to-low&amp;start=0&amp;sz=36&quot;},{&quot;displayName&quot;:&quot;Preço/capacidade&quot;,&quot;id&quot;:&quot;price-per-capacity&quot;,&quot;url&quot;:&quot;https://www.continente.pt/on/demandware.store/Sites-continente-Site/default/Search-UpdateGrid?cgid=laticinios&amp;pmin=0.01&amp;srule=price-per-capacity&amp;start=0&amp;sz=36&quot;},{&quot;displayName&quot;:&quot;Nome (A a Z)&quot;,&quot;id&quot;:&quot;product-name-ascending&quot;,&quot;url&quot;:&quot;https://www.continente.pt/on/demandware.store/Sites-continente-Site/default/Search-UpdateGrid?cgid=laticinios&amp;pmin=0.01&amp;srule=product-name-ascending&amp;start=0&amp;sz=36&quot;},{&quot;displayName&quot;:&quot;Nome (Z a A)&quot;,&quot;id&quot;:&quot;product-name-descending&quot;,&quot;url&quot;:&quot;https://www.continente.pt/on/demandware.store/Sites-continente-Site/default/Search-UpdateGrid?cgid=laticinios&amp;pmin=0.01&amp;srule=product-name-descending&amp;start=0&amp;sz=36&quot;}],&quot;ruleId&quot;:&quot;FOOD-Laticinios&quot;}" data-page-size="36.0" data-page-number="0" data-base-url="https://www.continente.pt/on/demandware.store/Sites-continente-Site/default/Search-UpdateGrid" data-total-count="957">
                    <div class="search-results-products-counter d-flex justify-content-center">36 de 957 produtos</div>
                    <div class="search-view-more-products-spinner-wrapper js-loading-spinner d-none">
                    <img src="/on/demandware.static/Sites-continente-Site/-/default/dwa85daf5e/images/icons/logo-grey-animation.svg" class="load-logo" alt="A carregar">
                    </div>
                    <div class="search-view-more-products-btn-wrapper infinite-scroll-placeholder" data-url="https://www.continente.pt/on/demandware.store/Sites-continente-Site/default/Search-UpdateGrid?cgid=laticinios&amp;pmin=0%2e01&amp;start=36&amp;sz=36">
                    <button class="button button--secondary search-view-more-products-button js-show-more-products">Ver mais produtos</button>
                    </div>
                    <input type="hidden" class="permalink" value="https://www.continente.pt/laticinios-e-ovos/?pmin=0.01&amp;start=0&amp;sz=36">
                    <input type="hidden" class="category-id" value="laticinios">
                    </div>
                    </div>
                    <div class="search-results-bottom-advertising-banner ct-overflow-hidden">
                    <div id="col-search-bottom-advertising-banner" class="text-center ct-mb--30 ct-mt--30" data-gtm-banner-prefix="category" style="">
                    <div id="ad-banner-clp-bottom" class="gpt-contents" data-unitpath="21868577187/OSF_CPL_Bottom_Laticinios" data-size="[[970, 90],[[[1280, 540],[970, 90]],[[768,500],[728, 90]],[[320,240],[290, 100]]]]" data-google-query-id="CJe35eWH_voCFQRzGwod4mcMxg">
                    <div id="google_ads_iframe_21868577187/OSF_CPL_Bottom_Laticinios_0__container__" style="border: 0pt none;"><iframe id="google_ads_iframe_21868577187/OSF_CPL_Bottom_Laticinios_0" name="google_ads_iframe_21868577187/OSF_CPL_Bottom_Laticinios_0" title="3rd party ad content" width="100%" height="90" scrolling="no" marginwidth="0" marginheight="0" frameborder="0" role="region" aria-label="Advertisement" tabindex="0" data-load-complete="true" data-google-container-id="5" style="border: 0px; vertical-align: bottom; max-width: 970px;"></iframe></div></div>
                    </div>
                    </div>
                    </div>
                    </div>
