<!doctype html>
<html lang="pt">
<head>
<meta charset="utf-8">
<meta http-equiv="x-ua-compatible" content="ie=edge">
<title>Comparador de Preços de Supermercados</title>
<meta name="viewport" content="width=device-width, initial-scale=1, maximum-scale=5">
<meta name="description" content="Encontre e compare milhões de produtos em centenas de lojas online. Veja as melhores ofertas, promoções e descontos no comparador de preços mais popular de Portugal!">
<meta name="copyright" content="Copyright 2022">
<meta name="referrer" content="same-origin">
<meta name="robots" content="index, follow">
<meta name="resource-type" content="DOCUMENT">

<!--Links CSS-->
<link rel="stylesheet" href="../css/cssSite.v511.css">
<link rel="stylesheet" href="../css/global.css">
<link rel="stylesheet" href="../css/bootstrap.min.css">
<link rel="stylesheet" href="../css/estilo.css">
<link rel="stylesheet" href="../css/search.css">
<link rel="stylesheet" href="../css/produtos.css">
<link rel="stylesheet" href="../css/search1.css">

<!--JavaScript-->
<script src="../js/nr-agent.js"></script>
<script>
        ;NREUM.loader_config={accountID:"3072507",trustKey:"1545474",agentID:"1025845875",licenseKey:"NRJS-0dd6c177c1318524aaa",applicationID:"1025845875"}
        ;NREUM.info={beacon:"bam.nr-data.net",errorBeacon:"bam.nr-data.net",licenseKey:"NRJS-0dd6c177c1318524aaa",applicationID:"1025845875",sa:1}
    </script>
<script type="text/javascript">
      (function (s, y, n, di, go) {
        di = s.createElement(y);
        di.type = 'text/java'+y;
        di.async = true;
        di.src = n + Math.floor(Date.now() / 86400000);
        go = s.getElementsByTagName(y)[0];
        go.parentNode.insertBefore(di,go);
      }(document,'script', "https://content.syndigo.com/site/710ff2e0-2f41-1551-6979-4c465865d7d1/tag.js?cv="));
</script>
<!--[if gt IE 9]><!-->
<script>//common/scripts.isml</script>
<script data-cookieconsent="ignore" defer="defer" src="../js/vendors.js"></script>
<script data-cookieconsent="ignore" defer="defer" src="../js/vendors-additional.js"></script>
<script data-cookieconsent="ignore" defer="defer" src="../js/main.js"></script>
<script data-cookieconsent="ignore" defer="defer" src="../js/search.js"></script>

<script type="text/javascript">//<!--
    /* <![CDATA[ (head-active_data.js) */
    var dw = (window.dw || {});
    dw.ac = {
        _analytics: null,
        _events: [],
        _category: "",
        _searchData: "",
        _anact: "",
        _anact_nohit_tag: "",
        _analytics_enabled: "true",
        _timeZone: "Europe/Lisbon",
        _capture: function(configs) {
            if (Object.prototype.toString.call(configs) === "[object Array]") {
                configs.forEach(captureObject);
                return;
            }
            dw.ac._events.push(configs);
        },
        capture: function() { 
            dw.ac._capture(arguments);
            // send to CQ as well:
            if (window.CQuotient) {
                window.CQuotient.trackEventsFromAC(arguments);
            }
        },
        EV_PRD_SEARCHHIT: "searchhit",
        EV_PRD_DETAIL: "detail",
        EV_PRD_RECOMMENDATION: "recommendation",
        EV_PRD_SETPRODUCT: "setproduct",
        applyContext: function(context) {
            if (typeof context === "object" && context.hasOwnProperty("category")) {
                dw.ac._category = context.category;
            }
            if (typeof context === "object" && context.hasOwnProperty("searchData")) {
                dw.ac._searchData = context.searchData;
            }
        },
        setDWAnalytics: function(analytics) {
            dw.ac._analytics = analytics;
        },
        eventsIsEmpty: function() {
            return 0 == dw.ac._events.length;
        }
    };
    /* ]]> */
    // -->
    </script>
    <script type="text/javascript">//<!--
    /* <![CDATA[ (head-cquotient.js) */
    var CQuotient = window.CQuotient = {};
    CQuotient.clientId = 'bdvs-continente';
    CQuotient.realm = 'BDVS';
    CQuotient.siteId = 'continente';
    CQuotient.instanceType = 'prd';
    CQuotient.locale = 'default';
    CQuotient.fbPixelId = '__UNKNOWN__';
    CQuotient.activities = [];
    CQuotient.cqcid='';
    CQuotient.cquid='';
    CQuotient.cqeid='';
    CQuotient.cqlid='';
    /* Turn this on to test against Staging Einstein */
    /* CQuotient.useTest= true; */
    CQuotient.initFromCookies = function () {
        var ca = document.cookie.split(';');
        for(var i=0;i < ca.length;i++) {
          var c = ca[i];
          while (c.charAt(0)==' ') c = c.substring(1,c.length);
          if (c.indexOf('cqcid=') == 0) {
            CQuotient.cqcid=c.substring('cqcid='.length,c.length);
          } else if (c.indexOf('cquid=') == 0) {
              var value = c.substring('cquid='.length,c.length);
              if (value) {
                  var split_value = value.split("|", 3);
                  if (split_value.length > 0) {
                  CQuotient.cquid=split_value[0];
                  }
                  if (split_value.length > 1) {
                  CQuotient.cqeid=split_value[1];
                  }
                  if (split_value.length > 2) {
                  CQuotient.cqlid=split_value[2];
                  }
              }
          }
        }
    }
    CQuotient.getCQCookieId = function () {
        if(window.CQuotient.cqcid == '')
            window.CQuotient.initFromCookies();
        return window.CQuotient.cqcid;
    };
    CQuotient.getCQUserId = function () {
        if(window.CQuotient.cquid == '')
            window.CQuotient.initFromCookies();
        return window.CQuotient.cquid;
    };
    CQuotient.getCQHashedEmail = function () {
        if(window.CQuotient.cqeid == '')
            window.CQuotient.initFromCookies();
        return window.CQuotient.cqeid;
    };
    CQuotient.getCQHashedLogin = function () {
        if(window.CQuotient.cqlid == '')
            window.CQuotient.initFromCookies();
        return window.CQuotient.cqlid;
    };
    CQuotient.trackEventsFromAC = function (/* Object or Array */ events) {
    try {
        if (Object.prototype.toString.call(events) === "[object Array]") {
            events.forEach(_trackASingleCQEvent);
        } else {
            CQuotient._trackASingleCQEvent(events);
        }
    } catch(err) {}
    };
    CQuotient._trackASingleCQEvent = function ( /* Object */ event) {
        if (event && event.id) {
            if (event.type === dw.ac.EV_PRD_DETAIL) {
                CQuotient.trackViewProduct( {id:'', alt_id: event.id, type: 'raw_sku'} );
            } // not handling the other dw.ac.* events currently
        }
    };
    CQuotient.trackViewProduct = function(/* Object */ cqParamData){
        var cq_params = {};
        cq_params.cookieId = CQuotient.getCQCookieId();
        cq_params.userId = CQuotient.getCQUserId();
        cq_params.emailId = CQuotient.getCQHashedEmail();
        cq_params.loginId = CQuotient.getCQHashedLogin();
        cq_params.product = cqParamData.product;
        cq_params.realm = cqParamData.realm;
        cq_params.siteId = cqParamData.siteId;
        cq_params.instanceType = cqParamData.instanceType;
        cq_params.locale = CQuotient.locale;
        
        if(CQuotient.sendActivity) {
            CQuotient.sendActivity(CQuotient.clientId, 'viewProduct', cq_params);
        } else {
            CQuotient.activities.push({activityType: 'viewProduct', parameters: cq_params});
        }
    };
    /* ]]> */
    // -->
    </script>
</head>

<body>
    <body class="" data-theme="default" data-layout="fluid" data-sidebar-position="left" data-sidebar-behavior="sticky" data-tooltip-container>
        <div class="wrap" id="mainpage" data-popover-container>
    
    <header>
    <header class="header" id="header">
        <div class="header-top">
           <div class="header-top-container header-container container">
             <div class="header-section header-section-logo">
                <img class="header-logo-img" src="../img/logo.png" alt="Comparador de Preços" width="250" height="100">
                    <a href="#" class="btn-product-catalog">
                        <span class="hamburger-icon">
                        <span></span>
                            <span></span>
                            <span></span>
                            </span>
                        <span class="hamburger-text">Catálogo Productos</span>
                     </a>
    
     <form action="#" class="header-section header-section-search" rel="ajaxify">
         <label class="sr-only" for="main-autocomplete">O que pesquisa hoje?</label>
             <input class="header-input-search form-control" id="main-autocomplete" type="text" placeholder="O que pesquisa hoje?" autocomplete="off" data-url="#" data-default-search-url="#" name="q" value="" data-autocomplete__="{&quot;text&quot;:&quot;&quot;}">
                 <button class="header-btn header-btn-search" id="main-autocomplete-submit" type="submit" aria-label="Search">
                     <img class="svg-icon" src="../img/icons8-search-50.png" alt=""> <use xlink:href="#search"></use></svg>
                 </button>
                 <button class="header-btn header-btn-clear" id="main-autocomplete-clear" type="button">
                 </button>
     </form>
    
     <div class="header-section header-section-account">
         <a class="header-btn header-btn-dot header-btn-heart" id="header-wishlist-icon" href="#" title="Lista de favoritos">
             <img class="favorite" src="../img/icons8-favorite-48.png" alt="" style="max-width: 100%;"><use xlink:href="#heart"></use></svg>
         </a>
         <a class="header-btn header-btn-dot header-btn-user" href="#" title="Minha conta" data-overlayer data-load-fragment data-title="false" data-width="460" data-close-outside="false" data-fragment-options="{&quot;linkSelector&quot;:&quot;a[href], [data-href]&quot;,&quot;formSelector&quot;:&quot;form&quot;,&quot;formExclude&quot;:null}">
             <img class="user" src="../img/icons8-user-48.png" alt="" style="max-width: 100%;"><use xlink:href="#user"></use></svg>
         </a>
    
    <div class="navigation-container ff-montse">
        <nav id="nav_main" class="nav_main scrollable">
            <ul class="yCmsContentSlot clear_fix first_nav">
                <li id="nav-submenu-container">
                    <div class="nav-submenu__header">
                        <button class="btn-close-menu"></button>
                            <div class="siteLogo">
                                <a href="index.html" class="siteLogoDia">
                                    <img src="../img/supermarket.png" class="siteLogo siteLogo-img"/>
                                </a>
                            </div>
                    </div>
            <ul class="nav-submenu ff-montse">
                <li class="main_menu_element_newProducts">
                    <span class="iconoCat  icoNewProducts">
                    </span>
                        <a href="#">
                          <p style="margin-left: 40px;">Categorias</p></a>
                              </li>
                
             <li>
                 <img class="hot" src="https://img.icons8.com/wired/64/000000/bread-and-rolling-pin.png"/>
                     <button class="btn-main-category">Padaria e Pastelaria</button>
                         <div class="child-menu child-menu-platos-preparados">
                             <div class="back-to-category">
                                 <button class="back responsivo responsivo-tablet"></button>
                                     <span>Padaria e Pastelaria</span>
                             </div>
                             <div class="category-link">
                                 <span class="iconCategory frescos"></span>
                                     <a href="#" class="go-to-category">Ver todos</a>
                             </div>
                                 <span class="shop-by-cat-text">Comprar por categor&iacute;as</span>
    
                                 <ul class="child-menu-container">
                                     <li>
                                         <a href="#">Padaria</a>
                                             <span class="iconCategory arrow-mobile RD_Desplegar2"></span>
            
                                 <ul class="grandchild-menu">
                                     <li>
                                         <div class="back-to-category">
                                             <button class="back responsivo responsivo-tablet"></button>
                                                 <span>Padaria</span>
                                         </div>
                                     </li>
                                     <li class="go-to-category-child">
                                         <a href="#">Ver Padaria</a>
                                     </li>
                                         <span class="shop-by-cat-text">Comprar por categor&iacute;as</span>
                                     <li>
                                         <a href="#">Pão do Dia e Broa</a>
                                     </li>
                                     <li>
                                         <a href="#">Pão de Forma e Embalado</a>
                                     </li>
                                     <li>
                                         <a href="#">Pão de Hambúrguer, Cachorro e Wraps</a>
                                     </li>
                                     <li>
                                         <a href="#">Tostas, Gressinos e Croutons</a>
                                     </li>
                                 </ul>
                             </li>
                                     <li>
                                            <a href="#">Pastelaria</a>
                                                <span class="iconCategory arrow-mobile RD_Desplegar2"></span>
            
                                                    <ul class="grandchild-menu">
                                        <li>
                                            <div class="back-to-category">
                                                <button class="back responsivo responsivo-tablet"></button>
                                                    <span>Pastelaria</span>
                                            </div>
                                        </li>
                                        <li class="go-to-category-child">
                                            <a href="#">Ver Pastelaria</a>
                                        </li>
                                            <span class="shop-by-cat-text">Comprar por categor&iacute;as</span>
                                        <li>
                                            <a href="#">Croissants e Pães de Leite</a>
                                        </li>
                                        <li>
                                            <a href="#">Pastelaria Sortida</a>
                                        </li>
                                        <li>
                                            <a href="#">Biscoitos</a>
                                        </li>
                                        <li>
                                            <a href="#">Bolos, Salames e Tartes</a>
                                        </li>
                                        <li>
                                            <a href="#">Bolos de Festa</a>
                                        </li>
                                        <li>
                                            <a href="#">Sobremesas</a>
                                        </li>
                                        <li>
                                            <a href="#">Pastelaria Salgada</a>
                                        </li>
                                    </ul>
                                </li>
                                        <li>
                                            <a href="#">Massas para Culinária</a>
                                                <span class="iconCategory arrow-mobile RD_Desplegar2"></span>
            
                                        <ul class="grandchild-menu">
                                            <li>
                                                <div class="back-to-category">
                                                    <button class="back responsivo responsivo-tablet"></button>
                                                        <span>Massas para Culinária</span>
                                                </div>
                                            </li>
                                            <li class="go-to-category-child">
                                                <a href="#">Ver Massas para Culinária</a>
                                            </li>
                                                <span class="shop-by-cat-text">Comprar por categor&iacute;as</span>
                                        </ul>
                                    </li>
                                </ul>
                            </div>
                        </li>
            
                        <li>
                            <img class="hot" src="https://img.icons8.com/external-konkapp-detailed-outline-konkapp/64/000000/external-takeaway-cafe-konkapp-detailed-outline-konkapp.png"/>
                                <button class="btn-main-category">Take-Away</button>
                                    <div class="child-menu child-menu-frescos">
                                        <div class="back-to-category">
                                            <button class="back responsivo responsivo-tablet"></button>
                                                <span>Take-Away</span>
                                        </div>
                                        <div class="category-link">
                                            <span class="iconCategory frescos"></span>
                                                <a href="#" class="go-to-category">Ver todos</a>
                                        </div>
                                            <span class="shop-by-cat-text">Comprar por categor&iacute;as</span>
            
                                        <ul class="child-menu-container">
                                            <li>
                                                <a href="#">Entradas e Salgados</a>
                                                    <span class="iconCategory arrow-mobile RD_Desplegar2"></span>
            
                                        <ul class="grandchild-menu">
                                            <li>
                                                <div class="back-to-category">
                                                    <button class="back responsivo responsivo-tablet"></button>
                                                        <span>Entradas e Salgados</span>
                                                </div>
                                            </li>
                                            <li class="go-to-category-child">
                                                <a href="#">Ver Entradas e Salgados</a>
                                            </li>
                                                <span class="shop-by-cat-text">Comprar por categor&iacute;as</span>
                                            <li>
                                                <a href="#">Salgados</a>
                                            </li>
                                            <li>
                                                <a href="#">Empadas e Empanadas</a>
                                            </li>
                                            <li>
                                                <a href="#">Panados, Quiches e Folhados</a>
                                            </li>
                                            <li>
                                                <a href="#">Pastas para Barrar</a>
                                            </li>
                                            <li>
                                                <a href="#">Pães de Alho e Queijo</a>
                                            </li>
                                        </ul>
                                    </li>
                                            <li>
                                                <a href="#">Sopas</a>
                                                    <span class="iconCategory arrow-mobile RD_Desplegar2"></span>
            
                                                        <ul class="grandchild-menu">
                                            <li>
                                                <div class="back-to-category">
                                                    <button class="back responsivo responsivo-tablet"></button>
                                                        <span>Sopas</span>
                                                </div>
                                            </li>
                                            <li class="go-to-category-child">
                                                <a href="#">Ver Sopas</a>
                                            </li>
                                                <span class="shop-by-cat-text">Comprar por categor&iacute;as</span>
                                            <li>
                                                <a href="#">Tradicionais</a>
                                            </li>
                                            <li>
                                                <a href="#">Sem Batata</a>
                                            </li>
                                        </ul>
                                    </li>
                                            <li>
                                                <a href="#">Pizzas</a>
                                                    <span class="iconCategory arrow-mobile RD_Desplegar2"></span>
            
                                            <ul class="grandchild-menu">
                                                <li>
                                                    <div class="back-to-category">
                                                        <button class="back responsivo responsivo-tablet"></button>
                                                            <span>Pizzas</span>
                                                    </div>
                                                </li>
                                                <li class="go-to-category-child">
                                                    <a href="#">Ver Pizzas</a>
                                                </li>
                                                    <span class="shop-by-cat-text">Comprar por categor&iacute;as</span>
                                                <li>
                                                    <a href="#">Frescas</a>
                                                </li>
                                                <li>
                                                    <a href="#">Congeladas</a>
                                                </li>
                                            </ul>
                                        </li>
                                                <li>
                                                    <a href="#">Massas Frescas e Noodles</a>
                                                        <span class="iconCategory arrow-mobile RD_Desplegar2"></span>
            
                                            <ul class="grandchild-menu">
                                                <li>
                                                    <div class="back-to-category">
                                                        <button class="back responsivo responsivo-tablet"></button>
                                                            <span>Massas Frescas e Noodles</span>
                                                    </div>
                                                </li>
                                                <li class="go-to-category-child">
                                                    <a href="#">Ver Massas Frescas e Noodles</a>
                                                </li>
                                                    <span class="shop-by-cat-text">Comprar por categor&iacute;as</span>
                                                        <li>
                                                            <a href="#">Massas Simples e Recheadas</a>
                                                        </li>
                                                        <li>
                                                            <a href="#">Noodles</a>
                                                        </li>
                                                        <li>
                                                            <a href="#">Massas para Culinária</a>
                                                        </li>
                                                    </ul>
                                                </li>
                                                        <li>
                                                            <a href="#">Hambúrgueres</a>
                                                                <span class="iconCategory arrow-mobile RD_Desplegar2"></span>
            
                                            <ul class="grandchild-menu">
                                                <li>
                                                    <div class="back-to-category">
                                                        <button class="back responsivo responsivo-tablet"></button>
                                                            <span>Hambúrgueres</span>
                                                    </div>
                                                </li>
                                                <li class="go-to-category-child">
                                                    <a href="#">Ver Hambúrgueres</a>
                                                </li>
                                                    <span class="shop-by-cat-text">Comprar por categor&iacute;as</span>
                                                <li>
                                                    <a href="#">Pronto a Comer</a>
                                                </li>
                                                <li>
                                                    <a href="#">Frescos</a>
                                                </li>
                                                <li>
                                                    <a href="#">Congelados</a>
                                                </li>
                                            </ul>
                                        </li>
            
                            <li>
                                <a href="#">Saladas, Sandes e Wraps</a>
                                    <span class="iconCategory arrow-mobile RD_Desplegar2"></span>
            
                                        <ul class="grandchild-menu">
                            <li>
                                <div class="back-to-category">
                                    <button class="back responsivo responsivo-tablet"></button>
                                        <span>Saladas, Sandes e Wraps</span>
                                </div>
                            </li>
                            <li class="go-to-category-child">
                                <a href="#">Ver Saladas, Sandes e Wraps</a>
                            </li>
                                <span class="shop-by-cat-text">Comprar por categor&iacute;as</span>
                            <li>
                                <a href="#">Sandes</a>
                            </li>
                            <li>
                                <a href="#">Wraps</a>
                            </li>
                            <li>
                                <a href="#">Saladas Simples</a>
                            </li>
                            <li>
                                <a href="#">Saladas Refeição</a>
                            </li>
                        </ul>
                    </li>
            
                            <li>
                                <a href="#">Frango Assado e Leitão</a>
                                    <span class="iconCategory arrow-mobile RD_Desplegar2"></span>
            
                        <ul class="grandchild-menu">
                            <li>
                                <div class="back-to-category">
                                    <button class="back responsivo responsivo-tablet"></button>
                                        <span>Frango Assado e Leitão</span>
                                </div>
                            </li>
                            <li class="go-to-category-child">
                                <a href="#">Ver Frango Assado e Leitão</a>
                            </li>
                                <span class="shop-by-cat-text">Comprar por categor&iacute;as</span>
                            </ul>
                        </li>
            
                            <li>
                                <a href="#">Refeições Prontas</a>
                                    <span class="iconCategory arrow-mobile RD_Desplegar2"></span>
            
                        <ul class="grandchild-menu">
                            <li>
                                <div class="back-to-category">
                                    <button class="back responsivo responsivo-tablet"></button>
                                        <span>Refeições Prontas</span>
                                </div>
                            </li>
                            <li class="go-to-category-child">
                                <a href="#">Ver Refeições Prontas</a>
                            </li>
                                <span class="shop-by-cat-text">Comprar por categor&iacute;as</span>
                            <li>
                                <a href="#">Carne</a>
                            </li>
                            <li>
                                <a href="#">Peixe e Marisco</a>
                            </li>
                            <li>
                                <a href="#">Italianas</a>
                            </li>
                            <li>
                                <a href="#">Acompanhamentos</a>
                            </li>
                        </ul>
                    </li>
            
                            <li>
                                <a href="#">Vegetarianas e Vegan</a>
                                    <span class="iconCategory arrow-mobile RD_Desplegar2"></span>
            
                        <ul class="grandchild-menu">
                            <li>
                                <div class="back-to-category">
                                    <button class="back responsivo responsivo-tablet"></button>
                                        <span>Vegetarianas e Vegan</span>
                                </div>
                            </li>
                            <li class="go-to-category-child">
                                <a href="#">Ver Vegetarianas e Vegan</a>
                            </li>
                                <span class="shop-by-cat-text">Comprar por categor&iacute;as</span>
                            <li>
                                <a href="#">Hambúrgueres e Almôndegas</a>
                            </li>
                            <li>
                                <a href="#">Nuggets, Bifes e Escalopes</a>
                            </li>
                            <li>
                                <a href="#">Tofu e Seitan</a>
                            </li>
                            <li>
                                <a href="#">Saladas e Algas</a>
                            </li>
                            <li>
                                <a href="#">Outras Refeições</a>
                            </li>
                        </ul>
                    </li>
                </ul>
            </div>
            </li>
                            <li>
                                <img class="hot" src="https://img.icons8.com/external-wanicon-lineal-wanicon/64/000000/external-grocery-food-delivery-wanicon-lineal-wanicon.png"/>
                                    <button class="btn-main-category">Mercearia</button>
                                        <div class="child-menu child-menu-despensa">
                                            <div class="back-to-category">
                                                <button class="back responsivo responsivo-tablet"></button>
                                                    <span>Mercearia</span>
                                            </div>
                                            <div class="category-link">
                                                <span class="iconCategory despensa"></span>
                                                    <a href="#" class="go-to-category">Ver todos</a>
                                            </div>
                                                <span class="shop-by-cat-text">Comprar por categor&iacute;as</span>
            
                        <ul class="child-menu-container">
                            <li>
                                <a href="#">Café, Chá e Chocolate Solúvel</a>
                                    <span class="iconCategory arrow-mobile RD_Desplegar2"></span>
            
                        <ul class="grandchild-menu">
                            <li>
                                <div class="back-to-category">
                                    <button class="back responsivo responsivo-tablet"></button>
                                        <span>Café, Chá e Chocolate Solúvel</span>
                                </div>
                            </li>
                            <li class="go-to-category-child">
                                <a href="#">Ver Café, Chá e Chocolate Solúvel</a>
                            </li>
                                <span class="shop-by-cat-text">Comprar por categor&iacute;as</span>
                            <li>
                                <a href="#">Café em Cápsulas</a>
                            </li>
                            <li>
                                <a href="#">Café Torrado</a>
                            </li>
                            <li>
                                <a href="#">Café Solúvel</a>
                            </li>
                            <li>
                                <a href="#">Chás e Infusões</a>
                            </li>
                            <li>
                                <a href="#">Chocolate Solúvel</a>
                            </li>
                            <li>
                                <a href="#">Bebidas de Cereais</a>
                            </li>
                        </ul>
                    </li>
                            <li>
                                <a href="#">Cereais e Barras</a>
                                    <span class="iconCategory arrow-mobile RD_Desplegar2"></span>
            
                        <ul class="grandchild-menu">
                            <li>
                                <div class="back-to-category">
                                    <button class="back responsivo responsivo-tablet"></button>
                                        <span>Cereais e Barras</span>
                                </div>
                            </li>
                            <li class="go-to-category-child">
                                <a href="#">Ver Cereais e Barras</a>
                            </li>
                                <span class="shop-by-cat-text">Comprar por categor&iacute;as</span>
                            <li>
                                <a href="#">Cereais Infantis e Juvenis</a>
                            </li>
                            <li>
                                <a href="#">Cereais Linha e Fibra</a>
                            </li>
                            <li>
                                <a href="#">Corn Flakes</a>
                            </li>
                            <li>
                                <a href="#">Muesli e Granola</a>
                            </li>
                            <li>
                                <a href="#">Flocos e Papas de Aveia</a>
                            </li>
                            <li>
                                <a href="#">Barras de Cereais</a>
                            </li>
                        </ul>
                            </li>
                                        
                            <li>
                                <a href="#">Bolachas, Biscoitos e Tostas</a>
                                    <span class="iconCategory arrow-mobile RD_Desplegar2"></span>
            
                        <ul class="grandchild-menu">
                            <li>
                                <div class="back-to-category">
                                    <button class="back responsivo responsivo-tablet"></button>
                                        <span>Bolachas, Biscoitos e Tostas</span>
                                </div>
                            </li>
                            <li class="go-to-category-child">
                                <a href="#">Ver Bolachas, Biscoitos e Tostas</a>
                            </li>
                                <span class="shop-by-cat-text">Comprar por categor&iacute;as</span>
                            <li>
                                <a href="#">Bolachas de Chocolate</a>
                            </li>
                            <li>
                                <a href="#">Bolachas com Cobertura e Recheio</a>
                            </li>
                            <li>
                                <a href="#">Bolachas Infantis</a>
                            </li>
                            <li>
                                <a href="#">Bolachas de Manteiga</a>
                            </li>
                            <li>
                                <a href="#">Maria, Torrada e Biscoitos</a>
                            </li>
                            <li>
                                <a href="#">Bolachas Fibra e Sem Açúcar</a>
                            </li>
                            <li>
                                <a href="#">Sortidos de Bolachas</a>
                            </li>
                            <li>
                                <a href="#">Bolos, Napolitanas, Queques…</a>
                            </li>
                            <li>
                                <a href="#">Bolachas e Biscoitos Salgados</a>
                            </li>
                            <li>
                                <a href="#">Tortitas de Arroz e Milho</a>
                            </li>
                            <li>
                                <a href="#">Tostas, Gressinos e Croutons</a>
                            </li>
                        </ul>
                            </li>
                            <li>
                                <a href="#">Chocolate, Gomas e Rebuçados</a>
                                    <span class="iconCategory arrow-mobile RD_Desplegar2"></span>
            
                        <ul class="grandchild-menu">
                            <li>
                                <div class="back-to-category">
                                    <button class="back responsivo responsivo-tablet"></button>
                                        <span>Chocolate, Gomas e Rebuçados</span>
                                </div>
                            </li>
                            <li class="go-to-category-child">
                                <a href="#">Ver Chocolate, Gomas e Rebuçados</a>
                            </li>
                                <span class="shop-by-cat-text">Comprar por categor&iacute;as</span>
                            <li>
                                <a href="#">Chocolates</a>
                            </li>
                            <li>
                                <a href="#">Bombons</a>
                            </li>
                            <li>
                                <a href="#">Snacks de Chocolate</a>
                            </li>
                            <li>
                                <a href="#">Chocolates Solúveis</a>
                            </li>
                            <li>
                                <a href="#">Cacau e Chocolates de Culinária</a>
                            </li>
                            <li>
                                <a href="#">Gomas, Pastilhas e Rebuçados</a>
                            </li>
                        </ul>
                            </li>
                            <li>
                                <a href="#">Arroz, Massa e Farinha</a>
                                    <span class="iconCategory arrow-mobile RD_Desplegar2"></span>
            
                        <ul class="grandchild-menu">
                            <li>
                                <div class="back-to-category">
                                    <button class="back responsivo responsivo-tablet"></button>
                                        <span>Arroz, Massa e Farinha</span>
                                </div>
                            </li>
                            <li class="go-to-category-child">
                                <a href="#">Ver Arroz, Massa e Farinha</a>
                            </li>
                                <span class="shop-by-cat-text">Comprar por categor&iacute;as</span>
                            <li>
                                <a href="#">Arroz</a>
                            </li>
                            <li>
                                <a href="#">Massa</a>
                            </li>
                            <li>
                                <a href="#">Farinha e Pão Ralado</a>
                            </li>
                            <li>
                                <a href="#">Puré</a>
                            </li>
                            <li>
                                <a href="#">Couscous, Quinoa, Bulgur e Outros</a>
                            </li>
                            <li>
                                <a href="#">Feijão, Grão de Bico e Lentilhas</a>
                            </li>
                        </ul>
                            </li>
                            <li>
                                <a href="#">Azeite, Óleo e Vinagre</a>
                                    <span class="iconCategory arrow-mobile RD_Desplegar2"></span>
            
                        <ul class="grandchild-menu">
                            <li>
                                <div class="back-to-category">
                                    <button class="back responsivo responsivo-tablet"></button>
                                        <span>Azeite, Óleo e Vinagre</span>
                                </div>
                            </li>
                            <li class="go-to-category-child">
                                <a href="#">Ver Azeite, Óleo e Vinagre</a>
                            </li>
                                <span class="shop-by-cat-text">Comprar por categor&iacute;as</span>
                            <li>
                                <a href="#">Azeite</a>
                            </li>
                            <li>
                                <a href="#">Óleo Alimentar</a>
                            </li>
                            <li>
                                <a href="#">Vinagre</a>
                            </li>
                        </ul>
                            </li>
                            <li>
                                <a href="#">Conservas</a>
                                    <span class="iconCategory arrow-mobile RD_Desplegar2"></span>
            
                        <ul class="grandchild-menu">
                            <li>
                                <div class="back-to-category">
                                    <button class="back responsivo responsivo-tablet"></button>
                                        <span>Conservas</span>
                                </div>
                            </li>
                            <li class="go-to-category-child">
                                <a href="#">Ver Conservas</a>
                            </li>
                                <span class="shop-by-cat-text">Comprar por categor&iacute;as</span>
                            <li>
                                <a href="#">Atum</a>
                            </li>
                            <li>
                                <a href="#">Sardinha, Cavala, Lulas…</a>
                            </li>
                            <li>
                                <a href="#">Salsichas</a>
                            </li>
                            <li>
                                <a href="#">Patês</a>
                            </li>
                            <li>
                                <a href="#">Tomate Polpa, Pelado e Seco</a>
                            </li>
                            <li>
                                <a href="#">Feijão e Grão de Bico</a>
                            </li>
                            <li>
                                <a href="#">Cogumelos, Milho, Ervilhas…</a>
                            </li>
                            <li>
                                <a href="#">Azeitonas e Tremoços</a>
                            </li>
                            <li>
                                <a href="#">Polpas e Frutas em Calda</a>
                            </li>
                            <li>
                                <a href="#">Refeições</a>
                            </li>
                        </ul>
                            </li>
                            <li>
                                <a href="#">Molhos, Tempero e Sal</a>
                                    <span class="iconCategory arrow-mobile RD_Desplegar2"></span>
            
                        <ul class="grandchild-menu">
                            <li>
                                <div class="back-to-category">
                                    <button class="back responsivo responsivo-tablet"></button>
                                        <span>Molhos, Tempero e Sal</span>
                                </div>
                            </li>
                            <li class="go-to-category-child">
                                <a href="#">Ver Molhos, Tempero e Sal</a>
                            </li>
                                <span class="shop-by-cat-text">Comprar por categor&iacute;as</span>
                            <li>
                                <a href="#">Molhos</a>
                            </li>
                            <li>
                                <a href="#">Maionese, Ketchup e Mostarda</a>
                            </li>
                            <li>
                                <a href="#">Especiarias e Ervas Aromáticas</a>
                            </li>
                            <li>
                                <a href="#">Caldos</a>
                            </li>
                            <li>
                                <a href="#">Sal</a>
                            </li>
                        </ul>
                            </li>
            
                            <li>
                                <a href="#">Snacks e Batatas Fritas</a>
                                    <span class="iconCategory arrow-mobile RD_Desplegar2"></span>
            
                        <ul class="grandchild-menu">
                            <li>
                                <div class="back-to-category">
                                    <button class="back responsivo responsivo-tablet"></button>
                                        <span>Snacks e Batatas Fritas</span>
                                </div>
                            </li>
                            <li class="go-to-category-child">
                                <a href="#">Ver Snacks e Batatas Fritas</a>
                            </li>
                                <span class="shop-by-cat-text">Comprar por categor&iacute;as</span>
                            <li>
                                <a href="#">Batatas Fritas</a>
                            </li>
                            <li>
                                <a href="#">Aperitivos e Snacks</a>
                            </li>
                            <li>
                                <a href="#">Frutos Secos, Desidratados e Sementes</a>
                            </li>
                            <li>
                                <a href="#">Barras de Cereais</a>
                            </li>
                            <li>
                                <a href="#">Pipocas</a>
                            </li>
                            <li>
                                <a href="#">Saquetas e Purés de Fruta</a>
                            </li>
                        </ul>
                    </li>
            
                            <li>
                                <a href="#">Compotas, Cremes e Mel</a>
                                    <span class="iconCategory arrow-mobile RD_Desplegar2"></span>
            
                        <ul class="grandchild-menu">
                            <li>
                                <div class="back-to-category">
                                    <button class="back responsivo responsivo-tablet"></button>
                                        <span>Compotas, Cremes e Mel</span>
                                </div>
                            </li>
                            <li class="go-to-category-child">
                                <a href="#">Ver Compotas, Cremes e Mel</a>
                            </li>
                                <span class="shop-by-cat-text">Comprar por categor&iacute;as</span>
                            <li>
                                <a href="#">Doces e Compotas</a>
                            </li>
                            <li>
                                <a href="#">Nutella e Cremes de Barrar</a>
                            </li>
                            <li>
                                <a href="#">Mel</a>
                            </li>
                            <li>
                                <a href="#">Marmeladas e Goiabadas</a>
                            </li>
                        </ul>
                            </li>
                            <li>
                                <a href="#">Açúcar e Sobremesas</a>
                                    <span class="iconCategory arrow-mobile RD_Desplegar2"></span>
            
                        <ul class="grandchild-menu">
                            <li>
                                <div class="back-to-category">
                                    <button class="back responsivo responsivo-tablet"></button>
                                        <span>Açúcar e Sobremesas</span>
                                </div>
                            </li>
                            <li class="go-to-category-child">
                                <a href="#">Ver Açúcar e Sobremesas</a>
                            </li>
                                <span class="shop-by-cat-text">Comprar por categor&iacute;as</span>
                            <li>
                                <a href="#">Açúcar e Adoçante</a>
                            </li>
                            <li>
                                <a href="#">Cacau e Chocolates de Culinária</a>
                            </li>
                            <li>
                                <a href="#">Gelatinas e Pudins</a>
                            </li>
                            <li>
                                <a href="#">Leite Condensado e Leite de Coco</a>
                            </li>
                            <li>
                                <a href="#">Preparados para Mousses e Bolos</a>
                            </li>
                            <li>
                                <a href="#">Aromas e Toppings</a>
                            </li>
                            <li>
                                <a href="#">Fermento</a>
                            </li>
                        </ul>
                            </li>
                            <li>
                                <a href="#">Sopas e Refeições</a>
                                    <span class="iconCategory arrow-mobile RD_Desplegar2"></span>
            
                        <ul class="grandchild-menu">
                            <li>
                                <div class="back-to-category">
                                    <button class="back responsivo responsivo-tablet"></button>
                                        <span>Sopas e Refeições</span>
                                </div>
                            </li>
                            <li class="go-to-category-child">
                                <a href="#">Ver Sopas e Refeições</a>
                            </li>
                                <span class="shop-by-cat-text">Comprar por categor&iacute;as</span>
                            <li>
                                <a href="#">Sopas</a>
                            </li>
                            <li>
                                <a href="#">Refeições</a>
                            </li>
                            <li>
                                <a href="#">Cozinha do Mundo</a>
                            </li>
                        </ul>
                            </li>
                            <li>
                                <a href="#">Alimentação Infantil</a>
                                    <span class="iconCategory arrow-mobile RD_Desplegar2"></span>
            
                        <ul class="grandchild-menu">
                            <li>
                                <div class="back-to-category">
                                    <button class="back responsivo responsivo-tablet"></button>
                                        <span>Alimentação Infantil</span>
                                </div>
                            </li>
                            <li class="go-to-category-child">
                                <a href="#">Ver Alimentação Infantil</a>
                            </li>
                                <span class="shop-by-cat-text">Comprar por categor&iacute;as</span>
                            <li>
                                <a href="#">Boiões, Saquetas e Puré de Fruta</a>
                            </li>
                            <li>
                                <a href="#">Refeições</a>
                            </li>
                            <li>
                                <a href="#">Alimentos Lácteos</a>
                            </li>
                            <li>
                                <a href="#">Leites Infantis</a>
                            </li>
                            <li>
                                <a href="#">Papas Infantis</a>
                            </li>
                            <li>
                                <a href="#">Snacks e Bolachinhas</a>
                            </li>
                        </ul>
                    </li>
                </ul>
                        </div>
                    </li>
            
                            <li>
                                <img class="hot" src="https://img.icons8.com/ios/50/000000/jamon.png"/>
                                    <button class="btn-main-category">Charcutaria</button>
                                        <div class="child-menu child-menu-bebidas">
                                            <div class="back-to-category">
                                                <button class="back responsivo responsivo-tablet"></button>
                                                    <span>Charcutaria</span>
                                            </div>
                                            <div class="category-link">
                                                <span class="iconCategory bebidas"></span>
                                                    <a href="/compra-online/bebidas/cf" class="go-to-category">Ver todos</a>
                                            </div>
                                                <span class="shop-by-cat-text">Comprar por categor&iacute;as</span>
            
                        <ul class="child-menu-container">
                            <li>
                                <a href="#">Fiambre, Mortadela e Salame</a>
                            </li>
                            <li>
                                <a href="#">Presunto</a>
                            </li>
                            <li>
                                <a href="#">Bacon e Fumados</a>
                            </li>
                            <li>
                                <a href="#">Alheira e Farinheira</a>
                            </li>
                            <li>
                                <a href="#">Chouriço e Morcela</a>
                            </li>
                            <li>
                                <a href="#">Salpicão, Paio e Fuet</a>
                            </li>
                            <li>
                                <a href="#">Salsichas e Linguiças</a>
                            </li>
                        </ul>
                    </div>
                </li>
            
                            <li>
                                <img class="hot" src="https://img.icons8.com/ios-filled/50/000000/steak-rare.png"/>
                                    <button class="btn-main-category">Talho</button>
                                        <div class="child-menu child-menu-mascotas">
                                            <div class="back-to-category">
                                                <button class="back responsivo responsivo-tablet"></button>
                                                    <span>Talho</span>
                                            </div>
                                            <div class="category-link">
                                                <span class="iconCategory mascotas"></span>
                                                    <a href="#" class="go-to-category">Ver todos</a>
                                            </div>
                                                <span class="shop-by-cat-text">Comprar por categor&iacute;as</span>
            
                        <ul class="child-menu-container">
                            <li>
                                <a href="#">Novilho, Vitela e Vitelão</a>
                            </li>
                            <li>
                                <a href="#">Frango e Peru</a>
                            </li>
                            <li>
                                <a href="#">Porco</a>
                            </li>
                            <li>
                                <a href="#">Pato e Coelho</a>
                            </li>
                            <li>
                                <a href="#">Cabrito e Borrego</a>
                            </li>
                            <li>
                                <a href="#">Pronto a Cozinhar</a>
                            </li>
                            <li>
                                <a href="#">Cortes do Mundo</a>
                            </li>
                            <li>
                                <a href="#">Cortado Especialmente para Si</a>
                            </li>
                            <li>
                                <a href="#">Carne Congelada</a>
                            </li>
                        </ul>
            
                            <li>
                                <img class="hot" src="https://img.icons8.com/ios/50/000000/fish--v1.png"/>
                                    <button class="btn-main-category">Peixaria</button>
                                        <div class="child-menu child-menu-bodega">
                                            <div class="back-to-category">
                                                <button class="back responsivo responsivo-tablet"></button>
                                                    <span>Peixaria</span>
                                            </div>
                                            <div class="category-link">
                                                <span class="iconCategory bodega"></span>
                                                    <a href="#" class="go-to-category">Ver todos</a>
                                            </div>
                                                <span class="shop-by-cat-text">Comprar por categor&iacute;as</span>
            
                        <ul class="child-menu-container">
                            <li>
                                <a href="#">Peixe Fresco</a>
                            </li>
                            <li>
                                <a href="#">Peixe Congelado</a>
                            </li>
                            <li>
                                <a href="#">Filetes, Lombos e Postas</a>
                            </li>
                            <li>
                                <a href="#">Bacalhau</a>
                            </li>
                            <li>
                                <a href="#">Polvo, Lulas e Chocos</a>
                            </li>
                            <li>
                                <a href="#">Camarão</a>
                            </li>
                            <li>
                                <a href="#">Mariscos</a>
                            </li>
                            <li>
                                <a href="#">Salmão Fumado e Especialidades</a>
                            </li>
                        </ul>
                    </div>
                </li>
            
                            <li>
                                <img class="hot" src="https://img.icons8.com/external-photo3ideastudio-lineal-photo3ideastudio/64/000000/external-fruits-restaurant-photo3ideastudio-lineal-photo3ideastudio.png"/>
                                    <button class="btn-main-category">Frutas e Legumes</button>
                                        <div class="child-menu child-menu-congelados">
                                            <div class="back-to-category">
                                                <button class="back responsivo responsivo-tablet"></button>
                                                    <span>Frutas e Legumes</span>
                                            </div>
                                            <div class="category-link">
                                                <span class="iconCategory congelados"></span>
                                                    <a href="#" class="go-to-category">Ver todos</a>
                                            </div>
                                                <span class="shop-by-cat-text">Comprar por categor&iacute;as</span>
            
                        <ul class="child-menu-container">
                            <li>
                                <a href="#">Frutas</a>
                                <span class="iconCategory arrow-mobile RD_Desplegar2"></span>
            
                        <ul class="grandchild-menu">
                            <li>
                                <div class="back-to-category">
                                    <button class="back responsivo responsivo-tablet"></button>
                                        <span>Frutas</span>
                                </div>
                            </li>
                            <li class="go-to-category-child">
                                <a href="#">Ver Frutas</a>
                            </li>
                                <span class="shop-by-cat-text">Comprar por categor&iacute;as</span>
                            <li>
                                <a href="#">Banana, Maçã e Pera</a>
                            </li>
                            <li>
                                <a href="#">Laranja, Clementina e Limão</a>
                            </li>
                            <li>
                                <a href="#">Melancia, Melão e Meloa</a>
                            </li>
                            <li>
                                <a href="#">Pêssego, Ameixa e Kiwi</a>
                            </li>
                            <li>
                                <a href="#">Morango e Frutos Vermelhos</a>
                            </li>
                            <li>
                                <a href="#">Uvas e Tropicais</a>
                            </li>
                            <li>
                                <a href="#">Congeladas</a>
                            </li>
                        </ul>
                    </li>
                            <li>
                                <a href="#">Legumes</a>
                                    <span class="iconCategory arrow-mobile RD_Desplegar2"></span>
            
                        <ul class="grandchild-menu">
                            <li>
                                <div class="back-to-category">
                                    <button class="back responsivo responsivo-tablet"></button>
                                        <span>Legumes</span>
                                </div>
                            </li>
                            <li class="go-to-category-child">
                                <a href="#">Ver Legumes</a>
                            </li>
                                <span class="shop-by-cat-text">Comprar por categor&iacute;as</span>
                            <li>
                                <a href="#">Batata, Batata Doce e Mandioca</a>
                            </li>
                            <li>
                                <a href="#">Cebola, Alho e Nabo</a>
                            </li>
                            <li>
                                <a href="#">Cenoura, Abóbora e Beterraba</a>
                            </li>
                            <li>
                                <a href="#">Curgete, Beringela e Feijão Verde</a>
                            </li>
                            <li>
                                <a href="#">Couves, Brócolos e Espinafres</a>
                            </li>
                            <li>
                                <a href="#">Alface, Tomate, Pepino e Pimento</a>
                            </li>
                            <li>
                                <a href="#">Saladas, Sopas e Salteados</a>
                            </li>
                            <li>
                                <a href="#">Cogumelos, Espargos e Exóticos</a>
                            </li>
                            <li>
                                <a href="#">Congelados</a>
                            </li>
                        </ul>
                    </li>
                            <li>
                                <a href="#">Frutas e Legumes Biológicos</a>
                            </li>
                            <li>
                                <a href="#">Cabazes de Frutas e Legumes</a>
                            </li>
            
                            <li>
                                <a href="#">Sumos Naturais</a>
                                    <span class="iconCategory arrow-mobile RD_Desplegar2"></span>
            
                        <ul class="grandchild-menu">
                            <li>
                                <div class="back-to-category">
                                    <button class="back responsivo responsivo-tablet"></button>
                                        <span>Sumos Naturais</span>
                                </div>
                            </li>
                            <li class="go-to-category-child">
                                <a href="#">Ver Sumos Naturais</a>
                            </li>
                                <span class="shop-by-cat-text">Comprar por categor&iacute;as</span>
                            <li>
                                <a href="#">Sumos Espremidos no Momento</a>
                            </li>
                        </ul>
                    </li>
                            <li>
                                <a href="#">Frutos Secos, Desidratados e Sementes</a>
                            </li>      
                            <li>
                                <a href="#">Tremoços e Azeitonas</a>
                            </li>
                            <li>
                                <a href="#">Ervas Aromáticas e Especiarias</a>
                            </li> 
                        </ul>
                    </div>
                </li>
            
                            <li>
                                <img class="hot" src="https://img.icons8.com/ios-filled/50/000000/cooling.png"/>
                                    <button class="btn-main-category">Congelados</button>
                                        <div class="child-menu child-menu-cuidado-personal">
                                            <div class="back-to-category">
                                                <button class="back responsivo responsivo-tablet"></button>
                                                    <span>Congelados</span>
                                            </div>
                                            <div class="category-link">
                                                <span class="iconCategory cuidado-personal"></span>
                                                    <a href="#" class="go-to-category">Ver todos</a>
                                            </div>
                                                <span class="shop-by-cat-text">Comprar por categor&iacute;as</span>
            
                        <ul class="child-menu-container">
                            <li>
                                <a href="#">Gelados</a>
                                    <span class="iconCategory arrow-mobile RD_Desplegar2"></span>
            
                        <ul class="grandchild-menu">
                            <li>
                                <div class="back-to-category">
                                    <button class="back responsivo responsivo-tablet"></button>
                                        <span>Gelados</span>
                                </div>
                            </li>
                            <li class="go-to-category-child">
                                <a href="#">Ver Gelados</a>
                            </li>
                                <span class="shop-by-cat-text">Comprar por categor&iacute;as</span>
                            <li>
                                <a href="#">Gelados Familiares</a>
                            </li>
                            <li>
                                <a href="#">Gelados Multipacks</a>
                            </li>
                            <li>
                                <a href="#">Gelados Americanos</a>
                            </li>
                            <li>
                                <a href="#">Tartes Geladas e Viennettas</a>
                            </li>
                        </ul>
                    </li>
            
                            <li>
                                <a href="#">Frutas e Legumes</a>
                                    <span class="iconCategory arrow-mobile RD_Desplegar2"></span>
                        <ul class="grandchild-menu">
                            <li>
                                <div class="back-to-category">
                                    <button class="back responsivo responsivo-tablet"></button>
                                        <span>Frutas e Legumes</span>
                                </div>
                            </li>
                            <li class="go-to-category-child">
                                <a href="#">Ver Frutas e Legumes</a>
                            </li>
                                <span class="shop-by-cat-text">Comprar por categor&iacute;as</span>
                            <li>
                                <a href="#">Frutas Congeladas</a>
                            </li>
                            <li>
                                <a href="#">Batatas Congeladas</a>
                            </li>
                            <li>
                                <a href="#">Legumes Congelados</a>
                            </li>
                            <li>
                                <a href="#">Misturas de Legumes Congelados</a>
                            </li>
                        </ul>
                    </li>
                            <li>
                                <a href="#">Salgados e Aperitivos</a>
                            </li>
                            <li>
                                <a href="#">Pizzas</a>
                            </li>
                        
                            <li>
                                <a href="#">Douradinhos e Nuggets</a>
                                    <span class="iconCategory arrow-mobile RD_Desplegar2"></span>
            
                        <ul class="grandchild-menu">
                            <li>
                                <div class="back-to-category">
                                    <button class="back responsivo responsivo-tablet"></button>
                                        <span>Douradinhos e Nuggets</span>
                                </div>
                            </li>
                            <li class="go-to-category-child">
                                <a href="#">Ver todos</a>
                            </li>
                                <span class="shop-by-cat-text">Comprar por categor&iacute;as</span>
                            <li>
                                <a href="#">Douradinhos e Barrinhas</a>
                            </li>
                            <li>
                                <a href="#">Crocantes e Filetes</a>
                            </li>
                            <li>
                                <a href="#">Nuggets e Panados</a>
                            </li>
                        </ul>
            
                            <li>
                                <a href="#">Hambúrgueres e Refeições</a>
                                    <span class="iconCategory arrow-mobile RD_Desplegar2"></span>
            
                        <ul class="grandchild-menu">
                            <li>
                                <div class="back-to-category">
                                    <button class="back responsivo responsivo-tablet"></button>
                                        <span>Hambúrgueres e Refeições</span>
                                </div>
                            </li>
                            <li class="go-to-category-child">
                                <a href="#">Ver Hambúrgueres e Refeições</a>
                            </li>
                                <span class="shop-by-cat-text">Comprar por categor&iacute;as</span>
                            <li>
                                <a href="#">Hambúrgueres</a>
                            </li>
                            <li>
                                <a href="#">Refeições</a>
                            </li>
                            <li>
                                <a href="#">Refeições Vegetarianas</a>
                            </li>
                        </ul>
            
                            <li>
                                <a href="#">Peixe e Marisco Congelado</a>
                                    <span class="iconCategory arrow-mobile RD_Desplegar2"></span>
            
                        <ul class="grandchild-menu">
                            <li>
                                <div class="back-to-category">
                                    <button class="back responsivo responsivo-tablet"></button>
                                        <span>Peixe e Marisco Congelado</span>
                                </div>
                            </li>
                            <li class="go-to-category-child">
                                <a href="#">Ver Peixe e Marisco Congelado</a>
                            </li>
                                <span class="shop-by-cat-text">Comprar por categor&iacute;as</span>
                            <li>
                                <a href="#">Peixe Congelado</a>
                            </li>
                            <li>
                                <a href="#">Marisco Congelado</a>
                            </li>
                            <li>
                                <a href="#">Bacalhau Congelado</a>
                            </li>
                            <li>
                                <a href="#">Polvo, Lulas e Chocos Congelados</a>
                            </li>
                        </ul>
                            <li>
                                <a href="#">Carne Congelada</a>
                            </li>
                            <li>
                                <a href="#">Sobremesas</a>
                                    <span class="iconCategory arrow-mobile RD_Desplegar2"></span>
            
                        <ul class="grandchild-menu">
                            <li>
                                <div class="back-to-category">
                                    <button class="back responsivo responsivo-tablet"></button>
                                        <span>Sobremesas</span>
                                </div>
                            </li>
                            <li class="go-to-category-child">
                                <a href="#">Ver Sobremesas</a>
                            </li>
                                <span class="shop-by-cat-text">Comprar por categor&iacute;as</span>
                            <li>
                                <a href="#">Bolos Congelados</a>
                            </li>
                            <li>
                                <a href="#">Crepes e Petit Gâteau</a>
                            </li>
                            <li>
                                <a href="#">Tartes Geladas e Viennettas</a>
                            </li>
                        </ul>
                    </div>
                </li>
            
                            <li>
                                <img class="hot" src="https://img.icons8.com/external-smashingstocks-mixed-smashing-stocks/68/000000/external-dairy-products-farming-smashingstocks-mixed-smashing-stocks.png"/>
                                    <button class="btn-main-category">Lacticínios e Ovos</button>
                                        <div class="child-menu child-menu-bebe">
                                            <div class="back-to-category">
                                                <button class="back responsivo responsivo-tablet"></button>
                                                    <span>Lacticínios e Ovos</span>
                                            </div>
                                            <div class="category-link">
                                                <span class="iconCategory bebe"></span>
                                                    <a href="#" class="go-to-category">Ver todos</a>
                                            </div>
                                                <span class="shop-by-cat-text">Comprar por categor&iacute;as</span>
            
                        <ul class="child-menu-container">
                            <li>
                                <a href="#">Leite</a>
                                    <span class="iconCategory arrow-mobile RD_Desplegar2"></span>
                
                        <ul class="grandchild-menu">
                            <li>
                                <div class="back-to-category">
                                    <button class="back responsivo responsivo-tablet"></button>
                                        <span>Leite</span>
                                </div>
                            </li>
                            <li class="go-to-category-child">
                                <a href="#">Ver todos</a>
                            </li>
                                <span class="shop-by-cat-text">Comprar por categor&iacute;as</span>
                            <li>
                                <a href="#">Leite Magro</a>
                            </li>
                            <li>
                                <a href="#">Leite Meio Gordo</a>
                            </li>
                            <li>
                                <a href="#">Leite Gordo</a>
                            </li>
                            <li>
                                <a href="#">Leite Achocolatado e Aromatizado</a>
                            </li>
                            <li>
                                <a href="#">Leites Infantis</a>
                            </li>
                            <li>
                                <a href="#">Leite sem Lactose</a>
                            </li>
                        </ul>
                            </li>
                            <li>
                                <a href="#">Iogurtes</a>
                                    <span class="iconCategory arrow-mobile RD_Desplegar2"></span>
                
                        <ul class="grandchild-menu">
                            <li>
                                <div class="back-to-category">
                                    <button class="back responsivo responsivo-tablet"></button>
                                        <span>Iogurtes</span>
                                </div>
                            </li>
                            <li class="go-to-category-child">
                                <a href="#">Ver Iogurtes</a>
                            </li>
                                <span class="shop-by-cat-text">Comprar por categor&iacute;as</span>
                            <li>
                                <a href="#">Iogurtes Líquidos</a>
                            </li>
                            <li>
                                <a href="#">Iogurtes Aromas e Naturais</a>
                            </li>
                            <li>
                                <a href="#">Iogurtes Magros</a>
                            </li>
                            <li>
                                <a href="#">Iogurtes Bifidus</a>
                            </li>
                            <li>
                                <a href="#">Iogurtes Proteína</a>
                            </li>
                            <li>
                                <a href="#">Iogurtes Pedaços</a>
                            </li>
                            <li>
                                <a href="#">Iogurtes Gregos</a>
                            </li>
                            <li>
                                <a href="#">Iogurtes Infantis</a>
                            </li>
                            <li>
                                <a href="#">Iogurtes sem Lactose</a>
                            </li>
                            <li>
                                <a href="#">Vegegurtes e Yofu</a>
                            </li>
                        </ul>
                    </li>
                            <li>
                                <a href="#">Manteigas e Cremes para Barrar</a>
                                    <span class="iconCategory arrow-mobile RD_Desplegar2"></span>
                
                        <ul class="grandchild-menu">
                            <li>
                                <div class="back-to-category">
                                    <button class="back responsivo responsivo-tablet"></button>
                                        <span>Manteigas e Cremes para Barrar</span>
                                </div>
                            </li>
                            <li class="go-to-category-child">
                                <a href="#">Ver Manteigas e Cremes para Barrar</a>
                            </li>
                                <span class="shop-by-cat-text">Comprar por categor&iacute;as</span>
                            <li>
                                <a href="#">Manteigas</a>
                            </li>
                            <li>
                                <a href="#">Cremes para Barrar</a>
                            </li>
                            <li>
                                <a href="#">Cremes Culinários</a>
                            </li>
                        </ul>
                    </li>
                            <li>
                                <a href="#">Natas e Bechamel</a>
                                    <span class="iconCategory arrow-mobile RD_Desplegar2"></span>
                
                        <ul class="grandchild-menu">
                            <li>
                                <div class="back-to-category">
                                    <button class="back responsivo responsivo-tablet"></button>
                                        <span>Natas e Bechamel</span>
                                </div>
                            </li>
                            <li class="go-to-category-child">
                                <a href="#">Ver Natas e Bechamel</a>
                            </li>
                                <span class="shop-by-cat-text">Comprar por categor&iacute;as</span>
                            <li>
                                <a href="#">Natas Frescas e para Bater</a>
                            </li>
                            <li>
                                <a href="#">Natas Culinária</a>
                            </li>
                            <li>
                                <a href="#">Cremes Vegetais</a>
                            </li>
                            <li>
                                <a href="#">Molho Bechamel</a>
                            </li>
                            <li>
                                <a href="#">Chantilly</a>
                            </li>
                        </ul>
                    </li>
                            <li>
                                <a href="#">Bebidas Vegetais</a>
                                    <span class="iconCategory arrow-mobile RD_Desplegar2"></span>
                
                        <ul class="grandchild-menu">
                            <li>
                                <div class="back-to-category">
                                    <button class="back responsivo responsivo-tablet"></button>
                                        <span>Bebidas Vegetais</span>
                                </div>
                            </li>
                            <li class="go-to-category-child">
                                <a href="#">Ver Bebidas Vegetais</a>
                            </li>
                                <span class="shop-by-cat-text">Comprar por categor&iacute;as</span>
                            <li>
                                <a href="#">Bebida Soja</a>
                            </li>
                            <li>
                                <a href="#">Bebida Aveia</a>
                            </li>
                            <li>
                                <a href="#">Bebida Amêndoa</a>
                            </li>
                            <li>
                                <a href="#">Bebida Arroz</a>
                            </li>
                            <li>
                                <a href="#">Outras Bebidas Vegetais</a>
                            </li>
                        </ul>
                    </li>
                
                            <li>
                                <a href="#">Sobremesas</a>
                                    <span class="iconCategory arrow-mobile RD_Desplegar2"></span>
                
                        <ul class="grandchild-menu">
                            <li>
                                <div class="back-to-category">
                                    <button class="back responsivo responsivo-tablet"></button>
                                        <span>Sobremesas</span>
                                </div>
                            </li>
                            <li class="go-to-category-child">
                                <a href="#">Ver Sobremesas</a>
                            </li>
                                <span class="shop-by-cat-text">Comprar por categor&iacute;as</span>
                            <li>
                                <a href="#">Gelatinas</a>
                            </li>
                            <li>
                                <a href="#">Mousses e Pudins</a>
                            </li>
                        </ul>
                    </li>
                
                            <li>
                                <a href="#">Queijos</a>
                                    <span class="iconCategory arrow-mobile RD_Desplegar2"></span>
                
                        <ul class="grandchild-menu">
                            <li>
                                <div class="back-to-category">
                                    <button class="back responsivo responsivo-tablet"></button>
                                        <span>Queijos</span>
                                </div>
                            </li>
                            <li class="go-to-category-child">
                                <a href="#">Ver Queijos</a>
                            </li>
                                <span class="shop-by-cat-text">Comprar por categor&iacute;as</span>
                            <li>
                                <a href="#">Fatiado</a>
                            </li>
                            <li>
                                <a href="#">Bola, Metades e Quartos</a>
                            </li>
                            <li>
                                <a href="#">Ralado</a>
                            </li>
                            <li>
                                <a href="#">Fresco, Requeijão e Mozzarella</a>
                            </li>
                            <li>
                                <a href="#">Barrar</a>
                            </li>
                            <li>
                                <a href="#">Amanteigado</a>
                            </li>
                            <li>
                                <a href="#">Curado</a>
                            </li>
                            <li>
                                <a href="#">Queijos do Mundo</a>
                            </li>
                            <li>
                                <a href="#">Snacks</a>
                            </li>
                        </ul>
                            <li>
                                <a href="#">Ovos</a>
                                    <span class="iconCategory arrow-mobile RD_Desplegar2"></span>
            
                        <ul class="grandchild-menu">
                            <li>
                                <div class="back-to-category">
                                    <button class="back responsivo responsivo-tablet"></button>
                                        <span>Ovos</span>
                                </div>
                            </li>
                            <li class="go-to-category-child">
                                <a href="#">Ver Ovos</a>
                            </li>
                                <span class="shop-by-cat-text">Comprar por categor&iacute;as</span>
                            <li>
                                <a href="#">Ovos de Galinhas Biológicas</a>
                            </li>
                            <li>
                                <a href="#">Ovos de Galinhas Criadas ao Ar Livre</a>
                            </li>
                            <li>
                                <a href="#">Ovos de Galinhas Criadas no Solo</a>
                            </li>
                            <li>
                                <a href="#">Ovos de Galinhas de Gaiola</a>
                            </li>
                            <li>
                                <a href="#">Ovos de Codorniz</a>
                            </li>
                            <li>
                                <a href="#">Claras de Ovos</a>
                            </li>
                        </ul>
                    </div>
                </li>
            
                            <li>
                                <img class="hot" src="https://img.icons8.com/pastel-glyph/64/000000/energy-sport-drink.png"/>
                                    <button class="btn-main-category">Bebidas</button>
                                        <div class="child-menu child-menu-cuidado-del-hogar">
                                            <div class="back-to-category">
                                                <button class="back responsivo responsivo-tablet"></button>
                                                <span>Bebidas</span>
                                            </div>
                                            <div class="category-link">
                                                <span class="iconCategory cuidado-del-hogar"></span>
                                                    <a href="#" class="go-to-category">Ver todos</a>
                                            </div>
                                                <span class="shop-by-cat-text">Comprar por categor&iacute;as</span>
            
                        <ul class="child-menu-container">
                            <li>
                                <a href="#">Vinho tinto</a>
                                    <span class="iconCategory arrow-mobile RD_Desplegar2"></span>
                
                        <ul class="grandchild-menu">
                            <li>
                                <div class="back-to-category">
                                    <button class="back responsivo responsivo-tablet"></button>
                                        <span>Vinho tinto</span>
                                </div>
                            </li>
                            <li class="go-to-category-child">
                                <a href="#">Ver Vinho tinto</a>
                            </li>
                                <span class="shop-by-cat-text">Comprar por categor&iacute;as</span>
                            <li>
                                <a href="#">Vinho tinto alentejano</a>
                            </li>
                            <li>
                                <a href="#">Vinho tinto corrente</a>
                            </li>
                            <li>
                                <a href="#">Vinho tinto dão e bairrada</a>
                            </li>
                            <li>
                                <a href="#">Vinho tinto douro</a>
                            </li>
                            <li>
                                <a href="#">Vinho tinto setúbal e tejo</a>
                            </li>
                        </ul>
                    </li>
                            <li>
                                <a href="#">Vinho branco</a>
                                    <span class="iconCategory arrow-mobile RD_Desplegar2"></span>
                
                        <ul class="grandchild-menu">
                            <li>
                                <div class="back-to-category">
                                    <button class="back responsivo responsivo-tablet"></button>
                                        <span>Vinho branco</span>
                                </div>
                            </li>
                            <li class="go-to-category-child">
                                <a href="#">Ver Vinho branco</a>
                            </li>
                                <span class="shop-by-cat-text">Comprar por categor&iacute;as</span>
                            <li>
                                <a href="#">Vinho branco alentejano</a>
                            </li>
                            <li>
                                <a href="#">Vinho branco corrente</a>
                            </li>
                            <li>
                                <a href="#">Vinho branco dão e beiras</a>
                            </li>
                            <li>
                                <a href="#">Vinho branco douro</a>
                            </li>
                            <li>
                                <a href="#">Vinho branco setúbal e tejo</a>
                            </li>
                        </ul>
                    </li>
                            <li>
                                <a href="#">Vinho verde</a>
                                    <span class="iconCategory arrow-mobile RD_Desplegar2"></span>
                
                        <ul class="grandchild-menu">
                            <li>
                                <div class="back-to-category">
                                    <button class="back responsivo responsivo-tablet"></button>
                                        <span>Vinho verde</span>
                                </div>
                            </li>
                            <li class="go-to-category-child">
                                <a href="#">Ver Vinho verde</a>
                            </li>
                                <span class="shop-by-cat-text">Comprar por categor&iacute;as</span>
                            <li>
                                <a href="#">Vinho verde tinto</a>
                            </li>
                            <li>
                                <a href="#">Vinho verde branco</a>
                            </li>
                            <li>
                                <a href="#">Vinho verde rosé</a>
                            </li>
                        </ul>
                            </li>
                            <li>
                                <a href="#">Vinho rosé</a>
                                    <span class="iconCategory arrow-mobile RD_Desplegar2"></span>
                
                        <ul class="grandchild-menu">
                            <li>
                                <div class="back-to-category">
                                    <button class="back responsivo responsivo-tablet"></button>
                                        <span>Vinho rosé</span>
                                </div>
                            </li>
                            <li class="go-to-category-child">
                                <a href="#">Ver Vinho rosé</a>
                            </li>
                                <span class="shop-by-cat-text">Comprar por categor&iacute;as</span>
                            <li>
                                <a href="#">Vinho rosé outros</a>
                            </li>
                            <li>
                                <a href="#">Vinho rosé corrente</a>
                            </li>
                        </ul>
                            </li>
                            <li>
                                <a href="#">Outros vinhos</a>
                                    <span class="iconCategory arrow-mobile RD_Desplegar2"></span>
                
                        <ul class="grandchild-menu">
                            <li>
                                <div class="back-to-category">
                                    <button class="back responsivo responsivo-tablet"></button>
                                        <span>Outros vinhos</span>
                                </div>
                            </li>
                            <li class="go-to-category-child">
                                <a href="#">Ver Outros vinhos</a>
                            </li>
                                <span class="shop-by-cat-text">Comprar por categor&iacute;as</span>
                            <li>
                                <a href="#">Aromatizantes</a>
                            </li>
                            <li>
                                <a href="#">Sangrias</a>
                            </li>
                        </ul>
                            </li>
                
                            <li>
                                <a href="#">Bebidas espirituosas e espumantes</a>
                                    <span class="iconCategory arrow-mobile RD_Desplegar2"></span>
                
                        <ul class="grandchild-menu">
                            <li>
                                <div class="back-to-category">
                                    <button class="back responsivo responsivo-tablet"></button>
                                        <span>Bebidas espirituosas e espumantes</span>
                                </div>
                            </li>
                            <li class="go-to-category-child">
                                <a href="#">Ver Bebidas espirituosas e espumantes</a>
                            </li>
                                <span class="shop-by-cat-text">Comprar por categor&iacute;as</span>
                            <li>
                                <a href="#">Outras bebidas espirituosas</a>
                            </li>
                            <li>
                                <a href="#">Vinho do porto e moscatel</a>
                            </li>
                            <li>
                                <a href="#">Espumantes</a>
                            </li>
                            <li>
                                <a href="#">Vodka e gin</a>
                            </li>
                            <li>
                                <a href="#">Whisky</a>
                            </li>
                            <li>
                                <a href="#">Licores</a>
                            </li>
                        </ul>
                    </li>
                
                            <li>
                                <a href="#">Cervejas e sidras</a>
                                    <span class="iconCategory arrow-mobile RD_Desplegar2"></span>
                
                        <ul class="grandchild-menu">
                            <li>
                                <div class="back-to-category">
                                    <button class="back responsivo responsivo-tablet"></button>
                                        <span>Cervejas e sidras</span>
                                </div>
                            </li>
                            <li class="go-to-category-child">
                                <a href="#">Ver Cervejas e sidras</a>
                            </li>
                                <span class="shop-by-cat-text">Comprar por categor&iacute;as</span>
                            <li>
                                <a href="#">Especiais</a>
                            </li>
                            <li>
                                <a href="#">Brancas com álcool</a>
                            </li>
                            <li>
                                <a href="#">Sem álcool</a>
                            </li>
                            <li>
                                <a href="#">Sidras</a>
                            </li>
                        </ul>
            
                            <li>
                                <a href="#">Águas</a>
                                    <span class="iconCategory arrow-mobile RD_Desplegar2"></span>
                
                        <ul class="grandchild-menu">
                            <li>
                                <div class="back-to-category">
                                    <button class="back responsivo responsivo-tablet"></button>
                                        <span>Águas</span>
                                </div>
                            </li>
                            <li class="go-to-category-child">
                                <a href="#">Ver Águas</a>
                            </li>
                                <span class="shop-by-cat-text">Comprar por categor&iacute;as</span>
                            <li>
                                <a href="#">Com gás</a>
                            </li>
                            <li>
                                <a href="#">Sem gás</a>
                            </li>
                        </ul>
            
                            <li>
                                <a href="#">Sumos e néctares</a>
                                    <span class="iconCategory arrow-mobile RD_Desplegar2"></span>
            
                        <ul class="grandchild-menu">
                            <li>
                                <div class="back-to-category">
                                    <button class="back responsivo responsivo-tablet"></button>
                                        <span>Sumos e néctares</span>
                                </div>
                            </li>
                            <li class="go-to-category-child">
                                <a href="#">Ver Sumos e néctares</a>
                            </li>
                                <span class="shop-by-cat-text">Comprar por categor&iacute;as</span>
                            <li>
                                <a href="#">Néctares e sumos 100%</a>
                            </li>
                            <li>
                                <a href="#">Sumos</a>
                            </li>
                            <li>
                                <a href="#">Sumos infantis</a>
                            </li>
                        </ul>
            
                            <li>
                                <a href="#">Refrigerantes</a>
                                    <span class="iconCategory arrow-mobile RD_Desplegar2"></span>
            
                        <ul class="grandchild-menu">
                            <li>
                                <div class="back-to-category">
                                    <button class="back responsivo responsivo-tablet"></button>
                                        <span>Refrigerantes</span>
                                </div>
                            </li>
                            <li class="go-to-category-child">
                                <a href="#">Ver Refrigerantes</a>
                            </li>
                                <span class="shop-by-cat-text">Comprar por categor&iacute;as</span>
                            <li>
                                <a href="#">Água tónica e ginger ale</a>
                            </li>
                            <li>
                                <a href="#">Bebidas isotónicas e energéticas</a>
                            </li>
                            <li>
                                <a href="#">Colas e lima-limão</a>
                            </li>
                            <li>
                                <a href="#">Ice teas</a>
                            </li>
                            <li>
                                <a href="#">Pós e concentrados para preparar</a>
                            </li>
                            <li>
                                <a href="#">Sumos com gás</a>
                            </li>
                            <li>
                                <a href="#">Sumos sem gás</a>
                            </li>
                        </ul>
                    </div>
                </li>
            
                            <li>
                                <img class="hot" src="https://img.icons8.com/ios/50/000000/shower-and-tub.png"/>
                                    <button class="btn-main-category">Higiene Beleza e Bem Estar</button>
                                        <div class="child-menu child-menu-mascotas">
                                            <div class="back-to-category">
                                                <button class="back responsivo responsivo-tablet"></button>
                                                    <span>Higiene Beleza e Bem Estar</span>
                                            </div>
                                            <div class="category-link">
                                                <span class="iconCategory mascotas"></span>
                                                    <a href="#" class="go-to-category">Higiene Beleza e Bem Estar - Ver todos</a>
                                            </div>
                                                <span class="shop-by-cat-text">Comprar por categor&iacute;as</span>
            
                        <ul class="child-menu-container">
                            <li>
                                <a href="#">Higiene oral</a>
                                    <span class="iconCategory arrow-mobile RD_Desplegar2"></span>
                
                        <ul class="grandchild-menu">
                            <li>
                                <div class="back-to-category">
                                    <button class="back responsivo responsivo-tablet"></button>
                                        <span>Higiene oral</span>
                                </div>
                            </li>
                            <li class="go-to-category-child">
                                <a href="#">Ver Higiene oral</a>
                            </li>
                                <span class="shop-by-cat-text">Comprar por categor&iacute;as</span>
                            <li>
                                <a href="#">Cuidados próteses</a>
                            </li>
                            <li>
                                <a href="#">Elixires</a>
                            </li>
                            <li>
                                <a href="#">Limpeza dentária</a>
                            </li>
                            <li>
                                <a href="#">Pastas de dentes</a>
                            </li>
                        </ul>
                    </li>
                            <li>
                                <a href="#">Higiene íntima</a>
                                    <span class="iconCategory arrow-mobile RD_Desplegar2"></span>
                
                        <ul class="grandchild-menu">
                            <li>
                                <div class="back-to-category">
                                    <button class="back responsivo responsivo-tablet"></button>
                                        <span>Higiene íntima</span>
                                </div>
                            </li>
                            <li class="go-to-category-child">
                                <a href="#">Ver Higiene íntima</a>
                            </li>
                                <span class="shop-by-cat-text">Comprar por categor&iacute;as</span>
                            <li>
                                <a href="#">Higiene</a>
                            </li>
                            <li>
                                <a href="#">Incontinência</a>
                            </li>
                            <li>
                                <a href="#">Pensos diários</a>
                            </li>
                            <li>
                                <a href="#">Pensos higiénicos</a>
                            </li>
                            <li>
                                <a href="#">Tampões</a>
                            </li>
                        </ul>
                    </li>
                            <li>
                                <a href="#">Higiene e cuidado corporal</a>
                                    <span class="iconCategory arrow-mobile RD_Desplegar2"></span>
                
                        <ul class="grandchild-menu">
                            <li>
                                <div class="back-to-category">
                                    <button class="back responsivo responsivo-tablet"></button>
                                        <span>Higiene e cuidado corporal</span>
                                </div>
                            </li>
                            <li class="go-to-category-child">
                                <a href="#">Ver Higiene e cuidado corporal</a>
                            </li>
                                <span class="shop-by-cat-text">Comprar por categor&iacute;as</span>
                            <li>
                                <a href="#">Produtos solares</a>
                            </li>
                            <li>
                                <a href="#">Gel de banho</a>
                            </li>
                            <li>
                                <a href="#">Hidratantes e loções corporais</a>
                            </li>
                        </ul>
                    </li>
                            <li>
                                <a href="#">Saúde</a>
                                    <span class="iconCategory arrow-mobile RD_Desplegar2"></span>
                
                        <ul class="grandchild-menu">
                            <li>
                                <div class="back-to-category">
                                    <button class="back responsivo responsivo-tablet"></button>
                                        <span>Saúde</span>
                                </div>
                            </li>
                            <li class="go-to-category-child">
                                <a href="#">Ver Saúde</a>
                            </li>
                                <span class="shop-by-cat-text">Comprar por categor&iacute;as</span>
                            <li>
                                <a href="#">Higiene sexual</a>
                            </li>
                            <li>
                                <a href="#">Primeiros socorros</a>
                            </li>
                        </ul>
                    </li>
                            <li>
                                <a href="#">Cuidado do cabelo</a>
                                    <span class="iconCategory arrow-mobile RD_Desplegar2"></span>
                
                        <ul class="grandchild-menu">
                            <li>
                                <div class="back-to-category">
                                    <button class="back responsivo responsivo-tablet"></button>
                                        <span>Cuidado do cabelo</span>
                                </div>
                            </li>
                            <li class="go-to-category-child">
                                <a href="#">Ver Cuidado do cabelo</a>
                            </li>
                                <span class="shop-by-cat-text">Comprar por categor&iacute;as</span>
                            <li>
                                <a href="#">Champôs</a>
                            </li>
                            <li>
                                <a href="#">Colorações</a>
                            </li>
                            <li>
                                <a href="#">Máscaras e condicionadores</a>
                            </li>
                            <li>
                                <a href="#">Styling</a>
                            </li>
                        </ul>
            
                            <li>
                                <a href="#">Cuidado e limpeza do rosto</a>
                                    <span class="iconCategory arrow-mobile RD_Desplegar2"></span>
            
                        <ul class="grandchild-menu">
                            <li>
                                <div class="back-to-category">
                                    <button class="back responsivo responsivo-tablet"></button>
                                        <span>Cuidado e limpeza do rosto</span>
                                </div>
                            </li>
                            <li class="go-to-category-child">
                                <a href="#">Ver Cuidado e limpeza do rosto</a>
                            </li>
                                <span class="shop-by-cat-text">Comprar por categor&iacute;as</span>
                            <li>
                                <a href="#">Cremes de rosto</a>
                            </li>
                            <li>
                                <a href="#">Limpeza facial</a>
                            </li>
                        </ul>
            
                            <li>
                                <a href="#">Desodorizantes</a>
                                    <span class="iconCategory arrow-mobile RD_Desplegar2"></span>
            
                        <ul class="grandchild-menu">
                            <li>
                                <div class="back-to-category">
                                    <button class="back responsivo responsivo-tablet"></button>
                                        <span>Desodorizantes</span>
                                </div>
                            </li>
                            <li class="go-to-category-child">
                                <a href="#">Ver Desodorizantes</a>
                            </li>
                                <span class="shop-by-cat-text">Comprar por categor&iacute;as</span>
                            <li>
                                <a href="#">Roll-on</a>
                            </li>
                            <li>
                                <a href="#">Spray</a>
                            </li>
                        </ul>
            
                            <li>
                                <a href="#">Cuidado mãos e pés</a>
                                    <span class="iconCategory arrow-mobile RD_Desplegar2"></span>
            
                        <ul class="grandchild-menu">
                            <li>
                                <div class="back-to-category">
                                    <button class="back responsivo responsivo-tablet"></button>
                                        <span>Cuidado mãos e pés</span>
                                </div>
                            </li>
                            <li class="go-to-category-child">
                                <a href="#">Ver Cuidado mãos e pés</a>
                            </li>
                                <span class="shop-by-cat-text">Comprar por categor&iacute;as</span>
                            <li>
                                <a href="#">Sabonetes líquidos</a>
                            </li>
                            <li>
                                <a href="#">Sabonetes sólidos</a>
                            </li>
                            <li>
                                <a href="#">Tratamento</a>
                            </li>
                        </ul>
            
                            <li>
                                <a href="#">Depilatórios</a>
                                    <span class="iconCategory arrow-mobile RD_Desplegar2"></span>
            
                        <ul class="grandchild-menu">
                            <li>
                                <div class="back-to-category">
                                    <button class="back responsivo responsivo-tablet"></button>
                                        <span>Depilatórios</span>
                                </div>
                            </li>
                            <li class="go-to-category-child">
                                <a href="#">Ver Depilatórios</a>
                            </li>
                                <span class="shop-by-cat-text">Comprar por categor&iacute;as</span>
                            <li>
                                <a href="#">Cremes e bandas depilatórias</a>
                            </li>
                            <li>
                                <a href="#">Lâminas e máquinas depilatórias</a>
                            </li>
                        </ul>
            
                            <li>
                                <a href="#">Homem</a>
                                    <span class="iconCategory arrow-mobile RD_Desplegar2"></span>
            
                        <ul class="grandchild-menu">
                            <li>
                                <div class="back-to-category">
                                    <button class="back responsivo responsivo-tablet"></button>
                                        <span>Homem</span>
                                </div>
                            </li>
                            <li class="go-to-category-child">
                                <a href="#">Ver Homem</a>
                            </li>
                                <span class="shop-by-cat-text">Comprar por categor&iacute;as</span>
                            <li>
                                <a href="#">Aftershave</a>
                            </li>
                            <li>
                                <a href="#">Desodorizantes</a>
                            </li>
                            <li>
                                <a href="#">Espuma e gel de barbear</a>
                            </li>
                            <li>
                                <a href="#">Gel banho e champôs</a>
                            </li>
                            <li>
                                <a href="#">Lâminas e máquinas de barbear</a>
                            </li>
                        </ul>
            
                            <li>
                                <a href="#">Papel higiénico e lenços</a>
                                    <span class="iconCategory arrow-mobile RD_Desplegar2"></span>
            
                        <ul class="grandchild-menu">
                            <li>
                                <div class="back-to-category">
                                    <button class="back responsivo responsivo-tablet"></button>
                                        <span>Papel higiénico e lenços</span>
                                </div>
                            </li>
                            <li class="go-to-category-child">
                                <a href="#">Ver Papel higiénico e lenços</a>
                            </li>
                                <span class="shop-by-cat-text">Comprar por categor&iacute;as</span>
                            <li>
                                <a href="#">Lenços de papel e toalhitas</a>
                            </li>
                            <li>
                                <a href="#">Papel higiénico</a>
                            </li>
                        </ul> 
                    </ul>
                </div>
            </li>
            
                            <li>
                                <img class="hot" src="https://img.icons8.com/external-bzzricon-outline-bzzricon-studio/64/000000/external-cleaning-labour-day-bzzricon-outline-bzzricon-outline-bzzricon-studio.png"/>
                                    <button class="btn-main-category">Limpeza e cuidado do lar</button>
                                        <div class="child-menu child-menu-mascotas">
                                            <div class="back-to-category">
                                                <button class="back responsivo responsivo-tablet"></button>
                                                    <span>Limpeza e cuidado do lar</span>
                                            </div>
                                            <div class="category-link">
                                                <span class="iconCategory mascotas"></span>
                                                    <a href="#" class="go-to-category">Limpeza e Cuidado do Lar - Ver todos</a>
                                            </div>
                                                <span class="shop-by-cat-text">Comprar por categor&iacute;as</span>
            
                        <ul class="child-menu-container">
                            <li>
                                <a href="#">Ambientadores e inseticidas</a>
                                    <span class="iconCategory arrow-mobile RD_Desplegar2"></span>
            
                        <ul class="grandchild-menu">
                            <li>
                                <div class="back-to-category">
                                    <button class="back responsivo responsivo-tablet"></button>
                                        <span>Ambientadores e inseticidas</span>
                                </div>
                            </li>
                            <li class="go-to-category-child">
                                <a href="#">Ver Ambientadores e inseticidas</a>
                            </li>
                                <span class="shop-by-cat-text">Comprar por categor&iacute;as</span>
                            <li>
                                <a href="#">Outros ambientadores</a>
                            </li>
                        </ul>
                            </li>
                            <li>
                                <a href="#">Automóveis</a>
                                    <span class="iconCategory arrow-mobile RD_Desplegar2"></span>
            
                        <ul class="grandchild-menu">
                            <li>
                                <div class="back-to-category">
                                    <button class="back responsivo responsivo-tablet"></button>
                                        <span>Automóveis</span>
                                </div>
                            </li>
                            <li class="go-to-category-child">
                                <a href="#">Ver Automóveis</a>
                            </li>
                                <span class="shop-by-cat-text">Comprar por categor&iacute;as</span>
                        </ul>
                            </li>
                            <li>
                                <a href="#">Calçado</a>
                                    <span class="iconCategory arrow-mobile RD_Desplegar2"></span>
            
                        <ul class="grandchild-menu">
                            <li>
                                <div class="back-to-category">
                                    <button class="back responsivo responsivo-tablet"></button>
                                        <span>Calçado</span>
                                </div>
                            </li>
                            <li class="go-to-category-child">
                                <a href="#">Ver Calçado</a>
                            </li>
                                <span class="shop-by-cat-text">Comprar por categor&iacute;as</span>
                            <li>
                                <a href="#">Calçado</a>
                            </li>
                        </ul>
                            </li>
                            <li>
                                <a href="#">Acessórios e utensílios para o lar</a>
                                    <span class="iconCategory arrow-mobile RD_Desplegar2"></span>
            
                        <ul class="grandchild-menu">
                            <li>
                                <div class="back-to-category">
                                    <button class="back responsivo responsivo-tablet"></button>
                                        <span>Acessórios e utensílios para o lar</span>
                                </div>
                            </li>
                            <li class="go-to-category-child">
                                <a href="#">Ver Acessórios e utensílios para o lar</a>
                            </li>
                                <span class="shop-by-cat-text">Comprar por categor&iacute;as</span>
                            <li>
                                <a href="#">Luvas</a>
                            </li>
                            <li>
                                <a href="#">Sacos para lixo</a>
                            </li>
                            <li>
                                <a href="#">Conservação e organização de alimentos</a>
                            </li>
                            <li>
                                <a href="#">Esfregonas</a>
                            </li>
                            <li>
                                <a href="#">Esfregões</a>
                            </li>
                            <li>
                                <a href="#">Outros acessórios e utensílios</a>
                            </li>
                            <li>
                                <a href="#">Panos</a>
                            </li>
                        </ul>
                            </li>
                            <li>
                                <a href="#">Aquecimento</a>
                                    <span class="iconCategory arrow-mobile RD_Desplegar2"></span>
            
                        <ul class="grandchild-menu">
                            <li>
                                <div class="back-to-category">
                                    <button class="back responsivo responsivo-tablet"></button>
                                        <span>Aquecimento</span>
                                </div>
                            </li>
                            <li class="go-to-category-child">
                                <a href="#">Ver Aquecimento</a>
                            </li>
                                <span class="shop-by-cat-text">Comprar por categor&iacute;as</span>
                            <li>
                                <a href="#">Acendalhas</a>
                            </li>
                        </ul>
            
                            <li>
                                <a href="#">Limpeza da casa</a>
                                    <span class="iconCategory arrow-mobile RD_Desplegar2"></span>
            
                        <ul class="grandchild-menu">
                            <li>
                                <div class="back-to-category">
                                    <button class="back responsivo responsivo-tablet"></button>
                                        <span>Limpeza da casa</span>
                                </div>
                            </li>
                            <li class="go-to-category-child">
                                <a href="#">Ver Limpeza da casa</a>
                            </li>
                                <span class="shop-by-cat-text">Comprar por categor&iacute;as</span>
                            <li>
                                <a href="#">Casa de banho</a>
                            </li>
                            <li>
                                <a href="#">Cozinha</a>
                            </li>
                            <li>
                                <a href="#">Limpeza geral</a>
                            </li>
                            <li>
                                <a href="#">Móveis e madeiras</a>
                            </li>
                            <li>
                                <a href="#">Vidros</a>
                            </li>
                        </ul>
            
                            <li>
                                <a href="#">Loiça</a>
                                    <span class="iconCategory arrow-mobile RD_Desplegar2"></span>
            
                        <ul class="grandchild-menu">
                            <li>
                                <div class="back-to-category">
                                    <button class="back responsivo responsivo-tablet"></button>
                                        <span>Loiça</span>
                                </div>
                            </li>
                            <li class="go-to-category-child">
                                <a href="#">Ver Loiça</a>
                            </li>
                                <span class="shop-by-cat-text">Comprar por categor&iacute;as</span>
                            <li>
                                <a href="#">Detergente manual loiça</a>
                            </li>
                            <li>
                                <a href="#">Máquina de lavar loiça</a>
                            </li>
                        </ul>
            
                            <li>
                                <a href="#">Roupa</a>
                                    <span class="iconCategory arrow-mobile RD_Desplegar2"></span>
            
                        <ul class="grandchild-menu">
                            <li>
                                <div class="back-to-category">
                                    <button class="back responsivo responsivo-tablet"></button>
                                        <span>Roupa</span>
                                </div>
                            </li>
                            <li class="go-to-category-child">
                                <a href="#">Ver Roupa</a>
                            </li>
                                <span class="shop-by-cat-text">Comprar por categor&iacute;as</span>
                            <li>
                                <a href="#">Amaciadores</a>
                            </li>
                            <li>
                                <a href="#">Complementos e lixivias</a>
                            </li>
                            <li>
                                <a href="#">Detergente manual roupa</a>
                            </li>
                            <li>
                                <a href="#">Detergente máquina cápsulas</a>
                            </li>
                            <li>
                                <a href="#">Detergente máquina líquido</a>
                            </li>
                            <li>
                                <a href="#">Detergente máquina pó</a>
                            </li>
                        </ul>
            
                            <li>
                                <a href="#">Papel</a>
                                    <span class="iconCategory arrow-mobile RD_Desplegar2"></span>
            
                        <ul class="grandchild-menu">
                            <li>
                                <div class="back-to-category">
                                    <button class="back responsivo responsivo-tablet"></button>
                                        <span>Papel</span>
                                </div>
                            </li>
                            <li class="go-to-category-child">
                                <a href="#">Ver Papel</a>
                            </li>
                                <span class="shop-by-cat-text">Comprar por categor&iacute;as</span>
                            <li>
                                <a href="#">Guardanapos</a>
                            </li>
                            <li>
                                <a href="#">Rolos de cozinha</a>
                            </li>
                        </ul>
                    </ul>
                </div>
            </li>
            
                            <li>
                                <img class="hot" src="https://img.icons8.com/ios/50/000000/pacifier.png"/>
                                    <button class="btn-main-category">Artigos de Bebé</button>
                                        <div class="child-menu child-menu-mascotas">
                                            <div class="back-to-category">
                                                <button class="back responsivo responsivo-tablet"></button>
                                                    <span>Artigos de Bebé</span>
                                            </div>
                                            <div class="category-link">
                                                <span class="iconCategory mascotas"></span>
                                                    <a href="#" class="go-to-category">Artigos de Bebé - Ver todos</a>
                                            </div>
                                                <span class="shop-by-cat-text">Comprar por categor&iacute;as</span>
            
                        <ul class="child-menu-container">
                            <li>
                                <a href="#">Leites Infantis</a>
                                    <span class="iconCategory arrow-mobile RD_Desplegar2"></span>
            
                        <ul class="grandchild-menu">
                            <li>
                                <div class="back-to-category">
                                    <button class="back responsivo responsivo-tablet"></button>
                                        <span>Leites Infantis</span>
                                </div>
                            </li>
                            <li class="go-to-category-child">
                                <a href="#">Ver Leites Infantis</a>
                            </li>
                                <span class="shop-by-cat-text">Comprar por categor&iacute;as</span>
                            <li>
                                <a href="#">Até 6 meses</a>
                            </li>
                            <li>
                                <a href="#">+ 6 meses</a>
                            </li>
                            <li>
                                <a href="#">+ 9 meses</a>
                            </li>
                            <li>
                                <a href="#">+ 12 meses</a>
                            </li>
                            <li>
                                <a href="#">+ 24 meses</a>
                            </li>
                            <li>
                                <a href="#">+ 3 anos</a>
                            </li>
                            <li>
                                <a href="#">Biberões, Tetinas e Escovilhões</a>
                            </li>
                        </ul>
                            </li>
            
                            <li>
                                <a href="#">Alimentação Infantil</a>
                                    <span class="iconCategory arrow-mobile RD_Desplegar2"></span>
                
                        <ul class="grandchild-menu">
                            <li>
                                <div class="back-to-category">
                                    <button class="back responsivo responsivo-tablet"></button>
                                        <span>Alimentação Infantil</span>
                                </div>
                            </li>
                            <li class="go-to-category-child">
                                <a href="#">Ver Alimentação Infantil</a>
                            </li>
                                <span class="shop-by-cat-text">Comprar por categor&iacute;as</span>
                            <li>
                                <a href="#">Boiões, Saquetas e Puré de Fruta</a>
                            </li>
                            <li>
                                <a href="#">Refeições</a>
                            </li>
                            <li>
                                <a href="#">Alimentos Lácteos</a>
                            </li>
                            <li>
                                <a href="#">Papas Infantis</a>
                            </li>
                            <li>
                                <a href="#">Snacks e Bolachinhas</a>
                            </li>
                            <li>
                                <a href="#">Babetes</a>
                            </li>
                            <li>
                                <a href="#">Cadeiras e Acessórios de Refeição </a>
                            </li>
                        </ul>
                            </li>
                            <li>
                                <a href="#">Fraldas e Toalhitas</a>
                                    <span class="iconCategory arrow-mobile RD_Desplegar2"></span>
            
                        <ul class="grandchild-menu">
                            <li>
                                <div class="back-to-category">
                                    <button class="back responsivo responsivo-tablet"></button>
                                        <span>Fraldas e Toalhitas</span>
                                </div>
                            </li>
                            <li class="go-to-category-child">
                                <a href="#">Ver Fraldas e Toalhitas</a>
                            </li>
                                <span class="shop-by-cat-text">Comprar por categor&iacute;as</span>
                            <li>
                                <a href="#">Packs Fraldas e Toalhitas XXL</a>
                            </li>
                            <li>
                                <a href="#">Fraldas &lt;2kg/2-5kg/3-6kg (T0, T1 e T2)</a>
                            </li>
                            <li>
                                <a href="#">Fraldas 4-11kg/9-15kg (T3 e T4)</a>
                            </li>
                            <li>
                                <a href="#">Fraldas 13-18kg/+18kg (T5 e T6)</a>
                            </li>
                            <li>
                                <a href="#">Fraldas de Aprendizagem</a>
                            </li>
                            <li>
                                <a href="#">Fraldas Cueca</a>
                            </li>
                            <li>
                                <a href="#">Fraldas de Banho</a>
                            </li>
                            <li>
                                <a href="#">Toalhitas</a>
                            </li>
                            <li>
                                <a href="#">Resguardos</a>
                            </li>
                        </ul>
                            </li>
                            <li>
                                <a href="#">Banho e Higiene</a>
                                    <span class="iconCategory arrow-mobile RD_Desplegar2"></span>
            
                        <ul class="grandchild-menu">
                            <li>
                                <div class="back-to-category">
                                    <button class="back responsivo responsivo-tablet"></button>
                                        <span>Banho e Higiene</span>
                                </div>
                            </li>
                            <li class="go-to-category-child">
                                <a href="#">Ver Banho e Higiene</a>
                            </li>
                                <span class="shop-by-cat-text">Comprar por categor&iacute;as</span>
                            <li>
                                <a href="#">Gel de Banho</a>
                            </li>
                            <li>
                                <a href="#">Cabelo e Perfumaria</a>
                            </li>
                            <li>
                                <a href="#">Protecção e Hidratação</a>
                            </li>
                            <li>
                                <a href="#">Cotonetes e Soro Fisiológico</a>
                            </li>
                            <li>
                                <a href="#">Bacios e Redutores</a>
                            </li>
                            <li>
                                <a href="#">Banheiras, Trocadores e Acessórios</a>
                            </li>
                            <li>
                                <a href="#">Acessórios de Higiene</a>
                            </li>
                        </ul>
                            </li>
                            <li>
                                <a href="#">Puericultura</a>
                                    <span class="iconCategory arrow-mobile RD_Desplegar2"></span>
            
                        <ul class="grandchild-menu">
                            <li>
                                <div class="back-to-category">
                                    <button class="back responsivo responsivo-tablet"></button>
                                        <span>Puericultura</span>
                                </div>
                            </li>
                            <li class="go-to-category-child">
                                <a href="#">Ver Puericultura</a>
                            </li>
                                <span class="shop-by-cat-text">Comprar por categor&iacute;as</span>
                            <li>
                                <a href="#">Cadeiras Auto e Carrinhos de Passeio</a>
                            </li>
                            <li>
                                <a href="#">Quarto do Bebé</a>
                            </li>
                            <li>
                                <a href="#">Bacios e Redutores</a>
                            </li>
                            <li>
                                <a href="#">Banho e Acessórios de Higiene</a>
                            </li>
                            <li>
                                <a href="#">Chupetas e Mordedores</a>
                            </li>
                            <li>
                                <a href="#">Biberões e Babetes</a>
                            </li>
                            <li>
                                <a href="#">Cadeiras e Acessórios de Refeição</a>
                            </li>
                            <li>
                                <a href="#">Mantas e Fraldas de Pano</a>
                            </li>
                            <li>
                                <a href="#">Bem-estar e Protecção</a>
                            </li>
                            <li>
                                <a href="#">Maternidade e Amamentação</a>
                            </li>
                        </ul>
            
                            <li>
                                <a href="#">Roupa do Bebé</a>
                                    <span class="iconCategory arrow-mobile RD_Desplegar2"></span>
            
                        <ul class="grandchild-menu">
                            <li>
                                <div class="back-to-category">
                                    <button class="back responsivo responsivo-tablet"></button>
                                        <span>Roupa do Bebé</span>
                                </div>
                            </li>
                            <li class="go-to-category-child">
                                <a href="#">Ver Roupa do Bebé</a>
                            </li>
                                <span class="shop-by-cat-text">Comprar por categor&iacute;as</span>
                        </ul>
            
                            <li>
                                <a href="#">Brinquedos e Livros</a>
                                    <span class="iconCategory arrow-mobile RD_Desplegar2"></span>
            
                        <ul class="grandchild-menu">
                            <li>
                                <div class="back-to-category">
                                    <button class="back responsivo responsivo-tablet"></button>
                                        <span>Brinquedos e Livros</span>
                                </div>
                            </li>
                            <li class="go-to-category-child">
                                <a href="#">Ver Brinquedos e Livros</a>
                            </li>
                                <span class="shop-by-cat-text">Comprar por categor&iacute;as</span>
                            <li>
                                <a href="#">Brinquedos de Bebé</a>
                            </li>
                            <li>
                                <a href="#">Livros de Bebé</a>
                            </li>
                            <li>
                                <a href="#">Livros de Gravidez e Puericultura</a>
                            </li>
                        </ul>
                    </ul>
            
                            <li>
                                <img class="hot" src="https://img.icons8.com/ios/50/000000/home--v1.png"/>
                                    <button class="btn-main-category">Casa, Bricolage e Jardim</button>
                                        <div class="child-menu child-menu-mascotas">
                                            <div class="back-to-category">
                                                <button class="back responsivo responsivo-tablet"></button>
                                                    <span>Casa, Bricolage e Jardim</span>
                                            </div>
                                            <div class="category-link">
                                                <span class="iconCategory mascotas"></span>
                                                    <a href="#" class="go-to-category">Casa, Bricolage e Jardim - Ver todos</a>
                                            </div>
                                                <span class="shop-by-cat-text">Comprar por categor&iacute;as</span>
            
                        <ul class="child-menu-container">
                            <li>
                                <a href="#">Cozinha</a>
                                    <span class="iconCategory arrow-mobile RD_Desplegar2"></span>
            
                        <ul class="grandchild-menu">
                            <li>
                                <div class="back-to-category">
                                    <button class="back responsivo responsivo-tablet"></button>
                                        <span>Cozinha</span>
                                </div>
                            </li>
                            <li class="go-to-category-child">
                                <a href="#">Ver Cozinha</a>
                            </li>
                                <span class="shop-by-cat-text">Comprar por categor&iacute;as</span>
                            <li>
                                <a href="#">Panelas, Frigideiras e Woks</a>
                            </li>
                            <li>
                                <a href="#">Jarros e Filtros para Água</a>
                            </li>
                            <li>
                                <a href="#">Caixas e Conservação de Alimentos</a>
                            </li>
                            <li>
                                <a href="#">Sacos Térmicos, Termos e Garrafas</a>
                            </li>
                            <li>
                                <a href="#">Formas e Acessórios de Pastelaria</a>
                            </li>
                            <li>
                                <a href="#">Facas e Utensílios</a>
                            </li>
                            <li>
                                <a href="#">Essenciais na Banca de Cozinha</a>
                            </li>
                            <li>
                                <a href="#">Acessórios de Vinho e Bar</a>
                            </li>
                            <li>
                                <a href="#">Forno</a>
                            </li>
                            <li>
                                <a href="#">Panos, Aventais e Pegas</a>
                            </li>
                            <li>
                                <a href="#">Baldes e Sacos do Lixo</a>
                            </li>
                            <li>
                                <a href="#">Películas e Sacos de Conservação</a>
                            </li>
                            <li>
                                <a href="#">Pequenos Eletrodomésticos</a>
                            </li>
                            <li>
                                <a href="#">Yämmi - Robot de Cozinha</a>
                            </li>
                        </ul>
                            </li>
                            <li>
                                <a href="#">Mesa e Festa</a>
                                    <span class="iconCategory arrow-mobile RD_Desplegar2"></span>
            
                        <ul class="grandchild-menu">
                            <li>
                                <div class="back-to-category">
                                    <button class="back responsivo responsivo-tablet"></button>
                                        <span>Mesa e Festa</span>
                                </div>
                            </li>
                            <li class="go-to-category-child">
                                <a href="#">Ver Mesa e Festa</a>
                            </li>
                                <span class="shop-by-cat-text">Comprar por categor&iacute;as</span>
                            <li>
                                <a href="#">Pratos e Serviços de Loiça</a>
                            </li>
                            <li>
                                <a href="#">Copos, Jarros e Garrafas</a>
                            </li>
                            <li>
                                <a href="#">Acessórios de Vinho e Bar</a>
                            </li>
                            <li>
                                <a href="#">Faqueiros e Talheres</a>
                            </li>
                            <li>
                                <a href="#">Loiça de Servir</a>
                            </li>
                            <li>
                                <a href="#">Canecas e Chávenas</a>
                            </li>
                            <li>
                                <a href="#">Toalhas, Guardanapos e Individuais</a>
                            </li>
                            <li>
                                <a href="#">Festa</a>
                            </li>
                        </ul>
                    </li>
                            <li>
                                <a href="#">Decoração</a>
                                    <span class="iconCategory arrow-mobile RD_Desplegar2"></span>
            
                        <ul class="grandchild-menu">
                            <li>
                                <div class="back-to-category">
                                    <button class="back responsivo responsivo-tablet"></button>
                                        <span>Decoração</span>
                                </div>
                            </li>
                            <li class="go-to-category-child">
                                <a href="#">Ver Decoração</a>
                            </li>
                                <span class="shop-by-cat-text">Comprar por categor&iacute;as</span>
                            <li>
                                <a href="#">Tapetes e Capachos</a>
                            </li>
                            <li>
                                <a href="#">Almofadas e Coxins</a>
                            </li>
                            <li>
                                <a href="#">Molduras</a>
                            </li>
                            <li>
                                <a href="#">Velas e Difusores</a>
                            </li>
                            <li>
                                <a href="#">Jarras e Plantas Artificiais</a>
                            </li>
                            <li>
                                <a href="#">Mantas e Sacas Água Quente</a>
                            </li>
                            <li>
                                <a href="#">Cestos e Caixas Decorativos</a>
                            </li>
                            <li>
                                <a href="#">Candeeiros</a>
                            </li>
                            <li>
                                <a href="#">Acessórios Decorativos</a>
                            </li>
                        </ul>
                    </li>
                            <li>
                                <a href="#">Mobiliário</a>
                                    <span class="iconCategory arrow-mobile RD_Desplegar2"></span>
            
                        <ul class="grandchild-menu">
                            <li>
                                <div class="back-to-category">
                                    <button class="back responsivo responsivo-tablet"></button>
                                        <span>Mobiliário</span>
                                </div>
                            </li>
                            <li class="go-to-category-child">
                                <a href="#">Ver Mobiliário</a>
                            </li>
                                <span class="shop-by-cat-text">Comprar por categor&iacute;as</span>
                            <li>
                                <a href="#">Mobiliário à Grande</a>
                            </li>
                            <li>
                                <a href="#">Armários e Estantes</a>
                            </li>
                            <li>
                                <a href="#">Sofás e Poltronas</a>
                            </li>
                            <li>
                                <a href="#">Cadeiras e Bancos</a>
                            </li>
                            <li>
                                <a href="#">Mesas e Mesas de Apoio</a>
                            </li>
                            <li>
                                <a href="#">Escritório</a>
                            </li>
                            <li>
                                <a href="#">Quarto</a>
                            </li>
                            <li>
                                <a href="#">Mobiliário de Jardim</a>
                            </li>
                        </ul>
                    </li>
                            <li>
                                <a href="#">Quarto e Colchões</a>
                                    <span class="iconCategory arrow-mobile RD_Desplegar2"></span>
            
                        <ul class="grandchild-menu">
                            <li>
                                <div class="back-to-category">
                                    <button class="back responsivo responsivo-tablet"></button>
                                        <span>Quarto e Colchões</span>
                                </div>
                            </li>
                            <li class="go-to-category-child">
                                <a href="#">Ver Quarto e Colchões</a>
                            </li>
                                <span class="shop-by-cat-text">Comprar por categor&iacute;as</span>
                            <li>
                                <a href="#">Roupa de Cama</a>
                            </li>
                            <li>
                                <a href="#">Edredões, Colchas e Mantas</a>
                            </li>
                            <li>
                                <a href="#">Protetores de Colchão e de Almofadas</a>
                            </li>
                            <li>
                                <a href="#">Almofadas</a>
                            </li>
                            <li>
                                <a href="#">Colchões e Estrados</a>
                            </li>
                            <li>
                                <a href="#">Camas e Sommiers</a>
                            </li>
                            <li>
                                <a href="#">Colchões Insufláveis</a>
                            </li>
                            <li>
                                <a href="#">Organizadores de Roupa e Sacos de Vácuo</a>
                            </li>
                            <li>
                                <a href="#">Mobiliário de Quarto</a>
                            </li>
                        </ul>
            
                            <li>
                                <a href="#">Banho</a>
                                    <span class="iconCategory arrow-mobile RD_Desplegar2"></span>
            
                        <ul class="grandchild-menu">
                            <li>
                                <div class="back-to-category">
                                    <button class="back responsivo responsivo-tablet"></button>
                                        <span>Banho</span>
                                </div>
                            </li>
                            <li class="go-to-category-child">
                                <a href="#">Ver Banho</a>
                            </li>
                                <span class="shop-by-cat-text">Comprar por categor&iacute;as</span>
                            <li>
                                <a href="#">Toalhas de Banho</a>
                            </li>
                            <li>
                                <a href="#">Cortinas e Tapetes</a>
                            </li>
                            <li>
                                <a href="#">Acessórios de Banho</a>
                            </li>
                            <li>
                                <a href="#">Cuidados Pessoais</a>
                            </li>
                        </ul>
            
                            <li>
                                <a href="#">Lavandaria e Arrumação</a>
                                    <span class="iconCategory arrow-mobile RD_Desplegar2"></span>
            
                        <ul class="grandchild-menu">
                            <li>
                                <div class="back-to-category">
                                    <button class="back responsivo responsivo-tablet"></button>
                                        <span>Lavandaria e Arrumação</span>
                                </div>
                            </li>
                            <li class="go-to-category-child">
                                <a href="#">Ver Lavandaria e Arrumação</a>
                            </li>
                                <span class="shop-by-cat-text">Comprar por categor&iacute;as</span>
                            <li>
                                <a href="#">Tábuas e Ferros de Engomar</a>
                            </li>
                            <li>
                                <a href="#">Estendais e Molas</a>
                            </li>
                            <li>
                                <a href="#">Organizadores de Roupa e Sacos de Vácuo</a>
                            </li>
                            <li>
                                <a href="#">Costura</a>
                            </li>
                            <li>
                                <a href="#">Bacias e Cestos de Roupa</a>
                            </li>
                            <li>
                                <a href="#">Arrumação, Caixas e Sacos</a>
                            </li>
                            <li>
                                <a href="#">Aspiradores e Lavadoras</a>
                            </li>
                            <li>
                                <a href="#">Vassouras, Esfregonas e Panos</a>
                            </li>
                            <li>
                                <a href="#">Baldes e Sacos do Lixo</a>
                            </li>
                        </ul>
            
                            <li>
                                <a href="#">Eletrodomésticos</a>
                                    <span class="iconCategory arrow-mobile RD_Desplegar2"></span>
            
                        <ul class="grandchild-menu">
                            <li>
                                <div class="back-to-category">
                                    <button class="back responsivo responsivo-tablet"></button>
                                        <span>Eletrodomésticos</span>
                                </div>
                            </li>
                            <li class="go-to-category-child">
                                <a href="#">Ver Eletrodomésticos</a>
                            </li>
                                <span class="shop-by-cat-text">Comprar por categor&iacute;as</span>
                            <li>
                                <a href="#">Yammi – Robot de Cozinha</a>
                            </li>
                            <li>
                                <a href="#">Preparação de Alimentos</a>
                            </li>
                            <li>
                                <a href="#">Pequeno Almoço</a>
                            </li>
                            <li>
                                <a href="#">Aspiradores e Lavadoras</a>
                            </li>
                            <li>
                                <a href="#">Tratamento da Roupa</a>
                            </li>
                            <li>
                                <a href="#">Cuidados Pessoais</a>
                            </li>
                            <li>
                                <a href="#">Tecnologia</a>
                            </li>
                            <li>
                                <a href="#">Aquecimento e Ventilação</a>
                            </li>
                        </ul>
            
                            <li>
                                <a href="#">Aquecimento</a>
                                    <span class="iconCategory arrow-mobile RD_Desplegar2"></span>
            
                        <ul class="grandchild-menu">
                            <li>
                                <div class="back-to-category">
                                    <button class="back responsivo responsivo-tablet"></button>
                                        <span>Aquecimento</span>
                                </div>
                            </li>
                            <li class="go-to-category-child">
                                <a href="#">Ver Aquecimento</a>
                            </li>
                                <span class="shop-by-cat-text">Comprar por categor&iacute;as</span>
                            <li>
                                <a href="#">Aquecedores</a>
                            </li>
                            <li>
                                <a href="#">Lenha, Pellets e Carvão</a>
                            </li>
                            <li>
                                <a href="#">Acendalhas e Acessórios de Lareira</a>
                            </li>
                        </ul>
            
                            <li>
                                <a href="#">Pilhas, Iluminação, Energia</a>
                                    <span class="iconCategory arrow-mobile RD_Desplegar2"></span>
            
                        <ul class="grandchild-menu">
                            <li>
                                <div class="back-to-category">
                                    <button class="back responsivo responsivo-tablet"></button>
                                        <span>Pilhas, Iluminação, Energia</span>
                                </div>
                            </li>
                            <li class="go-to-category-child">
                                <a href="#">Ver Pilhas, Iluminação, Energia</a>
                            </li>
                                <span class="shop-by-cat-text">Comprar por categor&iacute;as</span>
                            <li>
                                <a href="#">Lâmpadas</a>
                            </li>
                            <li>
                                <a href="#">Pilhas</a>
                            </li>
                            <li>
                                <a href="#">Smart Home</a>
                            </li>
                            <li>
                                <a href="#">Candeeiros e Luzes Decorativas</a>
                            </li>
                            <li>
                                <a href="#">Acessórios Eléctricos</a>
                            </li>
                            <li>
                                <a href="#">Extensões Eléctricas</a>
                            </li>
                        </ul>
            
                            <li>
                                <a href="#">Bricolage e Automóvel</a>
                                    <span class="iconCategory arrow-mobile RD_Desplegar2"></span>
            
                        <ul class="grandchild-menu">
                            <li>
                                <div class="back-to-category">
                                    <button class="back responsivo responsivo-tablet"></button>
                                        <span>Bricolage e Automóvel</span>
                                </div>
                            </li>
                            <li class="go-to-category-child">
                                <a href="#">Ver Bricolage e Automóvel</a>
                            </li>
                                <span class="shop-by-cat-text">Comprar por categor&iacute;as</span>
                            <li>
                                <a href="#">Ferramentas Eléctricas</a>
                            </li>
                            <li>
                                <a href="#">Ferramentas Manuais</a>
                            </li>
                            <li>
                                <a href="#">Quinquilharia e Arrumação</a>
                            </li>
                            <li>
                                <a href="#">Drogaria e Pintura</a>
                            </li>
                            <li>
                                <a href="#">Colas, Fitas e Isolamento</a>
                            </li>
                            <li>
                                <a href="#">Automóvel</a>
                            </li>
                        </ul>
            
                            <li>
                                <a href="#">Jardim, Piscinas, Barbecues</a>
                                    <span class="iconCategory arrow-mobile RD_Desplegar2"></span>
            
                        <ul class="grandchild-menu">
                            <li>
                                <div class="back-to-category">
                                    <button class="back responsivo responsivo-tablet"></button>
                                        <span>Jardim, Piscinas, Barbecues</span>
                                </div>
                            </li>
                            <li class="go-to-category-child">
                                <a href="#">Ver Jardim, Piscinas, Barbecues</a>
                            </li>
                                <span class="shop-by-cat-text">Comprar por categor&iacute;as</span>
                            <li>
                                <a href="#">Piscinas e Tratamento</a>
                            </li>
                            <li>
                                <a href="#">Barbecues, Carvão e Consumíveis</a>
                            </li>
                            <li>
                                <a href="#">Vasos, Sementes e Tratamento</a>
                            </li>
                            <li>
                                <a href="#">Rega e Ferramentas de Jardim</a>
                            </li>
                            <li>
                                <a href="#">Limpeza de Exterior</a>
                            </li>
                            <li>
                                <a href="#">Mobiliário de Jardim</a>
                            </li>
                            <li>
                                <a href="#">Iluminação Exterior</a>
                            </li>
                            <li>
                                <a href="#">Brinquedos de Exterior</a>
                            </li>
                            <li>
                                <a href="#">Casotas para Animais</a>
                            </li>
                        </ul>
                    </ul>
                </div>
            </li>
            
                            <li>
                                <img class="hot" src="https://img.icons8.com/external-glyph-andi-nur-abdillah/64/000000/external-animal-pets-and-veterinary-glyph-glyph-andi-nur-abdillah-24.png"/>
                                    <button class="btn-main-category">Artigos de Animais</button>
                                        <div class="child-menu child-menu-frescos">
                                            <div class="back-to-category">
                                                <button class="back responsivo responsivo-tablet"></button>
                                                    <span>Artigos de Animais</span>
                                            </div>
                                            <div class="category-link">
                                                <span class="iconCategory frescos"></span>
                                                    <a href="#" class="go-to-category">Ver todos</a>
                                            </div>
                                                <span class="shop-by-cat-text">Comprar por categor&iacute;as</span>
            
                        <ul class="child-menu-container">
                            <li>
                                    <a href="#">Cão</a>
                                        <span class="iconCategory arrow-mobile RD_Desplegar2"></span>
            
                        <ul class="grandchild-menu">
                            <li>
                                <div class="back-to-category">
                                    <button class="back responsivo responsivo-tablet"></button>
                                        <span>Cão</span>
                                </div>
                            </li>
                            <li class="go-to-category-child">
                                <a href="#">Ver Cão</a>
                            </li>
                                <span class="shop-by-cat-text">Comprar por categor&iacute;as</span>
                            <li>
                                <a href="#">Ração Seca</a>
                            </li>
                            <li>
                                <a href="#">Comida Húmida</a>
                            </li>
                            <li>
                                <a href="#">Alimentação Natural</a>
                            </li>
                            <li>
                                <a href="#">Snacks & Biscoitos</a>
                            </li>
                            <li>
                                <a href="#">Comedouros e Bebedouros</a>
                            </li>
                            <li>
                                <a href="#">Saúde e Higiene</a>
                            </li>
                            <li>
                                <a href="#">Casotas</a>
                            </li>
                            <li>
                                <a href="#">Camas, Almofadas e Colchões</a>
                            </li>
                            <li>
                                <a href="#">Transporte, Passeio e Viagem</a>
                            </li>
                            <li>
                                <a href="#">Brinquedos</a>
                            </li>
                        </ul>
                    </li>
                            <li>
                                <a href="#">Gato</a>
                                    <span class="iconCategory arrow-mobile RD_Desplegar2"></span>
            
                        <ul class="grandchild-menu">
                            <li>
                                <div class="back-to-category">
                                    <button class="back responsivo responsivo-tablet"></button>
                                        <span>Gato</span>
                                </div>
                            </li>
                            <li class="go-to-category-child">
                                <a href="#">Ver Gato</a>
                            </li>
                                <span class="shop-by-cat-text">Comprar por categor&iacute;as</span>
                            <li>
                                <a href="#">Ração Seca</a>
                            </li>
                            <li>
                                <a href="#">Comida Húmida</a>
                            </li>
                            <li>
                                <a href="#">Alimentação Natural</a>
                            </li>
                            <li>
                                <a href="#">Snacks, Leites & Biscoitos</a>
                            </li>
                            <li>
                                <a href="#">Absorventes</a>
                            </li>
                            <li>
                                <a href="#">Saúde e Higiene</a>
                            </li>
                            <li>
                                <a href="#">Camas e Bebedouros</a>
                            </li>
                            <li>
                                <a href="#">Transporte, Passeio e Viagem</a>
                            </li>
                            <li>
                                <a href="#">Brinquedos e Arranhadores</a>
                            </li>
                        </ul>
                    </li>
                            <li>
                                <a href="#">Outros Animais</a>
                                    <span class="iconCategory arrow-mobile RD_Desplegar2"></span>
            
                        <ul class="grandchild-menu">
                             <li>
                                <div class="back-to-category">
                                    <button class="back responsivo responsivo-tablet"></button>
                                        <span>Outros Animais</span>
                                </div>
                            </li>
                            <li class="go-to-category-child">
                                <a href="#">Ver Outros Animais</a>
                            </li>
                                <span class="shop-by-cat-text">Comprar por categor&iacute;as</span>
                            <li>
                                <a href="#">Pássaros</a>
                            </li>
                            <li>
                                <a href="#">Peixes</a>
                            </li>
                            <li>
                                <a href="#">Roedores</a>
                            </li>
                            <li>
                                <a href="#">Tartarugas</a>
                            </li>
                        </ul>
                    </li>
                            <li>
                                <a href="#">Saúde & Higiene</a>
                                    <span class="iconCategory arrow-mobile RD_Desplegar2"></span>
            
                        <ul class="grandchild-menu">
                            <li>
                                <div class="back-to-category">
                                    <button class="back responsivo responsivo-tablet"></button>
                                        <span>Saúde & Higiene</span>
                                </div>
                            </li>
                            <li class="go-to-category-child">
                                <a href="#">Ver Saúde & Higiene</a>
                            </li>
                                <span class="shop-by-cat-text">Comprar por categor&iacute;as</span>
                            <li>
                                <a href="#">Sacos e Dispensadores</a>
                            </li>
                            <li>
                                <a href="#">Cuidados de Pele e Pelo</a>
                            </li>
                            <li>
                                <a href="#">Resguardos, Fraldas e Toalhitas</a>
                            </li>
                            <li>
                                <a href="#">Acessórios de Higiene</a>
                            </li>
                            <li>
                                <a href="#">Limpeza da Casa</a>
                            </li>
                        </ul>  
                    </ul>
                </div>
            </li>
            
                            <li>
                                <img class="hot" src="https://img.icons8.com/external-others-maxicons/62/000000/external-toy-baby-others-maxicons.png"/>
                                    <button class="btn-main-category">Brinquedos e Jogos</button>
                                        <div class="child-menu child-menu-frescos">
                                            <div class="back-to-category">
                                                <button class="back responsivo responsivo-tablet"></button>
                                                    <span>Brinquedos e Jogos</span>
                                            </div>
                                            <div class="category-link">
                                                <span class="iconCategory frescos"></span>
                                                    <a href="#" class="go-to-category">Ver todos</a>
                                            </div>
                                                <span class="shop-by-cat-text">Comprar por categor&iacute;as</span>
            
                        <ul class="child-menu-container">
                            <li>
                                <a href="#">Construções</a>
                                    <span class="iconCategory arrow-mobile RD_Desplegar2"></span>
            
                        <ul class="grandchild-menu">
                            <li>
                                <div class="back-to-category">
                                    <button class="back responsivo responsivo-tablet"></button>
                                        <span>Construções</span>
                                </div>
                            </li>
                            <li class="go-to-category-child">
                                <a href="#">Ver Construções</a>
                            </li>
                                <span class="shop-by-cat-text">Comprar por categor&iacute;as</span>
                            <li>
                                <a href="#">LEGO</a>
                            </li>
                            <li>
                                <a href="#">Playmobil</a>
                            </li>
                            <li>
                                <a href="#">Pré-escolar</a>
                            </li>
                        </ul>
                    </li>
                            <li>
                                <a href="#">Jogos</a>
                                    <span class="iconCategory arrow-mobile RD_Desplegar2"></span>
            
                        <ul class="grandchild-menu">
                            <li>
                                <div class="back-to-category">
                                    <button class="back responsivo responsivo-tablet"></button>
                                        <span>Jogos</span>
                                </div>
                            </li>
                            <li class="go-to-category-child">
                                <a href="#">Ver Jogos</a>
                            </li>
                                <span class="shop-by-cat-text">Comprar por categor&iacute;as</span>
                            <li>
                                <a href="#">Jogos Infantis</a>
                            </li>
                            <li>
                                <a href="#">Jogos em Família</a>
                            </li>
                            <li>
                                <a href="#">Jogos Educativos</a>
                            </li>
                            <li>
                                <a href="#">Jogos Científicos</a>
                            </li>
                        </ul>
                    </li>
                            <li>
                                <a href="#">Puzzles</a>
                                    <span class="iconCategory arrow-mobile RD_Desplegar2"></span>
            
                        <ul class="grandchild-menu">
                            <li>
                                <div class="back-to-category">
                                    <button class="back responsivo responsivo-tablet"></button>
                                        <span>Puzzles</span>
                                </div>
                            </li>
                            <li class="go-to-category-child">
                                <a href="#">Ver Puzzles</a>
                            </li>
                                <span class="shop-by-cat-text">Comprar por categor&iacute;as</span>
                            <li>
                                <a href="#">Até 100 Peças</a>
                            </li>
                            <li>
                                <a href="#">100 a 499 Peças</a>
                            </li>
                            <li>
                                <a href="#">500 a 999 Peças</a>
                            </li>
                            <li>
                                <a href="#">1000 Peças</a>
                            </li>
                            <li>
                                <a href="#">Mais de 2000 Peças</a>
                            </li>
                            <li>
                                <a href="#">Puzzles 3D</a>
                            </li>
                        </ul>
                    </li>
                            <li>
                                <a href="#">Bonecas</a>
                                    <span class="iconCategory arrow-mobile RD_Desplegar2"></span>
            
                        <ul class="grandchild-menu">
                            <li>
                                <div class="back-to-category">
                                    <button class="back responsivo responsivo-tablet"></button>
                                        <span>Bonecas</span>
                                </div>
                            </li>
                            <li class="go-to-category-child">
                                <a href="#">Ver Bonecas</a>
                            </li>
                                <span class="shop-by-cat-text">Comprar por categor&iacute;as</span>
                            <li>
                                <a href="#">Bonecas Bebé</a>
                            </li>
                            <li>
                                <a href="#">Bonecas Miniatura</a>
                            </li>
                            <li>
                                <a href="#">Bonecas Fashion</a>
                            </li>
                        </ul>  
            
                            <li>
                                <a href="#">Ação e Super Heróis</a>
                                    <span class="iconCategory arrow-mobile RD_Desplegar2"></span>
                
                        <ul class="grandchild-menu">
                            <li>
                                <div class="back-to-category">
                                    <button class="back responsivo responsivo-tablet"></button>
                                        <span>Ação e Super Heróis</span>
                                </div>
                            </li>
                            <li class="go-to-category-child">
                                <a href="#">Ver Ação e Super Heróis</a>
                            </li>
                                <span class="shop-by-cat-text">Comprar por categor&iacute;as</span>
                            <li>
                                <a href="#">Figuras e Cenários de Ação</a>
                            </li>
                            <li>
                                <a href="#">NERF e Lançadores</a>
                            </li>
                        </ul>  
            
                            <li>
                                <a href="#">Veículos e Rádio Controlo</a>
                                    <span class="iconCategory arrow-mobile RD_Desplegar2"></span>
                    
                        <ul class="grandchild-menu">
                            <li>
                                <div class="back-to-category">
                                    <button class="back responsivo responsivo-tablet"></button>
                                        <span>Veículos e Rádio Controlo</span>
                                </div>
                            </li>
                            <li class="go-to-category-child">
                                <a href="#">Ver Veículos e Rádio Controlo</a>
                            </li>
                                <span class="shop-by-cat-text">Comprar por categor&iacute;as</span>
                            <li>
                                <a href="#">Veículos</a>
                            </li>
                            <li>
                                <a href="#">Pistas e Garagens</a>
                            </li>
                            <li>
                                <a href="#">Telecomandados, Drones e Robots</a>
                            </li>
                        </ul>  
            
                            <li>
                                <a href="#">Bebé e Peluches</a>
                                    <span class="iconCategory arrow-mobile RD_Desplegar2"></span>
                        
                        <ul class="grandchild-menu">
                            <li>
                                <div class="back-to-category">
                                    <button class="back responsivo responsivo-tablet"></button>
                                        <span>Bebé e Peluches</span>
                                </div>
                            </li>
                            <li class="go-to-category-child">
                                <a href="#">Ver Bebé e Peluches</a>
                            </li>
                                <span class="shop-by-cat-text">Comprar por categor&iacute;as</span>
                            <li>
                                <a href="#">Primeiros Brinquedos</a>
                            </li>
                            <li>
                                <a href="#">Peluches</a>
                            </li>
                            <li>
                                <a href="#">Interativos</a>
                            </li>
                        </ul> 
                                                    
                            <li>
                                <a href="#">Pré-escolar</a>
                                    <span class="iconCategory arrow-mobile RD_Desplegar2"></span>
                            
                        <ul class="grandchild-menu">
                            <li>
                                <div class="back-to-category">
                                    <button class="back responsivo responsivo-tablet"></button>
                                        <span>Pré-escolar</span>
                                </div>
                            </li>
                            <li class="go-to-category-child">
                                <a href="#">Ver Pré-escolar</a>
                            </li>
                                <span class="shop-by-cat-text">Comprar por categor&iacute;as</span>
                            <li>
                                <a href="#">Figuras</a>
                            </li>
                            <li>
                                <a href="#">Cenários e Veículos</a>
                            </li>
                            <li>
                                <a href="#">Construções</a>
                            </li>
                            <li>
                                <a href="#">Patrulha Pata</a>
                            </li>
                            <li>
                                <a href="#">Panda</a>
                            </li>
                        </ul>   
            
                            <li>
                                <a href="#">Faz de Conta</a>
                                    <span class="iconCategory arrow-mobile RD_Desplegar2"></span>
                                
                        <ul class="grandchild-menu">
                            <li>
                                <div class="back-to-category">
                                    <button class="back responsivo responsivo-tablet"></button>
                                        <span>Faz de Conta</span>
                                </div>
                            </li>
                            <li class="go-to-category-child">
                                <a href="#">Ver Faz de Conta</a>
                            </li>
                                <span class="shop-by-cat-text">Comprar por categor&iacute;as</span>
                            <li>
                                <a href="#">Cozinha e Alimentos</a>
                            </li>
                            <li>
                                <a href="#">Profissões</a>
                            </li>
                            <li>
                                <a href="#">Instrumentos Musicais</a>
                            </li>
                            <li>
                                <a href="#">Jóias e Cosmética</a>
                            </li>
                        </ul>
            
                            <li>
                                <a href="#">Didáticos, Pintura e Plasticinas</a>
                                    <span class="iconCategory arrow-mobile RD_Desplegar2"></span>
                                    
                        <ul class="grandchild-menu">
                            <li>
                                <div class="back-to-category">
                                    <button class="back responsivo responsivo-tablet"></button>
                                        <span>Didáticos, Pintura e Plasticinas</span>
                                </div>
                            </li>
                            <li class="go-to-category-child">
                                <a href="#">Ver Didáticos, Pintura e Plasticinas</a>
                            </li>
                                <span class="shop-by-cat-text">Comprar por categor&iacute;as</span>
                            <li>
                                <a href="#">Plasticinas e Moldáveis</a>
                            </li>
                            <li>
                                <a href="#">Didáticos e Manualidades</a>
                            </li>
                            <li>
                                <a href="#">Jóias e Cosmética</a>
                            </li>
                            <li>
                                <a href="#">Desenho e Pintura</a>
                            </li>
                        </ul>
            
                            <li>
                                <a href="#">Ar Livre</a>
                                    <span class="iconCategory arrow-mobile RD_Desplegar2"></span>
                                        
                        <ul class="grandchild-menu">
                            <li>
                                <div class="back-to-category">
                                    <button class="back responsivo responsivo-tablet"></button>
                                        <span>Ar Livre</span>
                                </div>
                            </li>
                            <li class="go-to-category-child">
                                <a href="#">Ver Ar Livre</a>
                            </li>
                                <span class="shop-by-cat-text">Comprar por categor&iacute;as</span>
                            <li>
                                <a href="#">Casas, Escorregas e Baloiços</a>
                            </li>
                            <li>
                                <a href="#">Veículos de Exterior e Bateria</a>
                            </li>
                            <li>
                                <a href="#">Bicicletas, Trotinetes e Patins</a>
                            </li>
                            <li>
                                <a href="#">Triciclos e Andadores</a>
                            </li>
                            <li>
                                <a href="#">Jogos de Exterior</a>
                            </li>
                            <li>
                                <a href="#">Bóias, Piscinas e Insufláveis</a>
                            </li>
                            <li>
                                <a href="#">Baldes e Brinquedos de Praia</a>
                            </li>
                        </ul>
                    </ul>
                </div>
            </li>
            
                            <li>
                                <img class="hot" src="https://img.icons8.com/dotty/80/000000/stack-of-paper.png"/>
                                    <button class="btn-main-category">Livraria e Papelaria</button>
                                        <div class="child-menu child-menu-frescos">
                                            <div class="back-to-category">
                                                <button class="back responsivo responsivo-tablet"></button>
                                                    <span>Livraria e Papelaria</span>
                                            </div>
                                            <div class="category-link">
                                                <span class="iconCategory frescos"></span>
                                                    <a href="#" class="go-to-category">Ver todos</a>
                                            </div>
                                                <span class="shop-by-cat-text">Comprar por categor&iacute;as</span>
            
                        <ul class="child-menu-container">
                            <li>
                                <a href="#">Livros</a>
                                    <span class="iconCategory arrow-mobile RD_Desplegar2"></span>
            
                        <ul class="grandchild-menu">
                            <li>
                                <div class="back-to-category">
                                    <button class="back responsivo responsivo-tablet"></button>
                                        <span>Livros</span>
                                </div>
                            </li>
                            <li class="go-to-category-child">
                                <a href="#">Ver Livros</a>
                            </li>
                                <span class="shop-by-cat-text">Comprar por categor&iacute;as</span>
                            <li>
                                <a href="#">Literatura</a>
                            </li>
                            <li>
                                <a href="#">Livros Infantis</a>
                            </li>
                            <li>
                                <a href="#">Livros Juvenis</a>
                            </li>
                            <li>
                                <a href="#">Apoio Escolar</a>
                            </li>
                            <li>
                                <a href="#">Plano Nacional de Leitura</a>
                            </li>
                            <li>
                                <a href="#">Livros Técnicos</a>
                            </li>
                            <li>
                                <a href="#">Livros Saúde e Bem-Estar</a>
                            </li>
                            <li>
                                <a href="#">Livros de Culinária</a>
                            </li>
                        </ul>
                    </li>
                            <li>
                                <a href="#">Papelaria</a>
                                    <span class="iconCategory arrow-mobile RD_Desplegar2"></span>
            
                        <ul class="grandchild-menu">
                            <li>
                                <div class="back-to-category">
                                    <button class="back responsivo responsivo-tablet"></button>
                                        <span>Papelaria</span>
                                </div>
                            </li>
                            <li class="go-to-category-child">
                                <a href="#">Ver Papelaria</a>
                            </li>
                                <span class="shop-by-cat-text">Comprar por categor&iacute;as</span>
                            <li>
                                <a href="#">Mochilas, Estojos e Sacos</a>
                            </li>
                            <li>
                                <a href="#">Cadernos, Blocos e Papel</a>
                            </li>
                            <li>
                                <a href="#">Lápis, Borrachas, Canetas</a>
                            </li>
                            <li>
                                <a href="#">Desenho, Arte e Pintura</a>
                            </li>
                            <li>
                                <a href="#">Material de Escritório</a>
                            </li>
                            <li>
                                <a href="#">Organização e Arquivo</a>
                            </li>
                            <li>
                                <a href="#">Agendas</a>
                            </li>
                            <li>
                                <a href="#">Sacos Presente e Embrulho</a>
                            </li>
                        </ul>
                    </li>
                        </ul>
                </div>
            </li>
            
                            <li>
                                <img class="hot" src="https://img.icons8.com/fluency-systems-regular/48/000000/sports.png"/>
                                    <button class="btn-main-category">Desporto e Ar Livre</button>
                                        <div class="child-menu child-menu-frescos">
                                            <div class="back-to-category">
                                                <button class="back responsivo responsivo-tablet"></button>
                                                    <span>Desporto e Ar Livre</span>
                                            </div>
                                            <div class="category-link">
                                                <span class="iconCategory frescos"></span>
                                                    <a href="#" class="go-to-category">Ver todos</a>
                                            </div>
                                                <span class="shop-by-cat-text">Comprar por categor&iacute;as</span>
            
                        <ul class="child-menu-container">
                            <li>
                                <a href="#">Bicicletas, Trotinetes, Patins</a>
                                    <span class="iconCategory arrow-mobile RD_Desplegar2"></span>
            
                        <ul class="grandchild-menu">
                            <li>
                                <div class="back-to-category">
                                    <button class="back responsivo responsivo-tablet"></button>
                                        <span>Bicicletas, Trotinetes, Patins</span>
                                </div>
                            </li>
                            <li class="go-to-category-child">
                                <a href="#">Ver Bicicletas, Trotinetes, Patins</a>
                            </li>
                                <span class="shop-by-cat-text">Comprar por categor&iacute;as</span>
                            <li>
                                <a href="#">Bicicletas de Criança</a>
                            </li>
                            <li>
                                <a href="#">Bicicletas de Adulto</a>
                            </li>
                            <li>
                                <a href="#">Trotinetes, Patins e Skates</a>
                            </li>
                            <li>
                                <a href="#">Capacetes, Proteções e Acessórios</a>
                            </li>
                        </ul>
                    </li>
                            <li>
                                <a href="#">Mobilidade Eléctrica</a>
                                    <span class="iconCategory arrow-mobile RD_Desplegar2"></span>
            
                        <ul class="grandchild-menu">
                            <li>
                                <div class="back-to-category">
                                    <button class="back responsivo responsivo-tablet"></button>
                                        <span>Mobilidade Eléctrica</span>
                                </div>
                            </li>
                            <li class="go-to-category-child">
                                <a href="#">Ver Mobilidade Eléctrica</a>
                            </li>
                                <span class="shop-by-cat-text">Comprar por categor&iacute;as</span>
                        </ul>
                    </li>
                            <li>
                                <a href="#">Modalidades Desportivas</a>
                                    <span class="iconCategory arrow-mobile RD_Desplegar2"></span>
            
                        <ul class="grandchild-menu">
                            <li>
                                <div class="back-to-category">
                                    <button class="back responsivo responsivo-tablet"></button>
                                        <span>Modalidades Desportivas</span>
                                </div>
                            </li>
                            <li class="go-to-category-child">
                                <a href="#">Ver Modalidades Desportivas</a>
                            </li>
                                <span class="shop-by-cat-text">Comprar por categor&iacute;as</span>
                            <li>
                                <a href="#">Acessórios Fitness</a>
                            </li>
                            <li>
                                <a href="#">Natação e Desportos Aquáticos</a>
                            </li>
                            <li>
                                <a href="#">Futebol</a>
                            </li>
                            <li>
                                <a href="#">Multidesporto</a>
                            </li>
                        </ul>
                    </li>
                            <li>
                                <a href="#">Roupa de Desporto</a>
                                    <span class="iconCategory arrow-mobile RD_Desplegar2"></span>
            
                        <ul class="grandchild-menu">
                            <li>
                                <div class="back-to-category">
                                    <button class="back responsivo responsivo-tablet"></button>
                                        <span>Roupa de Desporto</span>
                                </div>
                            </li>
                            <li class="go-to-category-child">
                                <a href="#">Ver Roupa de Desporto</a>
                            </li>
                                <span class="shop-by-cat-text">Comprar por categor&iacute;as</span>
                            <li>
                                <a href="#">T-shirts e Tops</a>
                            </li>
                            <li>
                                <a href="#">Camisolas e Casacos</a>
                            </li>
                            <li>
                                <a href="#">Calções, Calças e Leggings</a>
                            </li>
                            <li>
                                <a href="#">Calçado, Meias e Acessórios</a>
                            </li>
                        </ul>
                    </li>
                            <li>
                                <a href="#">Nutrição Desportiva</a>
                                    <span class="iconCategory arrow-mobile RD_Desplegar2"></span>
            
                        <ul class="grandchild-menu">
                            <li>
                                <div class="back-to-category">
                                    <button class="back responsivo responsivo-tablet"></button>
                                        <span>Nutrição Desportiva</span>
                                </div>
                            </li>
                            <li class="go-to-category-child">
                                <a href="#">Ver Nutrição Desportiva</a>
                            </li>
                                <span class="shop-by-cat-text">Comprar por categor&iacute;as</span>
                            <li>
                                <a href="#">Proteína Whey</a>
                            </li>
                            <li>
                                <a href="#">Barras e Snacks</a>
                            </li>
                            <li>
                                <a href="#">Suplementação</a>
                            </li>
                            <li>
                                <a href="#">Iogurtes e Pudins</a>
                            </li>
                            <li>
                                <a href="#">Leite e Bebidas Vegetais</a>
                            </li>
                            <li>
                                <a href="#">Cremes de Barrar</a>
                            </li>
                            <li>
                                <a href="#">Bebidas Isotónicas</a>
                            </li>
                            <li>
                                <a href="#">Preparados e Refeições Instantâneas</a>
                            </li>
                        </ul>
                    </li>
            
                            <li>
                                <a href="#">Campismo</a>
                                    <span class="iconCategory arrow-mobile RD_Desplegar2"></span>
            
                        <ul class="grandchild-menu">
                            <li>
                                <div class="back-to-category">
                                    <button class="back responsivo responsivo-tablet"></button>
                                        <span>Campismo</span>
                                </div>
                            </li>
                            <li class="go-to-category-child">
                                <a href="#">Ver Campismo</a>
                            </li>
                                <span class="shop-by-cat-text">Comprar por categor&iacute;as</span>
                        </ul>
                    </li>
                </ul>
            </div>
            </li>
            
                            <li>
                                <img class="hot" src="https://img.icons8.com/external-creatype-two-colour-colourcreatype/64/000000/external-clothes-e-commerce-creatype-two-colour-colourcreatype-3.png"/>
                                    <button class="btn-main-category">Roupa, Calçado, Bagagens</button>
                                        <div class="child-menu child-menu-frescos">
                                            <div class="back-to-category">
                                                <button class="back responsivo responsivo-tablet"></button>
                                                    <span>Roupa, Calçado, Bagagens</span>
                                            </div>
                                            <div class="category-link">
                                                <span class="iconCategory frescos"></span>
                                                    <a href="#" class="go-to-category">Ver todos</a>
                                            </div>
                                                <span class="shop-by-cat-text">Comprar por categor&iacute;as</span>
            
                        <ul class="child-menu-container">
                            <li>
                                <a href="#">Babé [até aos 36 meses]</a>
                                    <span class="iconCategory arrow-mobile RD_Desplegar2"></span>
            
                        <ul class="grandchild-menu">
                            <li>
                                <div class="back-to-category">
                                    <button class="back responsivo responsivo-tablet"></button>
                                        <span>Babé [até aos 36 meses]</span>
                                </div>
                            </li>
                            <li class="go-to-category-child">
                                <a href="#">Ver Babé [até aos 36 meses]</a>
                            </li>
                                <span class="shop-by-cat-text">Comprar por categor&iacute;as</span>
                            <li>
                                <a href="#">Bodies, Babygrows e Interiores</a>
                            </li>
                            <li>
                                <a href="#">Calças e Calções</a>
                            </li>
                            <li>
                                <a href="#">Babetes</a>
                            </li>
                            <li>
                                <a href="#">Mantas e Fraldas de Pano</a>
                            </li>
                        </ul>
                    </li>
                            <li>
                                <a href="#">Criança [2-14 anos]</a>
                                    <span class="iconCategory arrow-mobile RD_Desplegar2"></span>
            
                        <ul class="grandchild-menu">
                            <li>
                                <div class="back-to-category">
                                    <button class="back responsivo responsivo-tablet"></button>
                                        <span>Criança [2-14 anos]</span>
                                </div>
                            </li>
                            <li class="go-to-category-child">
                                <a href="#">Ver Criança [2-14 anos]</a>
                            </li>
                                <span class="shop-by-cat-text">Comprar por categor&iacute;as</span>
                            <li>
                                <a href="#">Pijamas e Interiores</a>
                            </li>
                            <li>
                                <a href="#">T-shirts e Camisas</a>
                            </li>
                            <li>
                                <a href="#">Camisolas e Casacos</a>
                            </li>
                            <li>
                                <a href="#">Calças e Calções</a>
                            </li>
                            <li>
                                <a href="#">Parkas e Blusões</a>
                            </li>
                            <li>
                                <a href="#">Calçado e Acessórios</a>
                            </li>
                        </ul>
                    </li>
                            <li>
                                <a href="#">Mulher</a>
                                    <span class="iconCategory arrow-mobile RD_Desplegar2"></span>
            
                        <ul class="grandchild-menu">
                            <li>
                                <div class="back-to-category">
                                    <button class="back responsivo responsivo-tablet"></button>
                                        <span>Mulher</span>
                                </div>
                            </li>
                            <li class="go-to-category-child">
                                <a href="#">Ver Mulher</a>
                            </li>
                                <span class="shop-by-cat-text">Comprar por categor&iacute;as</span>
                            <li>
                                <a href="#">Pijamas e Interiores</a>
                            </li>
                            <li>
                                <a href="#">T-shirts, Blusas e Tops</a>
                            </li>
                            <li>
                                <a href="#">Calças, Saias e Calções</a>
                            </li>
                        </ul>
                    </li>
                            <li>
                                <a href="#">Homem</a>
                                    <span class="iconCategory arrow-mobile RD_Desplegar2"></span>
            
                        <ul class="grandchild-menu">
                            <li>
                                <div class="back-to-category">
                                    <button class="back responsivo responsivo-tablet"></button>
                                        <span>Homem</span>
                                </div>
                            </li>
                            <li class="go-to-category-child">
                                <a href="#">Ver Homem</a>
                            </li>
                                <span class="shop-by-cat-text">Comprar por categor&iacute;as</span>
                            <li>
                                <a href="#">Pijamas e Interiores</a>
                            </li>
                            <li>
                                <a href="#">Camisolas e Casacos</a>
                            </li>
                            <li>
                                <a href="#">T-shirts e Camisas</a>
                            </li>
                            <li>
                                <a href="#">Jeans, Calças e Calções</a>
                            </li>
                        </ul>
                    </li>
                            <li>
                                <a href="#">Calçado, Meias e Acessórios</a>
                                    <span class="iconCategory arrow-mobile RD_Desplegar2"></span>
            
                        <ul class="grandchild-menu">
                            <li>
                                <div class="back-to-category">
                                    <button class="back responsivo responsivo-tablet"></button>
                                        <span>Calçado, Meias e Acessórios</span>
                                </div>
                            </li>
                            <li class="go-to-category-child">
                                <a href="#">Ver Calçado, Meias e Acessórios</a>
                            </li>
                                <span class="shop-by-cat-text">Comprar por categor&iacute;as</span>
                        </ul>
                    </li>
            
                            <li>
                                <a href="#">Roupa de Desporto</a>
                                    <span class="iconCategory arrow-mobile RD_Desplegar2"></span>
            
                        <ul class="grandchild-menu">
                            <li>
                                <div class="back-to-category">
                                    <button class="back responsivo responsivo-tablet"></button>
                                        <span>Roupa de Desporto</span>
                                </div>
                            </li>
                            <li class="go-to-category-child">
                                <a href="#">Ver Roupa de Desporto</a>
                            </li>
                                <span class="shop-by-cat-text">Comprar por categor&iacute;as</span>
                            <li>
                                <a href="#">T-shirts e Tops</a>
                            </li>
                            <li>
                                <a href="#">Camisolas e Casacos</a>
                            </li>
                            <li>
                                <a href="#">Calções, Calças e Leggings</a>
                            </li>
                            <li>
                                <a href="#">Calçado, Meias e Acessórios</a>
                            </li>
                        </ul>
                    </li>
            
                            <li>
                                <a href="#">Fatos de Banho, Chinelos e Toalhas</a>
                                    <span class="iconCategory arrow-mobile RD_Desplegar2"></span>
            
                        <ul class="grandchild-menu">
                            <li>
                                <div class="back-to-category">
                                    <button class="back responsivo responsivo-tablet"></button>
                                        <span>Fatos de Banho, Chinelos e Toalhas</span>
                                </div>
                            </li>
                            <li class="go-to-category-child">
                                <a href="#">Ver Fatos de Banho, Chinelos e Toalhas</a>
                            </li>
                                <span class="shop-by-cat-text">Comprar por categor&iacute;as</span>
                        </ul>
                    </li>
            
                            <li>
                                <a href="#">Malas e Acessórios de Viagem</a>
                                    <span class="iconCategory arrow-mobile RD_Desplegar2"></span>
            
                        <ul class="grandchild-menu">
                            <li>
                                <div class="back-to-category">
                                    <button class="back responsivo responsivo-tablet"></button>
                                        <span>Malas e Acessórios de Viagem</span>
                                </div>
                            </li>
                            <li class="go-to-category-child">
                                <a href="#">Ver Malas e Acessórios de Viagem</a>
                            </li>
                                <span class="shop-by-cat-text">Comprar por categor&iacute;as</span>
                            <li>
                                <a href="#">Malas de Cabine</a>
                            </li>
                            <li>
                                <a href="#">Malas de Viagem Médias</a>
                            </li>
                            <li>
                                <a href="#">Malas de Viagem Grandes</a>
                            </li>
                            <li>
                                <a href="#">Mochilas</a>
                            </li>
                            <li>
                                <a href="#">Acessórios de Viagem</a>
                            </li>
                        </ul>
                    </li>
                </ul>
            </div>
            </li>
    
    
    </div>
    </div>
    </div>
    </header>
    
    
                    <script type="text/javascript" src='https://s3.dia.es/compra-online/wro/dia_lib1_js-c7e239f47e57ded8d7f817a14cf95abd.js'></script>
                    <script type="text/javascript" src='https://s0.dia.es/compra-online/wro/dia_custom1_js-ef56e90e7f5dfbb087e04d6d28dc9d78.js'></script>
                    <script type="text/javascript" src='https://s0.dia.es/compra-online/wro/dia_custom2_js-5200ba4e059a90b270cbbae470479a62.js'></script>
    
                    <script type="text/javascript" src='https://s3.dia.es/compra-online/wro/dia_custom3_js-f896ba5062b8d45e90936947d7373aea.js'></script>
                    <script type="text/javascript">
                            $(function() {
                                $("#prod_tabs").tabs({
                                    selected : 0
                                });
                            });
                        </script>
                    <script type="text/javascript" src='https://s0.dia.es/compra-online/wro/dia_custom4_js-e22c2ac653a0df9e8f56da44c3eb893c.js'></script>
            
                    <script type="text/javascript" src='https://s3.dia.es/compra-online/wro/dia_custom5_js-d8ba3a0ee218014859727a18f3252cb1.js'></script>
            
                    <script type="text/javascript" src='https://s0.dia.es/compra-online/wro/dia_custom_landing_express-55a68d3dd54ca18c4cd3e86a4cde6cf6.js'></script>
            
                    <script type="text/javascript" src='https://s3.dia.es/compra-online/wro/dia_addons_js-2445e5583cc637840e58b3cf743f3d3a.js'></script>
            
                <script type="text/javascript">
            
                var BrainSINSModel = { data: {}};
            
                BrainSINSModel.data.token = "BS-8625485410-1";
                BrainSINSModel.data.language = "52507";
                BrainSINSModel.data.userEmail = "";
                BrainSINSModel.data.productId = "";
                BrainSINSModel.data.totalAmount = "";
                BrainSINSModel.data.typePage = "home";
                BrainSINSModel.data.categories = "";
            
                var brainsinsAddButtonText = "Adicionar";
                var brainsinsUnavailableProductText = "Não disponível";
                var brainsinsSelectColorButtonText = "Escolha uma cor";
                var brainsinsRequestCartUrl = "#";
                var brainsinsSecuredRequestCartUrl = "#";
            
            </script>
            
            
            <script type="text/javascript" src="https://customers.dia.es/v1.js"></script>
    
           <!--Conteúdo Principal-->
           <div role="main" id="maincontent" data-private-area="false">
            <div class="container-margin search-results">
            <div class="row search-nav">
            <div class="col-12 search-results-breadcrumbs">
            <div class="row hidden-s-down">
            <div class="col category_breadcrumbs">
            <ul class="breadcrumbs" itemscope itemtype="http://schema.org/BreadcrumbList">
            <li class="breadcrumbs-item" itemprop="itemListElement" itemscope itemtype="http://schema.org/ListItem">
            <a href="../index.html" data-toggle="tooltip" data-placement="right" title="P&aacute;gina inicial" itemprop="item">
            <span itemprop="name" class="d-none">P&aacute;gina inicial</span>
            <span class="svg-wrapper svg-icon-home" style="width:12px; height:12px">
            <svg class='svg-inline icon-home' xmlns='http://www.w3.org/2000/svg' width='100%' height='100%' viewBox='0 0 12 12'><path fill='#989898' fill-rule='evenodd' d='M11.677 5.22l-.001-.001L6.78.324A1.097 1.097 0 0 0 5.999 0c-.295 0-.572.115-.78.324L.325 5.216l-.005.005a1.106 1.106 0 0 0 .769 1.884h.195v3.602c0 .713.58 1.293 1.293 1.293h1.915a.352.352 0 0 0 .352-.352V8.824a.59.59 0 0 1 .59-.59h1.13a.59.59 0 0 1 .59.59v2.824c0 .195.157.352.35.352h1.916c.713 0 1.293-.58 1.293-1.293V7.105h.18a1.106 1.106 0 0 0 .782-1.885zm-.498 1.064a.4.4 0 0 1-.284.118h-.533a.352.352 0 0 0-.351.351v3.954a.59.59 0 0 1-.59.59H7.857V8.824c0-.713-.58-1.293-1.293-1.293h-1.13c-.712 0-1.292.58-1.292 1.293v2.473H2.578a.59.59 0 0 1-.59-.59V6.753a.352.352 0 0 0-.351-.351h-.524L1.097 6.4a.402.402 0 0 1-.277-.685L5.717.82a.399.399 0 0 1 .567 0l4.894 4.893.002.003a.402.402 0 0 1 0 .567z' /></svg>
            </span>
            </a>
            <meta itemprop="position" content="1" />
            </li>
            <li class="breadcrumbs-item">
            <span class="svg-wrapper svg-icon-arrow-right-black" style="width:8px; height:8px">
            <svg class='svg-inline icon-arrow-right-black' xmlns='http://www.w3.org/2000/svg' viewBox='0 0 500 500' width='100%' height='100%'><path fill='#32312D' fill-rule='evenodd' d='M 278.93286,275.00926 61.923842,490.20009 c -13.752316,13.69965 -36.147142,13.69965 -49.962542,0 -13.8154,-13.69965 -13.8154,-35.90684 0,-49.54394 L 203.98905,250.23729 11.9613,59.818423 c -13.8154,-13.637094 -13.8154,-35.844287 0,-49.543936 13.8154,-13.6996492 36.210226,-13.6996492 49.962542,0 L 278.93286,225.46532 c 6.93925,6.8811 10.34578,15.82653 10.34578,24.77197 0,8.94543 -3.40653,17.95342 -10.34578,24.77197 z' /></svg>
            </span>
            </li>
            <li class="breadcrumbs-item breadcrumbs-item--last" itemprop="itemListElement" itemscope itemtype="http://schema.org/ListItem">
            <a class="ct-anchor breadcrumb-anchor" href="../Take-Away/takeaway.html" title="Take-Away" itemprop="item">
            <span class="breadcrumb-fill" itemprop="name">
            Take-Away
            </span>
            </a>
            <meta itemprop="position" content="2.0" />
            </li>
            </ul>
            </div>
            </div>
            </div>
            </div>

            <!--Categorias-->
            <div class="d-flex search-results-title" data-cgid="refeicoes-faceis">
            <button type="button" class="btn d-block d-sm-none js-toggle-search-back toggle-search-back" data-href="https://www.continente.pt/">
            <span class="svg-wrapper svg-icon-arrow-left-small" style="width:20px; height:20px">
            <svg class="svg-inline icon-arrow-left-small" xmlns="http://www.w3.org/2000/svg" width="100%" height="100%" viewBox="0 0 9 15"><path fill="#EB0203" fill-rule="evenodd" d="M.308 8.243l6.45 6.45a1.05 1.05 0 1 0 1.485-1.486L2.536 7.5l5.707-5.707A1.05 1.05 0 0 0 6.757.308l-6.45 6.45a1.047 1.047 0 0 0 0 1.485z"></path></svg>
            </span>
            </button>
            <h1 class="ct-h3">
            Take-Away
            </h1>
            </div>

            <!--Banners-->
            <div class="search-results-categories-wrapper">
                <div class="category-layout-wrapper">
                <div class="row category-layout-container">
                
                
                
                
                <div class="col-12 col-sm-3 category-layout-tile" style="" aria-hidden="true" tabindex="0" role="tabpanel" id="slick-slide10" aria-describedby="slick-slide-control10">
                <div class="category-tile-image ct-border--radius">
                <a href="https://www.continente.pt/refeicoes-faceis/entradas-e-salgados/" title="Entradas e Salgados" tabindex="-1">
                <picture class="intrinsic intrinsic--category-tile">
                <img class="img-fluid ct-border--radius" src="https://www.continente.pt/dw/image/v2/BDVS_PRD/on/demandware.static/-/Sites-global-navigation-catalog/default/dwfbc53b1f/images/clp/standard/take-away/entradas-salgados.jpg?sw=600&amp;sh=150" alt="Entradas e Salgados" title="Entradas e Salgados">
                </picture>
                </a>
                </div>
                <a href="https://www.continente.pt/refeicoes-faceis/entradas-e-salgados/" title="Entradas e Salgados" tabindex="-1">
                <span class="category-tile-name d-block text-center">Entradas e Salgados</span>
                </a>
                </div><div class="col-12 col-sm-3 category-layout-tile" style="" aria-hidden="true" tabindex="-1" role="tabpanel" id="slick-slide11" aria-describedby="slick-slide-control11">
                <div class="category-tile-image ct-border--radius">
                <a href="https://www.continente.pt/refeicoes-faceis/sopas/" title="Sopas" tabindex="-1">
                <picture class="intrinsic intrinsic--category-tile">
                <img class="img-fluid ct-border--radius" src="https://www.continente.pt/dw/image/v2/BDVS_PRD/on/demandware.static/-/Sites-global-navigation-catalog/default/dw6e65d50f/images/clp/standard/take-away/sopas.jpg?sw=600&amp;sh=150" alt="Sopas" title="Sopas">
                </picture>
                </a>
                </div>
                <a href="https://www.continente.pt/refeicoes-faceis/sopas/" title="Sopas" tabindex="-1">
                <span class="category-tile-name d-block text-center">Sopas</span>
                </a>
                </div><div class="col-12 col-sm-3 category-layout-tile" style="" aria-hidden="true" tabindex="-1" role="tabpanel" id="slick-slide12" aria-describedby="slick-slide-control12">
                <div class="category-tile-image ct-border--radius">
                <a href="https://www.continente.pt/refeicoes-faceis/saladas-sandes-e-wraps/" title="Saladas, Sandes e Wraps" tabindex="-1">
                <picture class="intrinsic intrinsic--category-tile">
                <img class="img-fluid ct-border--radius" src="https://www.continente.pt/dw/image/v2/BDVS_PRD/on/demandware.static/-/Sites-global-navigation-catalog/default/dw94be3bd9/images/clp/standard/take-away/saladas.jpg?sw=600&amp;sh=150" alt="Saladas, Sandes e Wraps" title="Saladas, Sandes e Wraps">
                </picture>
                </a>
                </div>
                <a href="https://www.continente.pt/refeicoes-faceis/saladas-sandes-e-wraps/" title="Saladas, Sandes e Wraps" tabindex="-1">
                <span class="category-tile-name d-block text-center">Saladas, Sandes e Wraps</span>
                </a>
                </div><div class="col-12 col-sm-3 category-layout-tile" style="" aria-hidden="true" tabindex="-1" role="tabpanel" id="slick-slide13" aria-describedby="slick-slide-control13">
                <div class="category-tile-image ct-border--radius">
                <a href="https://www.continente.pt/refeicoes-faceis/refeicoes-prontas/" title="Refeições Prontas" tabindex="-1">
                <picture class="intrinsic intrinsic--category-tile">
                <img class="img-fluid ct-border--radius" src="https://www.continente.pt/dw/image/v2/BDVS_PRD/on/demandware.static/-/Sites-global-navigation-catalog/default/dw70450141/images/clp/standard/take-away/refeicoes.jpg?sw=600&amp;sh=150" alt="Refeições Prontas" title="Refeições Prontas">
                </picture>
                </a>
                </div>
                <a href="https://www.continente.pt/refeicoes-faceis/refeicoes-prontas/" title="Refeições Prontas" tabindex="-1">
                <span class="category-tile-name d-block text-center">Refeições Prontas</span>
                </a>
                </div></div>
                </div>
                </div>

                <!--Resultados de Pesquisa-->
                <div class="search-results-grid">
                    <div class="refinement-bar">
                    <div class="filter-header">
                    <div class="refinement-header-bar d-md-none">
                    <span class="ct-font--opensans-extrabold">
                    Filtrar por
                    </span>
                    <span class="product-count pull-right">
                    693 Produtos
                    </span>
                    <button class="pull-right refinement-close" data-toggle="tooltip" data-placement="right" title="" data-original-title="Voltar">
                    <span class="svg-wrapper svg-icon-close" style="width:16px; height:16px">
                    <svg class="svg-inline icon-close" xmlns="http://www.w3.org/2000/svg" viewBox="0 0 16 16" width="100%" height="100%"><path fill="#6F6F6F" fill-rule="evenodd" d="M14.897.19a.646.646 0 01.914.913L8.914 8l6.897 6.897c.227.227.25.581.068.834l-.068.08a.644.644 0 01-.914 0L8 8.914l-6.897 6.897a.643.643 0 01-.358.181L.646 16a.646.646 0 01-.457-1.103L7.086 8 .189 1.103A.646.646 0 01.121.27L.19.19a.646.646 0 01.914 0L8 7.086z"></path></svg>
                    </span>
                    </button>
                    </div>
                    </div>
                    <div class="refinements-container">
                    <div class="refinements">
                    <div class="collapsible-lg ct-border--radius active refinement refinement-category" data-refinement-type="category">
                    <div class="col-sm-12">
                    <button class="title refinement-title text-left btn-block ct-font--opensans-bold d-flex justify-content-between" aria-controls="refinement-categorias" aria-expanded="false">
                    <span class="refinement-title-text">
                    Categorias
                    </span>
                    <span class="refinement-closed">
                    <span class="svg-wrapper svg-icon-arrow-down" style="width:15px; height:15px">
                    <svg class="svg-inline icon-arrow-down" xmlns="http://www.w3.org/2000/svg" viewBox="0 0 12 13" width="100%" height="100%"><path fill="#EB0203" fill-rule="evenodd" d="M5.406 9.174l-5.16-5.16a.84.84 0 111.189-1.188L6 7.39l4.565-4.565a.84.84 0 011.189 1.188l-5.16 5.16a.837.837 0 01-1.188 0z"></path></svg>
                    </span>
                    </span>
                    <span class="refinement-opened">
                    <span class="svg-wrapper svg-icon-arrow-up" style="width:auto; height:auto">
                    <svg class="svg-inline icon-arrow-up" xmlns="http://www.w3.org/2000/svg" viewBox="0 0 15 9" width="15" height="9"><path fill="#EB0203" fill-rule="evenodd" d="M6.757.532l-6.45 6.45a1.05 1.05 0 1 0 1.486 1.486L7.5 2.76l5.707 5.707a1.05 1.05 0 0 0 1.485-1.486L8.242.532a1.047 1.047 0 0 0-1.485 0z"></path></svg>
                    </span>
                    </span>
                    </button>
                    </div>
                    <div class="content value refinement-content category-refinements-container" id="refinement-categorias">
                    <div class="search-refinement-wrapper">
                    <label class="visually-hidden" for="categoryRefinementSearch">
                    Procurar por categorias
                    </label>
                    <input id="searchbar" type="text" title class="form-control ct-form-input search-refinement" name="searchbar" placeholder="Procurar por Categorias" data-filter="category"/>  
                    <span class="svg-wrapper svg-icon-search" style="width:20px; height:20px">
                    <svg class="svg-inline icon-search" xmlns="http://www.w3.org/2000/svg" width="100%" height="100%" viewBox="0 0 20 20"><path fill="#EB0203" fill-rule="evenodd" d="M8.667 0a8.667 8.667 0 016.582 14.305l4.441 4.443.054.06a.666.666 0 11-.936.936.628.628 0 01-.06-.054l-4.443-4.441A8.667 8.667 0 118.667 0zm0 1.333a7.333 7.333 0 100 14.667 7.333 7.333 0 000-14.667z"></path></svg>
                    </span>
                    </div>
                    <div class="js-category-refinements-wrapper category-refinement-wrapper">
                    <ul class="values content row js-category-first-level category-first-level category-level-displayed disableCategoryButton">
                                    <li class="refinement-value filter-selected w-100 top-element selected">
                                        <a class="category-refinement-btn has-dropdown active d-flex justify-content-between is-selected" href="" data-category-id="refeicoes-faceis" data-cgid="refeicoes-faceis">
                                            
                                <span title="Take-Away" class="ct-font--opensans-bold refine-link" aria-hidden="true" data-has-childs="true">
                                    Take-Away<span class="hit-count"> (693)</span>
                                </span>
                            
                                <span class="ml-auto d-flex align-items-center hideProductFromCategory">
                                    <span class="svg-wrapper svg-icon-arrow-down" style="width:12px; height:13px">
                    <svg class="svg-inline icon-arrow-down" xmlns="http://www.w3.org/2000/svg" viewBox="0 0 12 13" width="100%" height="100%"><path fill="#EB0203" fill-rule="evenodd" d="M5.406 9.174l-5.16-5.16a.84.84 0 111.189-1.188L6 7.39l4.565-4.565a.84.84 0 011.189 1.188l-5.16 5.16a.837.837 0 01-1.188 0z"></path></svg>
                    </span><span class="svg-wrapper svg-icon-arrow-up" style="width:auto; height:auto">
                    <svg class="svg-inline icon-arrow-up" xmlns="http://www.w3.org/2000/svg" viewBox="0 0 15 9" width="15" height="9"><path fill="#EB0203" fill-rule="evenodd" d="M6.757.532l-6.45 6.45a1.05 1.05 0 1 0 1.486 1.486L7.5 2.76l5.707 5.707a1.05 1.05 0 0 0 1.485-1.486L8.242.532a1.047 1.047 0 0 0-1.485 0z"></path></svg>
                    </span>
                                </span>
                            
                                <span class="sr-only selected-assistive-text">
                                    Take-Away<span class="hit-count"> (693)</span>
                                </span>
                            
                                        </a>
                                        
                                    
                                
                                    </li>
                                
                                <li class="refinement-value w-100 top-element category-refinement-element hideProductFromCategory">
                                    <a class="category-refinement-btn  " href="https://www.continente.pt/feira-casa-outono/" data-category-id="campanhas-feira-casa-outono" data-cgid="campanhas-feira-casa-outono">
                                        
                                <span title="Feira Casa Outono" class="refine-link" aria-hidden="true" data-has-childs="false">
                                    Feira Casa Outono<span class="hit-count"> (19)</span>
                                </span>
                            
                                <span class="sr-only selected-assistive-text">
                                    Feira Casa Outono<span class="hit-count"> (19)</span>
                                </span>
                            
                                    </a>
                                </li>
                            
                                <li class="refinement-value w-100 top-element category-refinement-element hideProductFromCategory">
                                    <a class="category-refinement-btn  " href="https://www.continente.pt/mercearia/" data-category-id="mercearias" data-cgid="mercearias">
                                        
                                <span title="Mercearia" class="refine-link" aria-hidden="true" data-has-childs="false">
                                    Mercearia<span class="hit-count"> (5194)</span>
                                </span>
                            
                                <span class="sr-only selected-assistive-text">
                                    Mercearia<span class="hit-count"> (5194)</span>
                                </span>
                            
                                    </a>
                                </li>
                            
                                <li class="refinement-value w-100 top-element category-refinement-element hideProductFromCategory">
                                    <a class="category-refinement-btn  " href="https://www.continente.pt/bio-e-escolhas-alimentares/" data-category-id="biologicos" data-cgid="biologicos">
                                        
                                <span title="Bio e Escolhas Alimentares" class="refine-link" aria-hidden="true" data-has-childs="false">
                                    Bio e Escolhas Alimentares<span class="hit-count"> (2228)</span>
                                </span>
                            
                                <span class="sr-only selected-assistive-text">
                                    Bio e Escolhas Alimentares<span class="hit-count"> (2228)</span>
                                </span>
                            
                                    </a>
                                </li>
                            
                                <li class="refinement-value w-100 top-element category-refinement-element hideProductFromCategory">
                                    <a class="category-refinement-btn  " href="https://www.continente.pt/laticinios-e-ovos/" data-category-id="laticinios" data-cgid="laticinios">
                                        
                                <span title="Laticínios e Ovos" class="refine-link" aria-hidden="true" data-has-childs="false">
                                    Laticínios e Ovos<span class="hit-count"> (957)</span>
                                </span>
                            
                                <span class="sr-only selected-assistive-text">
                                    Laticínios e Ovos<span class="hit-count"> (957)</span>
                                </span>
                            
                                    </a>
                                </li>
                            
                                <li class="refinement-value w-100 view-more-elem  hide-refinement category-refinement-element">
                                    <a class="category-refinement-btn  " href="https://www.continente.pt/peixaria-e-talho/" data-category-id="peixaria-e-talho" data-cgid="peixaria-e-talho">
                                        
                                <span title="Peixaria e Talho" class="refine-link" aria-hidden="true" data-has-childs="false">
                                    Peixaria e Talho<span class="hit-count"> (708)</span>
                                </span>
                            
                                <span class="sr-only selected-assistive-text">
                                    Peixaria e Talho<span class="hit-count"> (708)</span>
                                </span>
                            
                                    </a>
                                </li>
                            
                                <li class="refinement-value w-100 view-more-elem  hide-refinement category-refinement-element">
                                    <a class="category-refinement-btn  " href="https://www.continente.pt/frutas-e-legumes/" data-category-id="frutas-legumes" data-cgid="frutas-legumes">
                                        
                                <span title="Frutas e Legumes" class="refine-link" aria-hidden="true" data-has-childs="false">
                                    Frutas e Legumes<span class="hit-count"> (578)</span>
                                </span>
                            
                                <span class="sr-only selected-assistive-text">
                                    Frutas e Legumes<span class="hit-count"> (578)</span>
                                </span>
                            
                                    </a>
                                </li>
                            
                                <li class="refinement-value w-100 view-more-elem  hide-refinement category-refinement-element">
                                    <a class="category-refinement-btn  " href="https://www.continente.pt/charcutaria-e-queijos/" data-category-id="charcutaria-queijo" data-cgid="charcutaria-queijo">
                                        
                                <span title="Charcutaria e Queijos" class="refine-link" aria-hidden="true" data-has-childs="false">
                                    Charcutaria e Queijos<span class="hit-count"> (731)</span>
                                </span>
                            
                                <span class="sr-only selected-assistive-text">
                                    Charcutaria e Queijos<span class="hit-count"> (731)</span>
                                </span>
                            
                                    </a>
                                </li>
                            
                                <li class="refinement-value w-100 view-more-elem  hide-refinement category-refinement-element">
                                    <a class="category-refinement-btn  " href="https://www.continente.pt/padaria-e-pastelaria/" data-category-id="padaria-e-pastelaria" data-cgid="padaria-e-pastelaria">
                                        
                                <span title="Padaria e Pastelaria" class="refine-link" aria-hidden="true" data-has-childs="false">
                                    Padaria e Pastelaria<span class="hit-count"> (541)</span>
                                </span>
                            
                                <span class="sr-only selected-assistive-text">
                                    Padaria e Pastelaria<span class="hit-count"> (541)</span>
                                </span>
                            
                                    </a>
                                </li>
                            
                                <li class="refinement-value w-100 view-more-elem  hide-refinement category-refinement-element">
                                    <a class="category-refinement-btn  " href="https://www.continente.pt/congelados/" data-category-id="congelados" data-cgid="congelados">
                                        
                                <span title="Congelados" class="refine-link" aria-hidden="true" data-has-childs="false">
                                    Congelados<span class="hit-count"> (834)</span>
                                </span>
                            
                                <span class="sr-only selected-assistive-text">
                                    Congelados<span class="hit-count"> (834)</span>
                                </span>
                            
                                    </a>
                                </li>
                            
                                <li class="refinement-value w-100 view-more-elem  hide-refinement category-refinement-element">
                                    <a class="category-refinement-btn  " href="https://www.continente.pt/bebidas-e-garrafeira/" data-category-id="bebidas" data-cgid="bebidas">
                                        
                                <span title="Bebidas e Garrafeira" class="refine-link" aria-hidden="true" data-has-childs="false">
                                    Bebidas e Garrafeira<span class="hit-count"> (2638)</span>
                                </span>
                            
                                <span class="sr-only selected-assistive-text">
                                    Bebidas e Garrafeira<span class="hit-count"> (2638)</span>
                                </span>
                            
                                    </a>
                                </li>
                            
                                <li class="refinement-value w-100 view-more-elem  hide-refinement category-refinement-element">
                                    <a class="category-refinement-btn  " href="https://www.continente.pt/beleza-e-higiene/" data-category-id="higiene-beleza" data-cgid="higiene-beleza">
                                        
                                <span title="Beleza e Higiene" class="refine-link" aria-hidden="true" data-has-childs="false">
                                    Beleza e Higiene<span class="hit-count"> (4045)</span>
                                </span>
                            
                                <span class="sr-only selected-assistive-text">
                                    Beleza e Higiene<span class="hit-count"> (4045)</span>
                                </span>
                            
                                    </a>
                                </li>
                            
                                <li class="refinement-value w-100 view-more-elem  hide-refinement category-refinement-element">
                                    <a class="category-refinement-btn  " href="https://www.continente.pt/bebe/" data-category-id="bebe" data-cgid="bebe">
                                        
                                <span title="Bebé" class="refine-link" aria-hidden="true" data-has-childs="false">
                                    Bebé<span class="hit-count"> (1382)</span>
                                </span>
                            
                                <span class="sr-only selected-assistive-text">
                                    Bebé<span class="hit-count"> (1382)</span>
                                </span>
                            
                                    </a>
                                </li>
                            
                                <li class="refinement-value w-100 view-more-elem  hide-refinement category-refinement-element">
                                    <a class="category-refinement-btn  " href="https://www.continente.pt/limpeza/" data-category-id="limpeza" data-cgid="limpeza">
                                        
                                <span title="Limpeza" class="refine-link" aria-hidden="true" data-has-childs="false">
                                    Limpeza<span class="hit-count"> (1737)</span>
                                </span>
                            
                                <span class="sr-only selected-assistive-text">
                                    Limpeza<span class="hit-count"> (1737)</span>
                                </span>
                            
                                    </a>
                                </li>
                            
                                <li class="refinement-value w-100 view-more-elem  hide-refinement category-refinement-element">
                                    <a class="category-refinement-btn  " href="https://www.continente.pt/casa-bricolage-e-jardim/" data-category-id="casa" data-cgid="casa">
                                        
                                <span title="Casa, Bricolage e Jardim" class="refine-link" aria-hidden="true" data-has-childs="false">
                                    Casa, Bricolage e Jardim<span class="hit-count"> (5035)</span>
                                </span>
                            
                                <span class="sr-only selected-assistive-text">
                                    Casa, Bricolage e Jardim<span class="hit-count"> (5035)</span>
                                </span>
                            
                                    </a>
                                </li>
                            
                                <li class="refinement-value w-100 view-more-elem  hide-refinement category-refinement-element">
                                    <a class="category-refinement-btn  " href="https://www.continente.pt/animais-by-zu/" data-category-id="animais" data-cgid="animais">
                                        
                                <span title="Animais by ZU" class="refine-link" aria-hidden="true" data-has-childs="false">
                                    Animais by ZU<span class="hit-count"> (2692)</span>
                                </span>
                            
                                <span class="sr-only selected-assistive-text">
                                    Animais by ZU<span class="hit-count"> (2692)</span>
                                </span>
                            
                                    </a>
                                </li>
                            
                                <li class="refinement-value w-100 view-more-elem  hide-refinement category-refinement-element">
                                    <a class="category-refinement-btn  " href="https://www.continente.pt/brinquedos-e-jogos/" data-category-id="brinquedos" data-cgid="brinquedos">
                                        
                                <span title="Brinquedos e Jogos" class="refine-link" aria-hidden="true" data-has-childs="false">
                                    Brinquedos e Jogos<span class="hit-count"> (2965)</span>
                                </span>
                            
                                <span class="sr-only selected-assistive-text">
                                    Brinquedos e Jogos<span class="hit-count"> (2965)</span>
                                </span>
                            
                                    </a>
                                </li>
                            
                                <li class="refinement-value w-100 view-more-elem  hide-refinement category-refinement-element">
                                    <a class="category-refinement-btn  " href="https://www.continente.pt/livraria-e-papelaria/" data-category-id="livraria-papelaria" data-cgid="livraria-papelaria">
                                        
                                <span title="Livraria e Papelaria" class="refine-link" aria-hidden="true" data-has-childs="false">
                                    Livraria e Papelaria<span class="hit-count"> (5740)</span>
                                </span>
                            
                                <span class="sr-only selected-assistive-text">
                                    Livraria e Papelaria<span class="hit-count"> (5740)</span>
                                </span>
                            
                                    </a>
                                </li>
                            
                                <li class="refinement-value w-100 view-more-elem  hide-refinement category-refinement-element">
                                    <a class="category-refinement-btn  " href="https://www.continente.pt/desporto-e-ar-livre/" data-category-id="desporto-ar-livre" data-cgid="desporto-ar-livre">
                                        
                                <span title="Desporto e Ar Livre" class="refine-link" aria-hidden="true" data-has-childs="false">
                                    Desporto e Ar Livre<span class="hit-count"> (164)</span>
                                </span>
                            
                                <span class="sr-only selected-assistive-text">
                                    Desporto e Ar Livre<span class="hit-count"> (164)</span>
                                </span>
                            
                                    </a>
                                </li>
                            
                                <li class="refinement-value w-100 view-more-elem  hide-refinement category-refinement-element">
                                    <a class="category-refinement-btn  " href="https://www.continente.pt/roupa-calcado-bagagens/" data-category-id="vestuario-calcado" data-cgid="vestuario-calcado">
                                        
                                <span title="Roupa, Calçado, Bagagens" class="refine-link" aria-hidden="true" data-has-childs="false">
                                    Roupa, Calçado, Bagagens<span class="hit-count"> (282)</span>
                                </span>
                            
                                <span class="sr-only selected-assistive-text">
                                    Roupa, Calçado, Bagagens<span class="hit-count"> (282)</span>
                                </span>
                            
                                    </a>
                                </li>
                            
                            <li class="refinement-value w-100 category-refinement-element refinement-link show-more hideProductFromCategory">
                                <a class="ct-anchor js-refinement-show-more refinement-show-more" data-label-view-more="Ver mais" data-label-view-less="Ver menos" href="#">
                                    Ver mais
                                </a>
                            </li>
                        </ul>
                    <ul class="values content row js-category-second-level category-second-level">
                                        
                                <li class="refinement-value w-100    category-refinement-element">
                                    <a class="category-refinement-btn  " href="https://www.continente.pt/refeicoes-faceis/entradas-e-salgados/" data-category-id="refeicoes-faceis-entradas-salgados" data-cgid="refeicoes-faceis-entradas-salgados">
                                        
                                <span title="Entradas e Salgados" class="refine-link" aria-hidden="true" data-has-childs="false">
                                    Entradas e Salgados<span class="hit-count"> (76)</span>
                                </span>
                            
                                <span class="sr-only selected-assistive-text">
                                    Entradas e Salgados<span class="hit-count"> (76)</span>
                                </span>
                            
                                    </a>
                                </li>
                            
                                <li class="refinement-value w-100    category-refinement-element">
                                    <a class="category-refinement-btn  " href="https://www.continente.pt/refeicoes-faceis/sopas/" data-category-id="refeicoes-faceis-sopas" data-cgid="refeicoes-faceis-sopas">
                                        
                                <span title="Sopas" class="refine-link" aria-hidden="true" data-has-childs="false">
                                    Sopas<span class="hit-count"> (48)</span>
                                </span>
                            
                                <span class="sr-only selected-assistive-text">
                                    Sopas<span class="hit-count"> (48)</span>
                                </span>
                            
                                    </a>
                                </li>
                            
                                <li class="refinement-value w-100    category-refinement-element">
                                    <a class="category-refinement-btn  " href="https://www.continente.pt/refeicoes-faceis/pizzas/" data-category-id="refeicoes-faceis-pizzas" data-cgid="refeicoes-faceis-pizzas">
                                        
                                <span title="Pizzas" class="refine-link" aria-hidden="true" data-has-childs="false">
                                    Pizzas<span class="hit-count"> (78)</span>
                                </span>
                            
                                <span class="sr-only selected-assistive-text">
                                    Pizzas<span class="hit-count"> (78)</span>
                                </span>
                            
                                    </a>
                                </li>
                            
                                <li class="refinement-value w-100    category-refinement-element">
                                    <a class="category-refinement-btn  " href="https://www.continente.pt/refeicoes-faceis/massas-frescas-e-noodles/" data-category-id="refeicoes-faceis-massas" data-cgid="refeicoes-faceis-massas">
                                        
                                <span title="Massas Frescas e Noodles" class="refine-link" aria-hidden="true" data-has-childs="false">
                                    Massas Frescas e Noodles<span class="hit-count"> (88)</span>
                                </span>
                            
                                <span class="sr-only selected-assistive-text">
                                    Massas Frescas e Noodles<span class="hit-count"> (88)</span>
                                </span>
                            
                                    </a>
                                </li>
                            
                                <li class="refinement-value w-100    category-refinement-element">
                                    <a class="category-refinement-btn  " href="https://www.continente.pt/refeicoes-faceis/hamburgueres/" data-category-id="refeicoes-faceis-hamburgueres" data-cgid="refeicoes-faceis-hamburgueres">
                                        
                                <span title="Hambúrgueres" class="refine-link" aria-hidden="true" data-has-childs="false">
                                    Hambúrgueres<span class="hit-count"> (35)</span>
                                </span>
                            
                                <span class="sr-only selected-assistive-text">
                                    Hambúrgueres<span class="hit-count"> (35)</span>
                                </span>
                            
                                    </a>
                                </li>
                            
                                <li class="refinement-value w-100 view-more-elem  hide-refinement category-refinement-element" style="display: list-item;">
                                    <a class="category-refinement-btn  " href="https://www.continente.pt/refeicoes-faceis/saladas-sandes-e-wraps/" data-category-id="refeicoes-faceis-saladas-sandes-wraps" data-cgid="refeicoes-faceis-saladas-sandes-wraps">
                                        
                                <span title="Saladas, Sandes e Wraps" class="refine-link" aria-hidden="true" data-has-childs="false">
                                    Saladas, Sandes e Wraps<span class="hit-count"> (53)</span>
                                </span>
                            
                                <span class="sr-only selected-assistive-text">
                                    Saladas, Sandes e Wraps<span class="hit-count"> (53)</span>
                                </span>
                            
                                    </a>
                                </li>
                            
                                <li class="refinement-value w-100 view-more-elem  hide-refinement category-refinement-element" style="display: list-item;">
                                    <a class="category-refinement-btn  " href="https://www.continente.pt/refeicoes-faceis/frango-assado-e-leitao/" data-category-id="refeicoes-faceis-frango_leitao-assados" data-cgid="refeicoes-faceis-frango_leitao-assados">
                                        
                                <span title="Frango Assado e Leitão" class="refine-link" aria-hidden="true" data-has-childs="false">
                                    Frango Assado e Leitão<span class="hit-count"> (9)</span>
                                </span>
                            
                                <span class="sr-only selected-assistive-text">
                                    Frango Assado e Leitão<span class="hit-count"> (9)</span>
                                </span>
                            
                                    </a>
                                </li>
                            
                                <li class="refinement-value w-100 view-more-elem  hide-refinement category-refinement-element" style="display: list-item;">
                                    <a class="category-refinement-btn  " href="https://www.continente.pt/refeicoes-faceis/refeicoes-prontas/" data-category-id="refeicoes-faceis-refeicoes-prontas" data-cgid="refeicoes-faceis-refeicoes-prontas">
                                        
                                <span title="Refeições Prontas" class="refine-link" aria-hidden="true" data-has-childs="false">
                                    Refeições Prontas<span class="hit-count"> (126)</span>
                                </span>
                            
                                <span class="sr-only selected-assistive-text">
                                    Refeições Prontas<span class="hit-count"> (126)</span>
                                </span>
                            
                                    </a>
                                </li>
                            
                                <li class="refinement-value w-100 view-more-elem  hide-refinement category-refinement-element" style="display: list-item;">
                                    <a class="category-refinement-btn  " href="https://www.continente.pt/refeicoes-faceis/vegetarianas-e-vegan/" data-category-id="refeicoes-faceis-refeicoes-vegetarianas" data-cgid="refeicoes-faceis-refeicoes-vegetarianas">
                                        
                                <span title="Vegetarianas e Vegan" class="refine-link" aria-hidden="true" data-has-childs="false">
                                    Vegetarianas e Vegan<span class="hit-count"> (91)</span>
                                </span>
                            
                                <span class="sr-only selected-assistive-text">
                                    Vegetarianas e Vegan<span class="hit-count"> (91)</span>
                                </span>
                            
                                    </a>
                                </li>
                            
                                <li class="refinement-value w-100 view-more-elem  hide-refinement category-refinement-element" style="display: list-item;">
                                    <a class="category-refinement-btn  " href="https://www.continente.pt/refeicoes-faceis/sumos-refrigerados/" data-category-id="refeicoes-faceis-sumos-refrigerados" data-cgid="refeicoes-faceis-sumos-refrigerados">
                                        
                                <span title="Sumos Refrigerados" class="refine-link" aria-hidden="true" data-has-childs="false">
                                    Sumos Refrigerados<span class="hit-count"> (56)</span>
                                </span>
                            
                                <span class="sr-only selected-assistive-text">
                                    Sumos Refrigerados<span class="hit-count"> (56)</span>
                                </span>
                            
                                    </a>
                                </li>
                            
                                <li class="refinement-value w-100 view-more-elem  hide-refinement category-refinement-element" style="display: list-item;">
                                    <a class="category-refinement-btn  " href="https://www.continente.pt/refeicoes-faceis/sobremesas/" data-category-id="refeicoes-faceis-sobremesas" data-cgid="refeicoes-faceis-sobremesas">
                                        
                                <span title="Sobremesas" class="refine-link" aria-hidden="true" data-has-childs="false">
                                    Sobremesas<span class="hit-count"> (44)</span>
                                </span>
                            
                                <span class="sr-only selected-assistive-text">
                                    Sobremesas<span class="hit-count"> (44)</span>
                                </span>
                            
                                    </a>
                                </li>
                            
                            <li class="refinement-value w-100 category-refinement-element refinement-link show-more ">
                                <a class="ct-anchor js-refinement-show-more refinement-show-more" data-label-view-more="Ver mais" data-label-view-less="Ver menos" href="#">Ver menos</a>
                            </li>
                        
                                    </ul>
                    <ul class="values content row js-category-third-level category-third-level hide-refinement">
                    </ul>
                    <ul class="values content row js-category-forth-level category-forth-level hide-refinement">
                    </ul>
                    </div>
                    <div class="d-none">
                    <span class="label-show-more">Ver mais</span>
                    <span class="label-show-less">Ver menos</span>
                    </div>
                    </div>
                    </div>
                    <div class="collapsible-lg ct-border--radius active refinement refinement-brand" data-refinement-type="brand">
                    <div class="col-sm-12">
                    <button class="title refinement-title text-left btn-block ct-font--opensans-bold d-flex justify-content-between" aria-controls="refinement-marcas" aria-expanded="false">
                    <span class="refinement-title-text">
                    Marcas
                    </span>
                    <span class="refinement-closed">
                    <span class="svg-wrapper svg-icon-arrow-down" style="width:15px; height:15px">
                    <svg class="svg-inline icon-arrow-down" xmlns="http://www.w3.org/2000/svg" viewBox="0 0 12 13" width="100%" height="100%"><path fill="#EB0203" fill-rule="evenodd" d="M5.406 9.174l-5.16-5.16a.84.84 0 111.189-1.188L6 7.39l4.565-4.565a.84.84 0 011.189 1.188l-5.16 5.16a.837.837 0 01-1.188 0z"></path></svg>
                    </span>
                    </span>
                    <span class="refinement-opened">
                    <span class="svg-wrapper svg-icon-arrow-up" style="width:auto; height:auto">
                    <svg class="svg-inline icon-arrow-up" xmlns="http://www.w3.org/2000/svg" viewBox="0 0 15 9" width="15" height="9"><path fill="#EB0203" fill-rule="evenodd" d="M6.757.532l-6.45 6.45a1.05 1.05 0 1 0 1.486 1.486L7.5 2.76l5.707 5.707a1.05 1.05 0 0 0 1.485-1.486L8.242.532a1.047 1.047 0 0 0-1.485 0z"></path></svg>
                    </span>
                    </span>
                    </button>
                    </div>
                    <div class="content value refinement-content " id="refinement-marcas">
                    <ul class="values content row">
                    <li class="search-refinement-value w-100 d-block">
                    <div class="search-refinement-wrapper">
                    <label class="visually-hidden" for="brandRefinementSearch">
                    Procurar por marcas
                    </label>
                    <input id="searchbar" type="text" class="form-control ct-form-input search-refinement" name="searchbar" placeholder="Procurar por Marcas" data-filter="brand"/>
                    <span class="svg-wrapper svg-icon-search" style="width:20px; height:20px">
                    <svg class="svg-inline icon-search" xmlns="http://www.w3.org/2000/svg" width="100%" height="100%" viewBox="0 0 20 20"><path fill="#EB0203" fill-rule="evenodd" d="M8.667 0a8.667 8.667 0 016.582 14.305l4.441 4.443.054.06a.666.666 0 11-.936.936.628.628 0 01-.06-.054l-4.443-4.441A8.667 8.667 0 118.667 0zm0 1.333a7.333 7.333 0 100 14.667 7.333 7.333 0 000-14.667z"></path></svg>
                    </span>
                    </div>
                    </li>
                    <li class="refinement-value   ">
                    <button data-href="/on/demandware.store/Sites-continente-Site/default/Search-ShowAjax?cgid=refeicoes-faceis&amp;pmin=0%2e01&amp;prefn1=brand&amp;prefv1=Afonso%20Leit%c3%b5es" class="refinement-btn ">
                    <div class="ct-form-checkbox">
                    <input id="Afonso Leitões" type="checkbox" title="">
                    <label class="ct-form-check-label" for="Afonso Leitões">
                    Afonso Leitões <span class="hit-count">(2)</span>
                    </label>
                    <span class="checkmark"></span>
                    </div>
                    <span class="sr-only selected-assistive-text">
                    Refine by Marcas: Afonso Leitões
                    </span>
                    </button>
                    </li>
                    <li class="refinement-value   ">
                    <button data-href="/on/demandware.store/Sites-continente-Site/default/Search-ShowAjax?cgid=refeicoes-faceis&amp;pmin=0%2e01&amp;prefn1=brand&amp;prefv1=A%20Leiteira" class="refinement-btn ">
                    <div class="ct-form-checkbox">
                    <input id="A Leiteira" type="checkbox" title="">
                    <label class="ct-form-check-label" for="A Leiteira">
                    A Leiteira <span class="hit-count">(8)</span>
                    </label>
                    <span class="checkmark"></span>
                    </div>
                    <span class="sr-only selected-assistive-text">
                    Refine by Marcas: A Leiteira
                    </span>
                    </button>
                    </li>
                    <li class="refinement-value   ">
                    <button data-href="/on/demandware.store/Sites-continente-Site/default/Search-ShowAjax?cgid=refeicoes-faceis&amp;pmin=0%2e01&amp;prefn1=brand&amp;prefv1=Alitec" class="refinement-btn ">
                    <div class="ct-form-checkbox">
                    <input id="Alitec" type="checkbox" title="">
                    <label class="ct-form-check-label" for="Alitec">
                    Alitec <span class="hit-count">(2)</span>
                    </label>
                    <span class="checkmark"></span>
                    </div>
                    <span class="sr-only selected-assistive-text">
                    Refine by Marcas: Alitec
                    </span>
                    </button>
                    </li>
                    <li class="refinement-value   ">
                    <button data-href="/on/demandware.store/Sites-continente-Site/default/Search-ShowAjax?cgid=refeicoes-faceis&amp;pmin=0%2e01&amp;prefn1=brand&amp;prefv1=Alpro" class="refinement-btn ">
                    <div class="ct-form-checkbox">
                    <input id="Alpro" type="checkbox" title="">
                    <label class="ct-form-check-label" for="Alpro">
                    Alpro <span class="hit-count">(1)</span>
                    </label>
                    <span class="checkmark"></span>
                    </div>
                    <span class="sr-only selected-assistive-text">
                    Refine by Marcas: Alpro
                    </span>
                    </button>
                    </li>
                    <li class="refinement-value   ">
                    <button data-href="/on/demandware.store/Sites-continente-Site/default/Search-ShowAjax?cgid=refeicoes-faceis&amp;pmin=0%2e01&amp;prefn1=brand&amp;prefv1=Alvalle" class="refinement-btn ">
                    <div class="ct-form-checkbox">
                    <input id="Alvalle" type="checkbox" title="">
                    <label class="ct-form-check-label" for="Alvalle">
                     Alvalle <span class="hit-count">(2)</span>
                    </label>
                    <span class="checkmark"></span>
                    </div>
                    <span class="sr-only selected-assistive-text">
                    Refine by Marcas: Alvalle
                    </span>
                    </button>
                    </li>
                    <li class="refinement-value hide-refinement  ">
                    <button data-href="/on/demandware.store/Sites-continente-Site/default/Search-ShowAjax?cgid=refeicoes-faceis&amp;pmin=0%2e01&amp;prefn1=brand&amp;prefv1=Andros" class="refinement-btn ">
                    <div class="ct-form-checkbox">
                    <input id="Andros" type="checkbox" title="">
                    <label class="ct-form-check-label" for="Andros">
                    Andros <span class="hit-count">(6)</span>
                    </label>
                    <span class="checkmark"></span>
                    </div>
                    <span class="sr-only selected-assistive-text">
                    Refine by Marcas: Andros
                    </span>
                    </button>
                    </li>
                    <li class="refinement-value hide-refinement  ">
                    <button data-href="/on/demandware.store/Sites-continente-Site/default/Search-ShowAjax?cgid=refeicoes-faceis&amp;pmin=0%2e01&amp;prefn1=brand&amp;prefv1=Aut%c3%aantico" class="refinement-btn ">
                    <div class="ct-form-checkbox">
                    <input id="Autêntico" type="checkbox" title="">
                    <label class="ct-form-check-label" for="Autêntico">
                    Autêntico <span class="hit-count">(16)</span>
                    </label>
                    <span class="checkmark"></span>
                    </div>
                    <span class="sr-only selected-assistive-text">
                    Refine by Marcas: Autêntico
                    </span>
                    </button>
                    </li>
                    <li class="refinement-value hide-refinement  ">
                    <button data-href="/on/demandware.store/Sites-continente-Site/default/Search-ShowAjax?cgid=refeicoes-faceis&amp;pmin=0%2e01&amp;prefn1=brand&amp;prefv1=Bonduelle" class="refinement-btn ">
                    <div class="ct-form-checkbox">
                    <input id="Bonduelle" type="checkbox" title="">
                    <label class="ct-form-check-label" for="Bonduelle">
                    Bonduelle <span class="hit-count">(1)</span>
                    </label>
                    <span class="checkmark"></span>
                    </div>
                    <span class="sr-only selected-assistive-text">
                    Refine by Marcas: Bonduelle
                    </span>
                    </button>
                    </li>
                    <li class="refinement-value hide-refinement  ">
                    <button data-href="/on/demandware.store/Sites-continente-Site/default/Search-ShowAjax?cgid=refeicoes-faceis&amp;pmin=0%2e01&amp;prefn1=brand&amp;prefv1=Buitoni%20Bella%20Napoli" class="refinement-btn ">
                    <div class="ct-form-checkbox">
                    <input id="Buitoni Bella Napoli" type="checkbox" title="">
                    <label class="ct-form-check-label" for="Buitoni Bella Napoli">
                    Buitoni Bella Napoli <span class="hit-count">(2)</span>
                    </label>
                    <span class="checkmark"></span>
                    </div>
                    <span class="sr-only selected-assistive-text">
                    Refine by Marcas: Buitoni Bella Napoli
                    </span>
                    </button>
                    </li>
                    <li class="refinement-value hide-refinement  ">
                    <button data-href="/on/demandware.store/Sites-continente-Site/default/Search-ShowAjax?cgid=refeicoes-faceis&amp;pmin=0%2e01&amp;prefn1=brand&amp;prefv1=Buitoni%20Forno%20di%20Pietra" class="refinement-btn ">
                    <div class="ct-form-checkbox">
                    <input id="Buitoni Forno di Pietra" type="checkbox" title="">
                    <label class="ct-form-check-label" for="Buitoni Forno di Pietra">
                    Buitoni Forno di Pietra <span class="hit-count">(9)</span>
                    </label>
                    <span class="checkmark"></span>
                    </div>
                    <span class="sr-only selected-assistive-text">
                    Refine by Marcas: Buitoni Forno di Pietra
                    </span>
                    </button>
                    </li>
                    <li class="refinement-value hide-refinement  ">
                    <button data-href="/on/demandware.store/Sites-continente-Site/default/Search-ShowAjax?cgid=refeicoes-faceis&amp;pmin=0%2e01&amp;prefn1=brand&amp;prefv1=Campofrio" class="refinement-btn ">
                    <div class="ct-form-checkbox">
                    <input id="Campofrio" type="checkbox" title="">
                    <label class="ct-form-check-label" for="Campofrio">
                    Campofrio <span class="hit-count">(4)</span>
                    </label>
                    <span class="checkmark"></span>
                    </div>
                    <span class="sr-only selected-assistive-text">
                    Refine by Marcas: Campofrio
                    </span>
                    </button>
                    </li>
                    <li class="refinement-value hide-refinement  ">
                    <button data-href="/on/demandware.store/Sites-continente-Site/default/Search-ShowAjax?cgid=refeicoes-faceis&amp;pmin=0%2e01&amp;prefn1=brand&amp;prefv1=Capit%c3%a3o%20Iglo" class="refinement-btn ">
                    <div class="ct-form-checkbox">
                    <input id="Capitão Iglo" type="checkbox" title="">
                    <label class="ct-form-check-label" for="Capitão Iglo">
                    Capitão Iglo <span class="hit-count">(6)</span>
                    </label>
                    <span class="checkmark"></span>
                    </div>
                    <span class="sr-only selected-assistive-text">
                    Refine by Marcas: Capitão Iglo
                    </span>
                    </button>
                    </li>
                    <li class="refinement-value hide-refinement  ">
                    <button data-href="/on/demandware.store/Sites-continente-Site/default/Search-ShowAjax?cgid=refeicoes-faceis&amp;pmin=0%2e01&amp;prefn1=brand&amp;prefv1=Casa%20Di%20Mama" class="refinement-btn ">
                    <div class="ct-form-checkbox">
                    <input id="Casa Di Mama" type="checkbox" title="">
                    <label class="ct-form-check-label" for="Casa Di Mama">
                    Casa Di Mama <span class="hit-count">(5)</span>
                    </label>
                    <span class="checkmark"></span>
                    </div>
                    <span class="sr-only selected-assistive-text">
                    Refine by Marcas: Casa Di Mama
                    </span>
                    </button>
                    </li>
                    <li class="refinement-value hide-refinement  ">
                    <button data-href="/on/demandware.store/Sites-continente-Site/default/Search-ShowAjax?cgid=refeicoes-faceis&amp;pmin=0%2e01&amp;prefn1=brand&amp;prefv1=Casa%20Milo" class="refinement-btn ">
                    <div class="ct-form-checkbox">
                    <input id="Casa Milo" type="checkbox" title="">
                    <label class="ct-form-check-label" for="Casa Milo">
                    Casa Milo <span class="hit-count">(1)</span>
                    </label>
                    <span class="checkmark"></span>
                    </div>
                    <span class="sr-only selected-assistive-text">
                    Refine by Marcas: Casa Milo
                    </span>
                    </button>
                    </li>
                    <li class="refinement-value hide-refinement  ">
                    <button data-href="/on/demandware.store/Sites-continente-Site/default/Search-ShowAjax?cgid=refeicoes-faceis&amp;pmin=0%2e01&amp;prefn1=brand&amp;prefv1=Cem%20Porcento" class="refinement-btn ">
                    <div class="ct-form-checkbox">
                    <input id="Cem Porcento" type="checkbox" title="">
                    <label class="ct-form-check-label" for="Cem Porcento">
                    Cem Porcento <span class="hit-count">(6)</span>
                    </label>
                    <span class="checkmark"></span>
                    </div>
                    <span class="sr-only selected-assistive-text">
                    Refine by Marcas: Cem Porcento
                    </span>
                    </button>
                    </li>
                    <li class="refinement-value hide-refinement  ">
                    <button data-href="/on/demandware.store/Sites-continente-Site/default/Search-ShowAjax?cgid=refeicoes-faceis&amp;pmin=0%2e01&amp;prefn1=brand&amp;prefv1=Cigala" class="refinement-btn ">
                    <div class="ct-form-checkbox">
                    <input id="Cigala" type="checkbox" title="">
                    <label class="ct-form-check-label" for="Cigala">
                    Cigala <span class="hit-count">(8)</span>
                    </label>
                    <span class="checkmark"></span>
                    </div>
                    <span class="sr-only selected-assistive-text">
                    Refine by Marcas: Cigala
                    </span>
                    </button>
                    </li>
                    <li class="refinement-value hide-refinement  ">
                    <button data-href="/on/demandware.store/Sites-continente-Site/default/Search-ShowAjax?cgid=refeicoes-faceis&amp;pmin=0%2e01&amp;prefn1=brand&amp;prefv1=Continente" class="refinement-btn ">
                    <div class="ct-form-checkbox">
                    <input id="Continente" type="checkbox" title="">
                    <label class="ct-form-check-label" for="Continente">
                    Continente <span class="hit-count">(137)</span>
                    </label>
                    <span class="checkmark"></span>
                    </div>
                    <span class="sr-only selected-assistive-text">
                    Refine by Marcas: Continente
                    </span>
                    </button>
                    </li>
                    <li class="refinement-value hide-refinement  ">
                    <button data-href="/on/demandware.store/Sites-continente-Site/default/Search-ShowAjax?cgid=refeicoes-faceis&amp;pmin=0%2e01&amp;prefn1=brand&amp;prefv1=Continente%20Bio" class="refinement-btn ">
                    <div class="ct-form-checkbox">
                    <input id="Continente Bio" type="checkbox" title="">
                    <label class="ct-form-check-label" for="Continente Bio">
                    Continente Bio <span class="hit-count">(2)</span>
                    </label>
                    <span class="checkmark"></span>
                    </div>
                    <span class="sr-only selected-assistive-text">
                    Refine by Marcas: Continente Bio
                    </span>
                    </button>
                    </li>
                    <li class="refinement-value hide-refinement  ">
                    <button data-href="/on/demandware.store/Sites-continente-Site/default/Search-ShowAjax?cgid=refeicoes-faceis&amp;pmin=0%2e01&amp;prefn1=brand&amp;prefv1=Continente%20Equil%c3%adbrio" class="refinement-btn ">
                    <div class="ct-form-checkbox">
                    <input id="Continente Equilíbrio" type="checkbox" title="">
                    <label class="ct-form-check-label" for="Continente Equilíbrio">
                    Continente Equilíbrio <span class="hit-count">(1)</span>
                    </label>
                    <span class="checkmark"></span>
                    </div>
                    <span class="sr-only selected-assistive-text">
                    Refine by Marcas: Continente Equilíbrio
                    </span>
                    </button>
                    </li>
                    <li class="refinement-value hide-refinement  ">
                    <button data-href="/on/demandware.store/Sites-continente-Site/default/Search-ShowAjax?cgid=refeicoes-faceis&amp;pmin=0%2e01&amp;prefn1=brand&amp;prefv1=Continente%20Equil%c3%adbrio%20F%c3%a1cil%20%26%20Bom" class="refinement-btn ">
                    <div class="ct-form-checkbox">
                    <input id="Continente Equilíbrio Fácil &amp; Bom" type="checkbox" title="">
                    <label class="ct-form-check-label" for="Continente Equilíbrio Fácil &amp; Bom">
                    Continente Equilíbrio Fácil &amp; Bom <span class="hit-count">(7)</span>
                    </label>
                    <span class="checkmark"></span>
                    </div>
                    <span class="sr-only selected-assistive-text">
                    Refine by Marcas: Continente Equilíbrio Fácil &amp; Bom
                    </span>
                    </button>
                    </li>
                    <li class="refinement-value hide-refinement  ">
                    <button data-href="/on/demandware.store/Sites-continente-Site/default/Search-ShowAjax?cgid=refeicoes-faceis&amp;pmin=0%2e01&amp;prefn1=brand&amp;prefv1=Continente%20F%c3%a1cil%20%26%20Bom" class="refinement-btn ">
                    <div class="ct-form-checkbox">
                    <input id="Continente Fácil &amp; Bom" type="checkbox" title="">
                    <label class="ct-form-check-label" for="Continente Fácil &amp; Bom">
                    Continente Fácil &amp; Bom <span class="hit-count">(116)</span>
                    </label>
                    <span class="checkmark"></span>
                    </div>
                    <span class="sr-only selected-assistive-text">
                    Refine by Marcas: Continente Fácil &amp; Bom
                    </span>
                    </button>
                    </li>
                    <li class="refinement-value hide-refinement  ">
                    <button data-href="/on/demandware.store/Sites-continente-Site/default/Search-ShowAjax?cgid=refeicoes-faceis&amp;pmin=0%2e01&amp;prefn1=brand&amp;prefv1=Continente%20Sele%c3%a7%c3%a3o" class="refinement-btn ">
                    <div class="ct-form-checkbox">
                    <input id="Continente Seleção" type="checkbox" title="">
                    <label class="ct-form-check-label" for="Continente Seleção">
                    Continente Seleção <span class="hit-count">(14)</span>
                    </label>
                    <span class="checkmark"></span>
                    </div>
                    <span class="sr-only selected-assistive-text">
                    Refine by Marcas: Continente Seleção
                    </span>
                    </button>
                    </li>
                    <li class="refinement-value hide-refinement  ">
                    <button data-href="/on/demandware.store/Sites-continente-Site/default/Search-ShowAjax?cgid=refeicoes-faceis&amp;pmin=0%2e01&amp;prefn1=brand&amp;prefv1=Continente%20Sele%c3%a7%c3%a3o%20F%c3%a1cil%20%26%20Bom" class="refinement-btn ">
                    <div class="ct-form-checkbox">
                    <input id="Continente Seleção Fácil &amp; Bom" type="checkbox" title="">
                    <label class="ct-form-check-label" for="Continente Seleção Fácil &amp; Bom">
                    Continente Seleção Fácil &amp; Bom <span class="hit-count">(4)</span>
                    </label>
                    <span class="checkmark"></span>
                    </div>
                    <span class="sr-only selected-assistive-text">
                    Refine by Marcas: Continente Seleção Fácil &amp; Bom
                    </span>
                    </button>
                    </li>
                    <li class="refinement-value hide-refinement  ">
                    <button data-href="/on/demandware.store/Sites-continente-Site/default/Search-ShowAjax?cgid=refeicoes-faceis&amp;pmin=0%2e01&amp;prefn1=brand&amp;prefv1=Cozinha%20Pronta" class="refinement-btn ">
                    <div class="ct-form-checkbox">
                    <input id="Cozinha Pronta" type="checkbox" title="">
                    <label class="ct-form-check-label" for="Cozinha Pronta">
                    Cozinha Pronta <span class="hit-count">(1)</span>
                    </label>
                    <span class="checkmark"></span>
                    </div>
                    <span class="sr-only selected-assistive-text">
                    Refine by Marcas: Cozinha Pronta
                    </span>
                    </button>
                    </li>
                    <li class="refinement-value hide-refinement  ">
                    <button data-href="/on/demandware.store/Sites-continente-Site/default/Search-ShowAjax?cgid=refeicoes-faceis&amp;pmin=0%2e01&amp;prefn1=brand&amp;prefv1=Croustipate" class="refinement-btn ">
                    <div class="ct-form-checkbox">
                    <input id="Croustipate" type="checkbox" title="">
                    <label class="ct-form-check-label" for="Croustipate">
                    Croustipate <span class="hit-count">(2)</span>
                    </label>
                    <span class="checkmark"></span>
                    </div>
                    <span class="sr-only selected-assistive-text">
                    Refine by Marcas: Croustipate
                    </span>
                    </button>
                    </li>
                    <li class="refinement-value hide-refinement  ">
                    <button data-href="/on/demandware.store/Sites-continente-Site/default/Search-ShowAjax?cgid=refeicoes-faceis&amp;pmin=0%2e01&amp;prefn1=brand&amp;prefv1=De%20Angelis" class="refinement-btn ">
                    <div class="ct-form-checkbox">
                    <input id="De Angelis" type="checkbox" title="">
                    <label class="ct-form-check-label" for="De Angelis">
                    De Angelis <span class="hit-count">(1)</span>
                    </label>
                    <span class="checkmark"></span>
                    </div>
                    <span class="sr-only selected-assistive-text">
                    Refine by Marcas: De Angelis
                    </span>
                    </button>
                    </li>
                    <li class="refinement-value hide-refinement  ">
                    <button data-href="/on/demandware.store/Sites-continente-Site/default/Search-ShowAjax?cgid=refeicoes-faceis&amp;pmin=0%2e01&amp;prefn1=brand&amp;prefv1=De%20Marchi" class="refinement-btn ">
                    <div class="ct-form-checkbox">
                    <input id="De Marchi" type="checkbox" title="">
                    <label class="ct-form-check-label" for="De Marchi">
                    De Marchi <span class="hit-count">(1)</span>
                    </label>
                    <span class="checkmark"></span>
                    </div>
                    <span class="sr-only selected-assistive-text">
                    Refine by Marcas: De Marchi
                    </span>
                    </button>
                    </li>
                    <li class="refinement-value hide-refinement  ">
                    <button data-href="/on/demandware.store/Sites-continente-Site/default/Search-ShowAjax?cgid=refeicoes-faceis&amp;pmin=0%2e01&amp;prefn1=brand&amp;prefv1=Derovo" class="refinement-btn ">
                    <div class="ct-form-checkbox">
                    <input id="Derovo" type="checkbox" title="">
                    <label class="ct-form-check-label" for="Derovo">
                    Derovo <span class="hit-count">(2)</span>
                    </label>
                    <span class="checkmark"></span>
                    </div>
                    <span class="sr-only selected-assistive-text">
                    Refine by Marcas: Derovo
                    </span>
                    </button>
                    </li>
                    <li class="refinement-value hide-refinement  ">
                    <button data-href="/on/demandware.store/Sites-continente-Site/default/Search-ShowAjax?cgid=refeicoes-faceis&amp;pmin=0%2e01&amp;prefn1=brand&amp;prefv1=Dona%20Quina" class="refinement-btn ">
                    <div class="ct-form-checkbox">
                    <input id="Dona Quina" type="checkbox" title="">
                    <label class="ct-form-check-label" for="Dona Quina">
                    Dona Quina <span class="hit-count">(12)</span>
                    </label>
                    <span class="checkmark"></span>
                    </div>
                    <span class="sr-only selected-assistive-text">
                    Refine by Marcas: Dona Quina
                    </span>
                    </button>
                    </li>
                    <li class="refinement-value hide-refinement  ">
                    <button data-href="/on/demandware.store/Sites-continente-Site/default/Search-ShowAjax?cgid=refeicoes-faceis&amp;pmin=0%2e01&amp;prefn1=brand&amp;prefv1=Dunany" class="refinement-btn ">
                    <div class="ct-form-checkbox">
                    <input id="Dunany" type="checkbox" title="">
                    <label class="ct-form-check-label" for="Dunany">
                    Dunany <span class="hit-count">(3)</span>
                    </label>
                    <span class="checkmark"></span>
                    </div>
                     <span class="sr-only selected-assistive-text">
                    Refine by Marcas: Dunany
                    </span>
                    </button>
                    </li>
                    <li class="refinement-value hide-refinement  ">
                    <button data-href="/on/demandware.store/Sites-continente-Site/default/Search-ShowAjax?cgid=refeicoes-faceis&amp;pmin=0%2e01&amp;prefn1=brand&amp;prefv1=%c3%89%20Continente" class="refinement-btn ">
                    <div class="ct-form-checkbox">
                    <input id="É Continente" type="checkbox" title="">
                    <label class="ct-form-check-label" for="É Continente">
                    É Continente <span class="hit-count">(1)</span>
                    </label>
                    <span class="checkmark"></span>
                    </div>
                    <span class="sr-only selected-assistive-text">
                    Refine by Marcas: É Continente
                    </span>
                    </button>
                    </li>
                    <li class="refinement-value hide-refinement  ">
                    <button data-href="/on/demandware.store/Sites-continente-Site/default/Search-ShowAjax?cgid=refeicoes-faceis&amp;pmin=0%2e01&amp;prefn1=brand&amp;prefv1=El%20Chefe%20en%20Casa" class="refinement-btn ">
                    <div class="ct-form-checkbox">
                    <input id="El Chefe en Casa" type="checkbox" title="">
                    <label class="ct-form-check-label" for="El Chefe en Casa">
                    El Chefe en Casa <span class="hit-count">(2)</span>
                    </label>
                    <span class="checkmark"></span>
                    </div>
                    <span class="sr-only selected-assistive-text">
                    Refine by Marcas: El Chefe en Casa
                    </span>
                    </button>
                    </li>
                    <li class="refinement-value hide-refinement  ">
                    <button data-href="/on/demandware.store/Sites-continente-Site/default/Search-ShowAjax?cgid=refeicoes-faceis&amp;pmin=0%2e01&amp;prefn1=brand&amp;prefv1=Garden%20Gourmet" class="refinement-btn ">
                    <div class="ct-form-checkbox">
                    <input id="Garden Gourmet" type="checkbox" title="">
                    <label class="ct-form-check-label" for="Garden Gourmet">
                    Garden Gourmet <span class="hit-count">(9)</span>
                    </label>
                    <span class="checkmark"></span>
                    </div>
                    <span class="sr-only selected-assistive-text">
                    Refine by Marcas: Garden Gourmet
                    </span>
                    </button>
                    </li>
                    <li class="refinement-value hide-refinement  ">
                    <button data-href="/on/demandware.store/Sites-continente-Site/default/Search-ShowAjax?cgid=refeicoes-faceis&amp;pmin=0%2e01&amp;prefn1=brand&amp;prefv1=Go%20Natural" class="refinement-btn ">
                    <div class="ct-form-checkbox">
                    <input id="Go Natural" type="checkbox" title="">
                    <label class="ct-form-check-label" for="Go Natural">
                    Go Natural <span class="hit-count">(31)</span>
                    </label>
                    <span class="checkmark"></span>
                    </div>
                    <span class="sr-only selected-assistive-text">
                    Refine by Marcas: Go Natural
                    </span>
                    </button>
                    </li>
                    <li class="refinement-value hide-refinement  ">
                    <button data-href="/on/demandware.store/Sites-continente-Site/default/Search-ShowAjax?cgid=refeicoes-faceis&amp;pmin=0%2e01&amp;prefn1=brand&amp;prefv1=Gosh%21" class="refinement-btn ">
                    <div class="ct-form-checkbox">
                    <input id="Gosh!" type="checkbox" title="">
                    <label class="ct-form-check-label" for="Gosh!">
                    Gosh! <span class="hit-count">(5)</span>
                    </label>
                    <span class="checkmark"></span>
                    </div>
                    <span class="sr-only selected-assistive-text">
                    Refine by Marcas: Gosh!
                    </span>
                    </button>
                    </li>
                    <li class="refinement-value hide-refinement  ">
                    <button data-href="/on/demandware.store/Sites-continente-Site/default/Search-ShowAjax?cgid=refeicoes-faceis&amp;pmin=0%2e01&amp;prefn1=brand&amp;prefv1=Iglo" class="refinement-btn ">
                    <div class="ct-form-checkbox">
                    <input id="Iglo" type="checkbox" title="">
                    <label class="ct-form-check-label" for="Iglo">
                    Iglo <span class="hit-count">(7)</span>
                    </label>
                    <span class="checkmark"></span>
                    </div>
                    <span class="sr-only selected-assistive-text">
                    Refine by Marcas: Iglo
                    </span>
                    </button>
                    </li>
                    <li class="refinement-value hide-refinement  ">
                    <button data-href="/on/demandware.store/Sites-continente-Site/default/Search-ShowAjax?cgid=refeicoes-faceis&amp;pmin=0%2e01&amp;prefn1=brand&amp;prefv1=Iglo%20Green%20Cuisine" class="refinement-btn ">
                    <div class="ct-form-checkbox">
                    <input id="Iglo Green Cuisine" type="checkbox" title="">
                    <label class="ct-form-check-label" for="Iglo Green Cuisine">
                    Iglo Green Cuisine <span class="hit-count">(13)</span>
                    </label>
                    <span class="checkmark"></span>
                    </div>
                    <span class="sr-only selected-assistive-text">
                    Refine by Marcas: Iglo Green Cuisine
                    </span>
                    </button>
                    </li>
                    <li class="refinement-value hide-refinement  ">
                    <button data-href="/on/demandware.store/Sites-continente-Site/default/Search-ShowAjax?cgid=refeicoes-faceis&amp;pmin=0%2e01&amp;prefn1=brand&amp;prefv1=Iglo%20Take%20Away" class="refinement-btn ">
                    <div class="ct-form-checkbox">
                    <input id="Iglo Take Away" type="checkbox" title="">
                    <label class="ct-form-check-label" for="Iglo Take Away">
                    Iglo Take Away <span class="hit-count">(6)</span>
                    </label>
                    <span class="checkmark"></span>
                    </div>
                    <span class="sr-only selected-assistive-text">
                    Refine by Marcas: Iglo Take Away
                    </span>
                    </button>
                    </li>
                    <li class="refinement-value hide-refinement  ">
                    <button data-href="/on/demandware.store/Sites-continente-Site/default/Search-ShowAjax?cgid=refeicoes-faceis&amp;pmin=0%2e01&amp;prefn1=brand&amp;prefv1=Ingapan" class="refinement-btn ">
                    <div class="ct-form-checkbox">
                    <input id="Ingapan" type="checkbox" title="">
                    <label class="ct-form-check-label" for="Ingapan">
                    Ingapan <span class="hit-count">(3)</span>
                    </label>
                    <span class="checkmark"></span>
                    </div>
                    <span class="sr-only selected-assistive-text">
                    Refine by Marcas: Ingapan
                    </span>
                    </button>
                    </li>
                    <li class="refinement-value hide-refinement  ">
                    <button data-href="/on/demandware.store/Sites-continente-Site/default/Search-ShowAjax?cgid=refeicoes-faceis&amp;pmin=0%2e01&amp;prefn1=brand&amp;prefv1=Innocent" class="refinement-btn ">
                    <div class="ct-form-checkbox">
                    <input id="Innocent" type="checkbox" title="">
                    <label class="ct-form-check-label" for="Innocent">
                    Innocent <span class="hit-count">(11)</span>
                    </label>
                    <span class="checkmark"></span>
                    </div>
                    <span class="sr-only selected-assistive-text">
                    Refine by Marcas: Innocent
                    </span>
                    </button>
                    </li>
                    <li class="refinement-value hide-refinement  ">
                    <button data-href="/on/demandware.store/Sites-continente-Site/default/Search-ShowAjax?cgid=refeicoes-faceis&amp;pmin=0%2e01&amp;prefn1=brand&amp;prefv1=Jer%c3%b3nimo%20Valente" class="refinement-btn ">
                    <div class="ct-form-checkbox">
                    <input id="Jerónimo Valente" type="checkbox" title="">
                    <label class="ct-form-check-label" for="Jerónimo Valente">
                    Jerónimo Valente <span class="hit-count">(2)</span>
                    </label>
                    <span class="checkmark"></span>
                    </div>
                    <span class="sr-only selected-assistive-text">
                    Refine by Marcas: Jerónimo Valente
                    </span>
                    </button>
                    </li>
                    <li class="refinement-value hide-refinement  ">
                    <button data-href="/on/demandware.store/Sites-continente-Site/default/Search-ShowAjax?cgid=refeicoes-faceis&amp;pmin=0%2e01&amp;prefn1=brand&amp;prefv1=Knorr" class="refinement-btn ">
                    <div class="ct-form-checkbox">
                    <input id="Knorr" type="checkbox" title="">
                    <label class="ct-form-check-label" for="Knorr">
                    Knorr <span class="hit-count">(14)</span>
                    </label>
                    <span class="checkmark"></span>
                    </div>
                    <span class="sr-only selected-assistive-text">
                    Refine by Marcas: Knorr
                    </span>
                    </button>
                    </li>
                    <li class="refinement-value hide-refinement  ">
                    <button data-href="/on/demandware.store/Sites-continente-Site/default/Search-ShowAjax?cgid=refeicoes-faceis&amp;pmin=0%2e01&amp;prefn1=brand&amp;prefv1=Koala" class="refinement-btn ">
                    <div class="ct-form-checkbox">
                    <input id="Koala" type="checkbox" title="">
                    <label class="ct-form-check-label" for="Koala">
                    Koala <span class="hit-count">(8)</span>
                    </label>
                    <span class="checkmark"></span>
                    </div>
                    <span class="sr-only selected-assistive-text">
                    Refine by Marcas: Koala
                    </span>
                    </button>
                    </li>
                    <li class="refinement-value hide-refinement  ">
                    <button data-href="/on/demandware.store/Sites-continente-Site/default/Search-ShowAjax?cgid=refeicoes-faceis&amp;pmin=0%2e01&amp;prefn1=brand&amp;prefv1=Koka" class="refinement-btn ">
                    <div class="ct-form-checkbox">
                    <input id="Koka" type="checkbox" title="">
                    <label class="ct-form-check-label" for="Koka">
                    Koka <span class="hit-count">(9)</span>
                    </label>
                    <span class="checkmark"></span>
                    </div>
                    <span class="sr-only selected-assistive-text">
                    Refine by Marcas: Koka
                    </span>
                    </button>
                    </li>
                    <li class="refinement-value hide-refinement  ">
                    <button data-href="/on/demandware.store/Sites-continente-Site/default/Search-ShowAjax?cgid=refeicoes-faceis&amp;pmin=0%2e01&amp;prefn1=brand&amp;prefv1=La%20Mia%20Grande" class="refinement-btn ">
                    <div class="ct-form-checkbox">
                    <input id="La Mia Grande" type="checkbox" title="">
                    <label class="ct-form-check-label" for="La Mia Grande">
                    La Mia Grande <span class="hit-count">(2)</span>
                    </label>
                    <span class="checkmark"></span>
                    </div>
                    <span class="sr-only selected-assistive-text">
                    Refine by Marcas: La Mia Grande
                    </span>
                    </button>
                    </li>
                    <li class="refinement-value hide-refinement  ">
                    <button data-href="/on/demandware.store/Sites-continente-Site/default/Search-ShowAjax?cgid=refeicoes-faceis&amp;pmin=0%2e01&amp;prefn1=brand&amp;prefv1=Linda%20McCartney%27s" class="refinement-btn ">
                    <div class="ct-form-checkbox">
                    <input id="Linda McCartney's" type="checkbox" title="">
                    <label class="ct-form-check-label" for="Linda McCartney's">
                    Linda McCartney's <span class="hit-count">(1)</span>
                    </label>
                    <span class="checkmark"></span>
                    </div>
                    <span class="sr-only selected-assistive-text">
                    Refine by Marcas: Linda McCartney's
                    </span>
                    </button>
                    </li>
                    <li class="refinement-value hide-refinement  ">
                    <button data-href="/on/demandware.store/Sites-continente-Site/default/Search-ShowAjax?cgid=refeicoes-faceis&amp;pmin=0%2e01&amp;prefn1=brand&amp;prefv1=Maggi" class="refinement-btn ">
                    <div class="ct-form-checkbox">
                    <input id="Maggi" type="checkbox" title="">
                    <label class="ct-form-check-label" for="Maggi">
                    Maggi <span class="hit-count">(2)</span>
                    </label>
                    <span class="checkmark"></span>
                    </div>
                    <span class="sr-only selected-assistive-text">
                    Refine by Marcas: Maggi
                    </span>
                    </button>
                    </li>
                    <li class="refinement-value hide-refinement  ">
                    <button data-href="/on/demandware.store/Sites-continente-Site/default/Search-ShowAjax?cgid=refeicoes-faceis&amp;pmin=0%2e01&amp;prefn1=brand&amp;prefv1=Megic" class="refinement-btn ">
                    <div class="ct-form-checkbox">
                    <input id="Megic" type="checkbox" title="">
                    <label class="ct-form-check-label" for="Megic">
                    Megic <span class="hit-count">(2)</span>
                    </label>
                    <span class="checkmark"></span>
                    </div>
                    <span class="sr-only selected-assistive-text">
                    Refine by Marcas: Megic
                    </span>
                    </button>
                    </li>
                    <li class="refinement-value hide-refinement  ">
                    <button data-href="/on/demandware.store/Sites-continente-Site/default/Search-ShowAjax?cgid=refeicoes-faceis&amp;pmin=0%2e01&amp;prefn1=brand&amp;prefv1=Moira" class="refinement-btn ">
                    <div class="ct-form-checkbox">
                    <input id="Moira" type="checkbox" title="">
                    <label class="ct-form-check-label" for="Moira">
                    Moira <span class="hit-count">(3)</span>
                    </label>
                    <span class="checkmark"></span>
                    </div>
                    <span class="sr-only selected-assistive-text">
                    Refine by Marcas: Moira
                    </span>
                    </button>
                    </li>
                    <li class="refinement-value hide-refinement  ">
                    <button data-href="/on/demandware.store/Sites-continente-Site/default/Search-ShowAjax?cgid=refeicoes-faceis&amp;pmin=0%2e01&amp;prefn1=brand&amp;prefv1=Native" class="refinement-btn ">
                    <div class="ct-form-checkbox">
                    <input id="Native" type="checkbox" title="">
                    <label class="ct-form-check-label" for="Native">
                    Native <span class="hit-count">(2)</span>
                    </label>
                    <span class="checkmark"></span>
                    </div>
                    <span class="sr-only selected-assistive-text">
                    Refine by Marcas: Native
                    </span>
                    </button>
                    </li>
                    <li class="refinement-value hide-refinement  ">
                    <button data-href="/on/demandware.store/Sites-continente-Site/default/Search-ShowAjax?cgid=refeicoes-faceis&amp;pmin=0%2e01&amp;prefn1=brand&amp;prefv1=Natura" class="refinement-btn ">
                    <div class="ct-form-checkbox">
                    <input id="Natura" type="checkbox" title="">
                    <label class="ct-form-check-label" for="Natura">
                    Natura <span class="hit-count">(3)</span>
                    </label>
                    <span class="checkmark"></span>
                    </div>
                    <span class="sr-only selected-assistive-text">
                    Refine by Marcas: Natura
                    </span>
                    </button>
                    </li>
                    <li class="refinement-value hide-refinement  ">
                    <button data-href="/on/demandware.store/Sites-continente-Site/default/Search-ShowAjax?cgid=refeicoes-faceis&amp;pmin=0%2e01&amp;prefn1=brand&amp;prefv1=Natural%20One" class="refinement-btn ">
                    <div class="ct-form-checkbox">
                    <input id="Natural One" type="checkbox" title="">
                    <label class="ct-form-check-label" for="Natural One">
                    Natural One <span class="hit-count">(1)</span>
                    </label>
                    <span class="checkmark"></span>
                    </div>
                    <span class="sr-only selected-assistive-text">
                    Refine by Marcas: Natural One
                    </span>
                    </button>
                    </li>
                    <li class="refinement-value hide-refinement  ">
                    <button data-href="/on/demandware.store/Sites-continente-Site/default/Search-ShowAjax?cgid=refeicoes-faceis&amp;pmin=0%2e01&amp;prefn1=brand&amp;prefv1=Nissin" class="refinement-btn ">
                    <div class="ct-form-checkbox">
                    <input id="Nissin" type="checkbox" title="">
                    <label class="ct-form-check-label" for="Nissin">
                    Nissin <span class="hit-count">(8)</span>
                    </label>
                    <span class="checkmark"></span>
                    </div>
                    <span class="sr-only selected-assistive-text">
                    Refine by Marcas: Nissin
                    </span>
                    </button>
                    </li>
                    <li class="refinement-value hide-refinement  ">
                    <button data-href="/on/demandware.store/Sites-continente-Site/default/Search-ShowAjax?cgid=refeicoes-faceis&amp;pmin=0%2e01&amp;prefn1=brand&amp;prefv1=Nobre%20Vegalia" class="refinement-btn ">
                    <div class="ct-form-checkbox">
                    <input id="Nobre Vegalia" type="checkbox" title="">
                    <label class="ct-form-check-label" for="Nobre Vegalia">
                    Nobre Vegalia <span class="hit-count">(6)</span>
                    </label>
                    <span class="checkmark"></span>
                    </div>
                    <span class="sr-only selected-assistive-text">
                    Refine by Marcas: Nobre Vegalia
                    </span>
                    </button>
                    </li>
                    <li class="refinement-value hide-refinement  ">
                    <button data-href="/on/demandware.store/Sites-continente-Site/default/Search-ShowAjax?cgid=refeicoes-faceis&amp;pmin=0%2e01&amp;prefn1=brand&amp;prefv1=Nordigal" class="refinement-btn ">
                    <div class="ct-form-checkbox">
                    <input id="Nordigal" type="checkbox" title="">
                    <label class="ct-form-check-label" for="Nordigal">
                    Nordigal <span class="hit-count">(1)</span>
                    </label>
                    <span class="checkmark"></span>
                    </div>
                    <span class="sr-only selected-assistive-text">
                    Refine by Marcas: Nordigal
                    </span>
                    </button>
                    </li>
                    <li class="refinement-value hide-refinement  ">
                    <button data-href="/on/demandware.store/Sites-continente-Site/default/Search-ShowAjax?cgid=refeicoes-faceis&amp;pmin=0%2e01&amp;prefn1=brand&amp;prefv1=Nova%20Maestro" class="refinement-btn ">
                    <div class="ct-form-checkbox">
                    <input id="Nova Maestro" type="checkbox" title="">
                    <label class="ct-form-check-label" for="Nova Maestro">
                    Nova Maestro <span class="hit-count">(1)</span>
                    </label>
                    <span class="checkmark"></span>
                    </div>
                    <span class="sr-only selected-assistive-text">
                    Refine by Marcas: Nova Maestro
                    </span>
                    </button>
                    </li>
                    <li class="refinement-value hide-refinement  ">
                    <button data-href="/on/demandware.store/Sites-continente-Site/default/Search-ShowAjax?cgid=refeicoes-faceis&amp;pmin=0%2e01&amp;prefn1=brand&amp;prefv1=Nutriva" class="refinement-btn ">
                    <div class="ct-form-checkbox">
                    <input id="Nutriva" type="checkbox" title="">
                    <label class="ct-form-check-label" for="Nutriva">
                    Nutriva <span class="hit-count">(2)</span>
                    </label>
                    <span class="checkmark"></span>
                    </div>
                    <span class="sr-only selected-assistive-text">
                    Refine by Marcas: Nutriva
                    </span>
                    </button>
                    </li>
                    <li class="refinement-value hide-refinement  ">
                    <button data-href="/on/demandware.store/Sites-continente-Site/default/Search-ShowAjax?cgid=refeicoes-faceis&amp;pmin=0%2e01&amp;prefn1=brand&amp;prefv1=Orient%20Plaza" class="refinement-btn ">
                    <div class="ct-form-checkbox">
                    <input id="Orient Plaza" type="checkbox" title="">
                    <label class="ct-form-check-label" for="Orient Plaza">
                    Orient Plaza <span class="hit-count">(2)</span>
                    </label>
                    <span class="checkmark"></span>
                    </div>
                    <span class="sr-only selected-assistive-text">
                    Refine by Marcas: Orient Plaza
                    </span>
                    </button>
                    </li>
                    <li class="refinement-value hide-refinement  ">
                    <button data-href="/on/demandware.store/Sites-continente-Site/default/Search-ShowAjax?cgid=refeicoes-faceis&amp;pmin=0%2e01&amp;prefn1=brand&amp;prefv1=Pasta%20do%20Dia" class="refinement-btn ">
                    <div class="ct-form-checkbox">
                    <input id="Pasta do Dia" type="checkbox" title="">
                    <label class="ct-form-check-label" for="Pasta do Dia">
                    Pasta do Dia <span class="hit-count">(10)</span>
                    </label>
                    <span class="checkmark"></span>
                    </div>
                    <span class="sr-only selected-assistive-text">
                    Refine by Marcas: Pasta do Dia
                    </span>
                    </button>
                    </li>
                    <li class="refinement-value hide-refinement  ">
                    <button data-href="/on/demandware.store/Sites-continente-Site/default/Search-ShowAjax?cgid=refeicoes-faceis&amp;pmin=0%2e01&amp;prefn1=brand&amp;prefv1=Peixe%20F%c3%a1cil" class="refinement-btn ">
                    <div class="ct-form-checkbox">
                    <input id="Peixe Fácil" type="checkbox" title="">
                    <label class="ct-form-check-label" for="Peixe Fácil">
                    Peixe Fácil <span class="hit-count">(1)</span>
                    </label>
                    <span class="checkmark"></span>
                    </div>
                    <span class="sr-only selected-assistive-text">
                    Refine by Marcas: Peixe Fácil
                    </span>
                    </button>
                    </li>
                    <li class="refinement-value hide-refinement  ">
                    <button data-href="/on/demandware.store/Sites-continente-Site/default/Search-ShowAjax?cgid=refeicoes-faceis&amp;pmin=0%2e01&amp;prefn1=brand&amp;prefv1=Pescanova" class="refinement-btn ">
                    <div class="ct-form-checkbox">
                    <input id="Pescanova" type="checkbox" title="">
                    <label class="ct-form-check-label" for="Pescanova">
                    Pescanova <span class="hit-count">(1)</span>
                    </label>
                    <span class="checkmark"></span>
                    </div>
                    <span class="sr-only selected-assistive-text">
                    Refine by Marcas: Pescanova
                    </span>
                    </button>
                    </li>
                    <li class="refinement-value hide-refinement  ">
                    <button data-href="/on/demandware.store/Sites-continente-Site/default/Search-ShowAjax?cgid=refeicoes-faceis&amp;pmin=0%2e01&amp;prefn1=brand&amp;prefv1=Philadelphia" class="refinement-btn ">
                    <div class="ct-form-checkbox">
                    <input id="Philadelphia" type="checkbox" title="">
                    <label class="ct-form-check-label" for="Philadelphia">
                    Philadelphia <span class="hit-count">(2)</span>
                    </label>
                    <span class="checkmark"></span>
                    </div>
                    <span class="sr-only selected-assistive-text">
                    Refine by Marcas: Philadelphia
                    </span>
                    </button>
                    </li>
                    <li class="refinement-value hide-refinement  ">
                    <button data-href="/on/demandware.store/Sites-continente-Site/default/Search-ShowAjax?cgid=refeicoes-faceis&amp;pmin=0%2e01&amp;prefn1=brand&amp;prefv1=Pom%27Bel" class="refinement-btn ">
                    <div class="ct-form-checkbox">
                    <input id="Pom'Bel" type="checkbox" title="">
                    <label class="ct-form-check-label" for="Pom'Bel">
                    Pom'Bel <span class="hit-count">(1)</span>
                    </label>
                    <span class="checkmark"></span>
                     </div>
                    <span class="sr-only selected-assistive-text">
                    Refine by Marcas: Pom'Bel
                    </span>
                    </button>
                    </li>
                    <li class="refinement-value hide-refinement  ">
                    <button data-href="/on/demandware.store/Sites-continente-Site/default/Search-ShowAjax?cgid=refeicoes-faceis&amp;pmin=0%2e01&amp;prefn1=brand&amp;prefv1=Prime%20Meat" class="refinement-btn ">
                    <div class="ct-form-checkbox">
                    <input id="Prime Meat" type="checkbox" title="">
                    <label class="ct-form-check-label" for="Prime Meat">
                    Prime Meat <span class="hit-count">(1)</span>
                    </label>
                    <span class="checkmark"></span>
                    </div>
                    <span class="sr-only selected-assistive-text">
                    Refine by Marcas: Prime Meat
                    </span>
                    </button>
                    </li>
                    <li class="refinement-value hide-refinement  ">
                    <button data-href="/on/demandware.store/Sites-continente-Site/default/Search-ShowAjax?cgid=refeicoes-faceis&amp;pmin=0%2e01&amp;prefn1=brand&amp;prefv1=Quinta%20da%20Marinha" class="refinement-btn ">
                    <div class="ct-form-checkbox">
                    <input id="Quinta da Marinha" type="checkbox" title="">
                    <label class="ct-form-check-label" for="Quinta da Marinha">
                    Quinta da Marinha <span class="hit-count">(2)</span>
                    </label>
                    <span class="checkmark"></span>
                    </div>
                    <span class="sr-only selected-assistive-text">
                    Refine by Marcas: Quinta da Marinha
                    </span>
                    </button>
                    </li>
                    <li class="refinement-value hide-refinement  ">
                    <button data-href="/on/demandware.store/Sites-continente-Site/default/Search-ShowAjax?cgid=refeicoes-faceis&amp;pmin=0%2e01&amp;prefn1=brand&amp;prefv1=Rana" class="refinement-btn ">
                    <div class="ct-form-checkbox">
                    <input id="Rana" type="checkbox" title="">
                    <label class="ct-form-check-label" for="Rana">
                    Rana <span class="hit-count">(27)</span>
                    </label>
                    <span class="checkmark"></span>
                    </div>
                    <span class="sr-only selected-assistive-text">
                    Refine by Marcas: Rana
                    </span>
                    </button>
                    </li>
                    <li class="refinement-value hide-refinement  ">
                    <button data-href="/on/demandware.store/Sites-continente-Site/default/Search-ShowAjax?cgid=refeicoes-faceis&amp;pmin=0%2e01&amp;prefn1=brand&amp;prefv1=Receitas%20D%c2%b4Av%c3%b3" class="refinement-btn ">
                    <div class="ct-form-checkbox">
                    <input id="Receitas D´Avó" type="checkbox" title="">
                    <label class="ct-form-check-label" for="Receitas D´Avó">
                    Receitas D´Avó <span class="hit-count">(1)</span>
                    </label>
                    <span class="checkmark"></span>
                    </div>
                    <span class="sr-only selected-assistive-text">
                    Refine by Marcas: Receitas D´Avó
                    </span>
                    </button>
                    </li>
                    <li class="refinement-value hide-refinement  ">
                    <button data-href="/on/demandware.store/Sites-continente-Site/default/Search-ShowAjax?cgid=refeicoes-faceis&amp;pmin=0%2e01&amp;prefn1=brand&amp;prefv1=Reina" class="refinement-btn ">
                    <div class="ct-form-checkbox">
                    <input id="Reina" type="checkbox" title="">
                    <label class="ct-form-check-label" for="Reina">
                    Reina <span class="hit-count">(3)</span>
                    </label>
                    <span class="checkmark"></span>
                    </div>
                    <span class="sr-only selected-assistive-text">
                    Refine by Marcas: Reina
                    </span>
                    </button>
                    </li>
                    <li class="refinement-value hide-refinement  ">
                    <button data-href="/on/demandware.store/Sites-continente-Site/default/Search-ShowAjax?cgid=refeicoes-faceis&amp;pmin=0%2e01&amp;prefn1=brand&amp;prefv1=Revolugreen" class="refinement-btn ">
                    <div class="ct-form-checkbox">
                    <input id="Revolugreen" type="checkbox" title="">
                    <label class="ct-form-check-label" for="Revolugreen">
                    Revolugreen <span class="hit-count">(5)</span>
                    </label>
                    <span class="checkmark"></span>
                    </div>
                    <span class="sr-only selected-assistive-text">
                    Refine by Marcas: Revolugreen
                    </span>
                    </button>
                    </li>
                    <li class="refinement-value hide-refinement  ">
                    <button data-href="/on/demandware.store/Sites-continente-Site/default/Search-ShowAjax?cgid=refeicoes-faceis&amp;pmin=0%2e01&amp;prefn1=brand&amp;prefv1=Riberalves" class="refinement-btn ">
                    <div class="ct-form-checkbox">
                    <input id="Riberalves" type="checkbox" title="">
                    <label class="ct-form-check-label" for="Riberalves">
                    Riberalves <span class="hit-count">(3)</span>
                    </label>
                    <span class="checkmark"></span>
                    </div>
                    <span class="sr-only selected-assistive-text">
                    Refine by Marcas: Riberalves
                    </span>
                    </button>
                    </li>
                    <li class="refinement-value hide-refinement  ">
                    <button data-href="/on/demandware.store/Sites-continente-Site/default/Search-ShowAjax?cgid=refeicoes-faceis&amp;pmin=0%2e01&amp;prefn1=brand&amp;prefv1=Ristorante" class="refinement-btn ">
                    <div class="ct-form-checkbox">
                    <input id="Ristorante" type="checkbox" title="">
                    <label class="ct-form-check-label" for="Ristorante">
                    Ristorante <span class="hit-count">(17)</span>
                    </label>
                    <span class="checkmark"></span>
                    </div>
                    <span class="sr-only selected-assistive-text">
                    Refine by Marcas: Ristorante
                    </span>
                    </button>
                    </li>
                    <li class="refinement-value hide-refinement  ">
                    <button data-href="/on/demandware.store/Sites-continente-Site/default/Search-ShowAjax?cgid=refeicoes-faceis&amp;pmin=0%2e01&amp;prefn1=brand&amp;prefv1=Seara" class="refinement-btn ">
                    <div class="ct-form-checkbox">
                    <input id="Seara" type="checkbox" title="">
                    <label class="ct-form-check-label" for="Seara">
                    Seara <span class="hit-count">(6)</span>
                    </label>
                    <span class="checkmark"></span>
                    </div>
                    <span class="sr-only selected-assistive-text">
                    Refine by Marcas: Seara
                    </span>
                    </button>
                    </li>
                    <li class="refinement-value hide-refinement  ">
                    <button data-href="/on/demandware.store/Sites-continente-Site/default/Search-ShowAjax?cgid=refeicoes-faceis&amp;pmin=0%2e01&amp;prefn1=brand&amp;prefv1=Snock" class="refinement-btn ">
                    <div class="ct-form-checkbox">
                    <input id="Snock" type="checkbox" title="">
                    <label class="ct-form-check-label" for="Snock">
                    Snock <span class="hit-count">(2)</span>
                    </label>
                    <span class="checkmark"></span>
                    </div>
                    <span class="sr-only selected-assistive-text">
                    Refine by Marcas: Snock
                    </span>
                    </button>
                    </li>
                    <li class="refinement-value hide-refinement  ">
                    <button data-href="/on/demandware.store/Sites-continente-Site/default/Search-ShowAjax?cgid=refeicoes-faceis&amp;pmin=0%2e01&amp;prefn1=brand&amp;prefv1=Sojasun" class="refinement-btn ">
                    <div class="ct-form-checkbox">
                    <input id="Sojasun" type="checkbox" title="">
                    <label class="ct-form-check-label" for="Sojasun">
                    Sojasun <span class="hit-count">(5)</span>
                    </label>
                    <span class="checkmark"></span>
                    </div>
                    <span class="sr-only selected-assistive-text">
                    Refine by Marcas: Sojasun
                    </span>
                    </button>
                    </li>
                    <li class="refinement-value hide-refinement  ">
                    <button data-href="/on/demandware.store/Sites-continente-Site/default/Search-ShowAjax?cgid=refeicoes-faceis&amp;pmin=0%2e01&amp;prefn1=brand&amp;prefv1=Solara" class="refinement-btn ">
                    <div class="ct-form-checkbox">
                    <input id="Solara" type="checkbox" title="">
                    <label class="ct-form-check-label" for="Solara">
                    Solara <span class="hit-count">(2)</span>
                    </label>
                    <span class="checkmark"></span>
                    </div>
                    <span class="sr-only selected-assistive-text">
                    Refine by Marcas: Solara
                    </span>
                    </button>
                    </li>
                    <li class="refinement-value hide-refinement  ">
                    <button data-href="/on/demandware.store/Sites-continente-Site/default/Search-ShowAjax?cgid=refeicoes-faceis&amp;pmin=0%2e01&amp;prefn1=brand&amp;prefv1=Sonatural" class="refinement-btn ">
                    <div class="ct-form-checkbox">
                    <input id="Sonatural" type="checkbox" title="">
                    <label class="ct-form-check-label" for="Sonatural">
                    Sonatural <span class="hit-count">(4)</span>
                    </label>
                    <span class="checkmark"></span>
                    </div>
                    <span class="sr-only selected-assistive-text">
                    Refine by Marcas: Sonatural
                    </span>
                    </button>
                    </li>
                    <li class="refinement-value hide-refinement  ">
                    <button data-href="/on/demandware.store/Sites-continente-Site/default/Search-ShowAjax?cgid=refeicoes-faceis&amp;pmin=0%2e01&amp;prefn1=brand&amp;prefv1=Sun%26Vegs" class="refinement-btn ">
                    <div class="ct-form-checkbox">
                    <input id="Sun&amp;Vegs" type="checkbox" title="">
                    <label class="ct-form-check-label" for="Sun&amp;Vegs">
                    Sun&amp;Vegs <span class="hit-count">(8)</span>
                    </label>
                    <span class="checkmark"></span>
                    </div>
                    <span class="sr-only selected-assistive-text">
                    Refine by Marcas: Sun&amp;Vegs
                    </span>
                    </button>
                    </li>
                    <li class="refinement-value hide-refinement  ">
                    <button data-href="/on/demandware.store/Sites-continente-Site/default/Search-ShowAjax?cgid=refeicoes-faceis&amp;pmin=0%2e01&amp;prefn1=brand&amp;prefv1=Taifun" class="refinement-btn ">
                    <div class="ct-form-checkbox">
                    <input id="Taifun" type="checkbox" title="">
                    <label class="ct-form-check-label" for="Taifun">
                    Taifun <span class="hit-count">(6)</span>
                    </label>
                    <span class="checkmark"></span>
                    </div>
                    <span class="sr-only selected-assistive-text">
                    Refine by Marcas: Taifun
                    </span>
                    </button>
                    </li>
                    <li class="refinement-value hide-refinement  ">
                    <button data-href="/on/demandware.store/Sites-continente-Site/default/Search-ShowAjax?cgid=refeicoes-faceis&amp;pmin=0%2e01&amp;prefn1=brand&amp;prefv1=Ta%20-%20Tung" class="refinement-btn ">
                    <div class="ct-form-checkbox">
                    <input id="Ta - Tung" type="checkbox" title="">
                    <label class="ct-form-check-label" for="Ta - Tung">
                    Ta - Tung <span class="hit-count">(3)</span>
                    </label>
                    <span class="checkmark"></span>
                    </div>
                    <span class="sr-only selected-assistive-text">
                    Refine by Marcas: Ta - Tung
                    </span>
                    </button>
                    </li>
                    <li class="refinement-value hide-refinement  ">
                    <button data-href="/on/demandware.store/Sites-continente-Site/default/Search-ShowAjax?cgid=refeicoes-faceis&amp;pmin=0%2e01&amp;prefn1=brand&amp;prefv1=The%20Good%20Baker" class="refinement-btn ">
                    <div class="ct-form-checkbox">
                    <input id="The Good Baker" type="checkbox" title="">
                    <label class="ct-form-check-label" for="The Good Baker">
                    The Good Baker <span class="hit-count">(3)</span>
                    </label>
                    <span class="checkmark"></span>
                    </div>
                    <span class="sr-only selected-assistive-text">
                    Refine by Marcas: The Good Baker
                    </span>
                    </button>
                    </li>
                    <li class="refinement-value hide-refinement  ">
                    <button data-href="/on/demandware.store/Sites-continente-Site/default/Search-ShowAjax?cgid=refeicoes-faceis&amp;pmin=0%2e01&amp;prefn1=brand&amp;prefv1=The%20Vegetarian%20Butcher" class="refinement-btn ">
                    <div class="ct-form-checkbox">
                    <input id="The Vegetarian Butcher" type="checkbox" title="">
                    <label class="ct-form-check-label" for="The Vegetarian Butcher">
                    The Vegetarian Butcher <span class="hit-count">(3)</span>
                    </label>
                    <span class="checkmark"></span>
                    </div>
                    <span class="sr-only selected-assistive-text">
                    Refine by Marcas: The Vegetarian Butcher
                    </span>
                    </button>
                    </li>
                    <li class="refinement-value hide-refinement  ">
                    <button data-href="/on/demandware.store/Sites-continente-Site/default/Search-ShowAjax?cgid=refeicoes-faceis&amp;pmin=0%2e01&amp;prefn1=brand&amp;prefv1=Tradizionale" class="refinement-btn ">
                    <div class="ct-form-checkbox">
                    <input id="Tradizionale" type="checkbox" title="">
                    <label class="ct-form-check-label" for="Tradizionale">
                    Tradizionale <span class="hit-count">(3)</span>
                    </label>
                    <span class="checkmark"></span>
                    </div>
                    <span class="sr-only selected-assistive-text">
                    Refine by Marcas: Tradizionale
                    </span>
                    </button>
                    </li>
                    <li class="refinement-value hide-refinement  ">
                    <button data-href="/on/demandware.store/Sites-continente-Site/default/Search-ShowAjax?cgid=refeicoes-faceis&amp;pmin=0%2e01&amp;prefn1=brand&amp;prefv1=Trigal" class="refinement-btn ">
                    <div class="ct-form-checkbox">
                    <input id="Trigal" type="checkbox" title="">
                    <label class="ct-form-check-label" for="Trigal">
                    Trigal <span class="hit-count">(1)</span>
                    </label>
                    <span class="checkmark"></span>
                    </div>
                    <span class="sr-only selected-assistive-text">
                    Refine by Marcas: Trigal
                    </span>
                    </button>
                    </li>
                    <li class="refinement-value hide-refinement  ">
                    <button data-href="/on/demandware.store/Sites-continente-Site/default/Search-ShowAjax?cgid=refeicoes-faceis&amp;pmin=0%2e01&amp;prefn1=brand&amp;prefv1=Unileit%c3%a3o" class="refinement-btn ">
                    <div class="ct-form-checkbox">
                    <input id="Unileitão" type="checkbox" title="">
                    <label class="ct-form-check-label" for="Unileitão">
                    Unileitão <span class="hit-count">(1)</span>
                    </label>
                    <span class="checkmark"></span>
                    </div>
                    <span class="sr-only selected-assistive-text">
                    Refine by Marcas: Unileitão
                    </span>
                    </button>
                    </li>
                    <li class="refinement-value hide-refinement  ">
                    <button data-href="/on/demandware.store/Sites-continente-Site/default/Search-ShowAjax?cgid=refeicoes-faceis&amp;pmin=0%2e01&amp;prefn1=brand&amp;prefv1=Veggis" class="refinement-btn ">
                    <div class="ct-form-checkbox">
                    <input id="Veggis" type="checkbox" title="">
                    <label class="ct-form-check-label" for="Veggis">
                    Veggis <span class="hit-count">(2)</span>
                    </label>
                    <span class="checkmark"></span>
                    </div>
                    <span class="sr-only selected-assistive-text">
                    Refine by Marcas: Veggis
                    </span>
                    </button>
                    </li>
                    <li class="refinement-value hide-refinement  ">
                    <button data-href="/on/demandware.store/Sites-continente-Site/default/Search-ShowAjax?cgid=refeicoes-faceis&amp;pmin=0%2e01&amp;prefn1=brand&amp;prefv1=Veg%20In" class="refinement-btn ">
                    <div class="ct-form-checkbox">
                    <input id="Veg In" type="checkbox" title="">
                    <label class="ct-form-check-label" for="Veg In">
                    Veg In <span class="hit-count">(8)</span>
                    </label>
                    <span class="checkmark"></span>
                    </div>
                    <span class="sr-only selected-assistive-text">
                    Refine by Marcas: Veg In
                    </span>
                    </button>
                    </li>
                    <li class="refinement-value hide-refinement  ">
                    <button data-href="/on/demandware.store/Sites-continente-Site/default/Search-ShowAjax?cgid=refeicoes-faceis&amp;pmin=0%2e01&amp;prefn1=brand&amp;prefv1=Vitacress" class="refinement-btn ">
                    <div class="ct-form-checkbox">
                    <input id="Vitacress" type="checkbox" title="">
                    <label class="ct-form-check-label" for="Vitacress">
                    Vitacress <span class="hit-count">(10)</span>
                    </label>
                    <span class="checkmark"></span>
                    </div>
                    <span class="sr-only selected-assistive-text">
                    Refine by Marcas: Vitacress
                    </span>
                    </button>
                    </li>
                    <li class="refinement-value hide-refinement  ">
                    <button data-href="/on/demandware.store/Sites-continente-Site/default/Search-ShowAjax?cgid=refeicoes-faceis&amp;pmin=0%2e01&amp;prefn1=brand&amp;prefv1=Vivera" class="refinement-btn ">
                    <div class="ct-form-checkbox">
                    <input id="Vivera" type="checkbox" title="">
                    <label class="ct-form-check-label" for="Vivera">
                    Vivera <span class="hit-count">(3)</span>
                    </label>
                    <span class="checkmark"></span>
                    </div>
                    <span class="sr-only selected-assistive-text">
                    Refine by Marcas: Vivera
                    </span>
                    </button>
                    </li>
                    <li class="refinement-value hide-refinement  ">
                    <button data-href="/on/demandware.store/Sites-continente-Site/default/Search-ShowAjax?cgid=refeicoes-faceis&amp;pmin=0%2e01&amp;prefn1=brand&amp;prefv1=Wissi" class="refinement-btn ">
                    <div class="ct-form-checkbox">
                    <input id="Wissi" type="checkbox" title="">
                    <label class="ct-form-check-label" for="Wissi">
                    Wissi <span class="hit-count">(2)</span>
                    </label>
                    <span class="checkmark"></span>
                    </div>
                    <span class="sr-only selected-assistive-text">
                    Refine by Marcas: Wissi
                    </span>
                    </button>
                    </li>
                    <li class="col-12 refinement-value refinement-link">
                    <a class="ct-anchor refinement-show-more" href="#">
                    Ver mais
                    </a>
                    </li>
                    <li class="col-12 refinement-value refinement-link">
                    <a class="ct-anchor refinement-show-less hide-refinement" href="#">
                    Ver menos
                    </a>
                    </li>
                    </ul>
                    </div>
                    </div>
                    <div class="collapsible-lg ct-border--radius active refinement refinement-ispromo" data-refinement-type="isPromo">
                    <div class="col-sm-12">
                    <button class="title refinement-title text-left btn-block ct-font--opensans-bold d-flex justify-content-between" aria-controls="refinement-poupança" aria-expanded="false">
                     <span class="refinement-title-text">
                    Poupança
                    </span>
                    <span class="refinement-closed">
                    <span class="svg-wrapper svg-icon-arrow-down" style="width:15px; height:15px">
                    <svg class="svg-inline icon-arrow-down" xmlns="http://www.w3.org/2000/svg" viewBox="0 0 12 13" width="100%" height="100%"><path fill="#EB0203" fill-rule="evenodd" d="M5.406 9.174l-5.16-5.16a.84.84 0 111.189-1.188L6 7.39l4.565-4.565a.84.84 0 011.189 1.188l-5.16 5.16a.837.837 0 01-1.188 0z"></path></svg>
                    </span>
                    </span>
                    <span class="refinement-opened">
                    <span class="svg-wrapper svg-icon-arrow-up" style="width:auto; height:auto">
                    <svg class="svg-inline icon-arrow-up" xmlns="http://www.w3.org/2000/svg" viewBox="0 0 15 9" width="15" height="9"><path fill="#EB0203" fill-rule="evenodd" d="M6.757.532l-6.45 6.45a1.05 1.05 0 1 0 1.486 1.486L7.5 2.76l5.707 5.707a1.05 1.05 0 0 0 1.485-1.486L8.242.532a1.047 1.047 0 0 0-1.485 0z"></path></svg>
                    </span>
                    </span>
                    </button>
                    </div>
                    <div class="content value refinement-content " id="refinement-poupança">
                    <ul class="values content row">
                    <li class="refinement-value-block col-sm-6 col-md-12">
                    <ul>
                    <li class="refinement-value   ">
                    <button data-href="/on/demandware.store/Sites-continente-Site/default/Search-ShowAjax?cgid=refeicoes-faceis&amp;pmin=0%2e01&amp;prefn1=isPromo&amp;prefv1=true" class="refinement-btn ">
                    <div class="ct-form-checkbox">
                    <input id="Com Desconto/Poupança" type="checkbox" title="">
                    <label class="ct-form-check-label" for="Com Desconto/Poupança">
                    Com Desconto/Poupança
                    </label>
                    <span class="checkmark"></span>
                    </div>
                    <span class="sr-only selected-assistive-text">
                    Refine by Poupança: Com Desconto/Poupança
                    </span>
                    </button>
                    </li>
                    </ul>
                    </li>
                    </ul>
                    </div>
                    </div>
                    <div class="collapsible-lg ct-border--radius active refinement refinement-price" data-refinement-type="price">
                    <div class="col-sm-12">
                    <button class="title refinement-title text-left btn-block ct-font--opensans-bold d-flex justify-content-between" aria-controls="refinement-preço" aria-expanded="false">
                    <span class="refinement-title-text">
                    Preço
                    </span>
                    <span class="refinement-closed">
                    <span class="svg-wrapper svg-icon-arrow-down" style="width:15px; height:15px">
                    <svg class="svg-inline icon-arrow-down" xmlns="http://www.w3.org/2000/svg" viewBox="0 0 12 13" width="100%" height="100%"><path fill="#EB0203" fill-rule="evenodd" d="M5.406 9.174l-5.16-5.16a.84.84 0 111.189-1.188L6 7.39l4.565-4.565a.84.84 0 011.189 1.188l-5.16 5.16a.837.837 0 01-1.188 0z"></path></svg>
                    </span>
                    </span>
                    <span class="refinement-opened">
                    <span class="svg-wrapper svg-icon-arrow-up" style="width:auto; height:auto">
                    <svg class="svg-inline icon-arrow-up" xmlns="http://www.w3.org/2000/svg" viewBox="0 0 15 9" width="15" height="9"><path fill="#EB0203" fill-rule="evenodd" d="M6.757.532l-6.45 6.45a1.05 1.05 0 1 0 1.486 1.486L7.5 2.76l5.707 5.707a1.05 1.05 0 0 0 1.485-1.486L8.242.532a1.047 1.047 0 0 0-1.485 0z"></path></svg>
                    </span>
                    </span>
                    </button>
                    </div>
                    <div class="content value refinement-content " id="refinement-preço">
                    <ul class="values content row">
                    <li class="refinement-value-block col-sm-6 col-md-12">
                    <ul>
                    <li class="refinement-value ">
                    <button class="refinement-btn" data-href="/on/demandware.store/Sites-continente-Site/default/Search-ShowAjax?cgid=refeicoes-faceis&amp;pmin=0%2e00&amp;pmax=2%2e00">
                    <div class="ct-form-radio ct-form-radio--secondary">
                    <input id="€0 - €1.99" type="radio" title="">
                    <label class="ct-form-check-label" for="€0 - €1.99">
                    €0 - €1.99
                    </label>
                    <span class="checkmark"></span>
                    </div>
                    <span class="sr-only selected-assistive-text">
                    Refine by Preço: €0 - €1.99
                    </span>
                    </button>
                    </li>
                    <li class="refinement-value ">
                    <button class="refinement-btn" data-href="/on/demandware.store/Sites-continente-Site/default/Search-ShowAjax?cgid=refeicoes-faceis&amp;pmin=2%2e00&amp;pmax=4%2e00">
                    <div class="ct-form-radio ct-form-radio--secondary">
                    <input id="€2 - €3.99" type="radio" title="">
                    <label class="ct-form-check-label" for="€2 - €3.99">
                    €2 - €3.99
                    </label>
                    <span class="checkmark"></span>
                    </div>
                    <span class="sr-only selected-assistive-text">
                    Refine by Preço: €2 - €3.99
                    </span>
                    </button>
                    </li>
                    <li class="refinement-value ">
                    <button class="refinement-btn" data-href="/on/demandware.store/Sites-continente-Site/default/Search-ShowAjax?cgid=refeicoes-faceis&amp;pmin=4%2e00&amp;pmax=6%2e00">
                    <div class="ct-form-radio ct-form-radio--secondary">
                    <input id="€4 - €5.99" type="radio" title="">
                    <label class="ct-form-check-label" for="€4 - €5.99">
                    €4 - €5.99
                    </label>
                    <span class="checkmark"></span>
                    </div>
                    <span class="sr-only selected-assistive-text">
                    Refine by Preço: €4 - €5.99
                    </span>
                    </button>
                    </li>
                    <li class="refinement-value ">
                    <button class="refinement-btn" data-href="/on/demandware.store/Sites-continente-Site/default/Search-ShowAjax?cgid=refeicoes-faceis&amp;pmin=6%2e00&amp;pmax=100%2e00">
                    <div class="ct-form-radio ct-form-radio--secondary">
                    <input id="+ €6" type="radio" title="">
                    <label class="ct-form-check-label" for="+ €6">
                    + €6
                    </label>
                    <span class="checkmark"></span>
                    </div>
                    <span class="sr-only selected-assistive-text">
                    Refine by Preço: + €6
                    </span>
                    </button>
                    </li>
                    </ul>
                    </li>
                    </ul>
                    </div>
                    </div>
                    </div>
                    </div>
                    <div class="search-results-left-advertising-banner d-none d-md-block custom-advertising-pushed">
                    <div id="col-search-left-advertising-banners">
                    <div class="ad-content ct-mb--30 d-none" data-gtm-banner-prefix="category" style="">
                    <div id="ad-clp-filter-first" class="gpt-contents text-center" data-unitpath="/21868577187/OSF_CPL_SideFirst_TakeAway" data-size="[[200, 200],[[[1024,540],[200,200]],[[768,500],[200,200]],[[320,240],[200,200]]]]" data-google-query-id="CMmn89bh_foCFShCHQkdKUMLMw">
                    <div id="google_ads_iframe_/21868577187/OSF_CPL_SideFirst_TakeAway_0__container__" style="border: 0pt none; width: 200px; height: 0px;"></div></div>
                    </div>
                    <div class="ad-content d-none" data-gtm-banner-prefix="category" style="">
                    <div id="ad-clp-filter-second" class="gpt-contents text-center" data-unitpath="/21868577187/OSF_CPL_SideSecond_TakeAway" data-size="[[200, 200],[[[1024, 540],[200,200]],[[768,500],[200,200]],[[320,240],[200,200]]]]" data-google-query-id="CPGA89bh_foCFUPCGwodgcYDpQ">
                    <div id="google_ads_iframe_/21868577187/OSF_CPL_SideSecond_TakeAway_0__container__" style="border: 0pt none; width: 200px; height: 0px;"></div></div>
                    </div>
                    </div>
                    </div>
                    </div>
                    <div class="results-section">

                    <div class="row product-grid-header ct-border--radius mx-0">
                    <div class="col-6 col-sm-auto product-grid-filter-btn text-right d-md-none">
                    <button type="button" class="btn pull-left text-left filter-results col-12 pl-0">
                    <span class="ct-font--opensans-bold">
                    Filtrar
                    </span>
                    <span class="symbol-colon">
                    :
                    </span>
                    <span class="svg-wrapper svg-icon-filter" style="width:17px; height:16px">
                    <svg class="svg-inline icon-filter" xmlns="http://www.w3.org/2000/svg" width="100%" height="100%" viewBox="0 0 17 16"><g fill="none" fill-rule="evenodd"><rect width="17" height="1" y="2" fill="#EB0203" rx=".5"></rect><rect width="17" height="1" y="8" fill="#EB0203" rx=".5"></rect><rect width="17" height="1" y="14" fill="#EB0203" rx=".5"></rect><path fill="#FFF" fill-rule="nonzero" stroke="#EB0203" d="M3.5 14.5a.997.997 0 0 1 1.707-.707.997.997 0 0 1 0 1.414.997.997 0 0 1-1.414 0A.997.997 0 0 1 3.5 14.5zM3.5 2.5a.997.997 0 0 1 1.707-.707.997.997 0 0 1 0 1.414.997.997 0 0 1-1.414 0A.997.997 0 0 1 3.5 2.5zM10.5 8.5a.997.997 0 0 1 1.707-.707.997.997 0 0 1 0 1.414.997.997 0 0 1-1.414 0A.997.997 0 0 1 10.5 8.5z"></path></g></svg>
                    </span>
                    <div class="filters-count-wrapper d-none justify-content-center align-items-center">
                    <span class="filters-count"></span>
                    </div>
                    </button>
                    </div>
                    <div class="col-12 col-sm-auto col-md-8 product-grid-applied-filters d-none d-sm-flex align-items-center">
                    <div class="filter-bar">
                    </div>
                    </div>
                    <div class="overflow-filters-reset d-none d-sm-flex align-items-center ml-auto">
                    </div>
                    <div class="col-6 col-sm-3 col-md-4 product-grid-sort">
                    <div class="ct-select-wrapper">
                    <label class="visually-hidden--sm-down" for="sort-order">Ordenar por</label>
                    <select name="sort-order" id="sort-order" class="ct-custom-select" aria-label="Sort By">
                    <option class="search-relevance" value="https://www.continente.pt/on/demandware.store/Sites-continente-Site/default/Search-UpdateGrid?cgid=refeicoes-faceis&amp;pmin=0.01&amp;srule=Continente&amp;start=0&amp;sz=36" data-id="search-relevance">
                    Relevância
                    </option>
                    <option class="price-low-to-high" value="https://www.continente.pt/on/demandware.store/Sites-continente-Site/default/Search-UpdateGrid?cgid=refeicoes-faceis&amp;pmin=0.01&amp;srule=price-low-to-high&amp;start=0&amp;sz=36" data-id="price-low-to-high">
                    Preço (menor)
                    </option>
                    <option class="price-high-to-low" value="https://www.continente.pt/on/demandware.store/Sites-continente-Site/default/Search-UpdateGrid?cgid=refeicoes-faceis&amp;pmin=0.01&amp;srule=price-high-to-low&amp;start=0&amp;sz=36" data-id="price-high-to-low">
                    Preço (maior)
                    </option>
                    <option class="price-per-capacity" value="https://www.continente.pt/on/demandware.store/Sites-continente-Site/default/Search-UpdateGrid?cgid=refeicoes-faceis&amp;pmin=0.01&amp;srule=price-per-capacity&amp;start=0&amp;sz=36" data-id="price-per-capacity">
                    Preço/capacidade
                    </option>
                    <option class="product-name-ascending" value="https://www.continente.pt/on/demandware.store/Sites-continente-Site/default/Search-UpdateGrid?cgid=refeicoes-faceis&amp;pmin=0.01&amp;srule=product-name-ascending&amp;start=0&amp;sz=36" data-id="product-name-ascending">
                    Nome (A a Z)
                    </option>
                    <option class="product-name-descending" value="https://www.continente.pt/on/demandware.store/Sites-continente-Site/default/Search-UpdateGrid?cgid=refeicoes-faceis&amp;pmin=0.01&amp;srule=product-name-descending&amp;start=0&amp;sz=36" data-id="product-name-descending">
                    Nome (Z a A)
                    </option>
                    </select>
                    <i aria-hidden="true" class="search-arrow">
                    <span class="svg-wrapper svg-icon-arrow-down" style="width:12px; height:13px">
                    <svg class="svg-inline icon-arrow-down" xmlns="http://www.w3.org/2000/svg" viewBox="0 0 12 13" width="100%" height="100%"><path fill="#EB0203" fill-rule="evenodd" d="M5.406 9.174l-5.16-5.16a.84.84 0 111.189-1.188L6 7.39l4.565-4.565a.84.84 0 011.189 1.188l-5.16 5.16a.837.837 0 01-1.188 0z"></path></svg>
                    </span>
                    </i>
                    </div>
                    </div>
                    <div class="col-12 js-product-filter-no-results product-filter-no-results--wrapper text-center d-none">
                    <div class="search-no-results--icon d-flex justify-content-center ct-mb--15">
                    <span class="svg-wrapper svg-icon-computer" style="width:auto; height:auto">
                    <svg class="svg-inline icon-computer" xmlns="http://www.w3.org/2000/svg" viewBox="0 0 60 40" width="60" height="40"><path d="M28.905 1.7v.011c1.946 0 4.215-.056 5.906.318l1.073.045c1.095.242 2.317.208 3.375.45 1.125.256 2.25.207 3.311.45l2.91.226c.791.177 1.706.075 2.55.272 1.305.302 2.782.404 4.024.718 1.391.355 2.756.468 4.125.812.648.166 1.406.049 1.968.317.563.268 1.17 1.201 1.61 1.666.04.827-.44 1.458-.75 2.074-.244.469-.376.94-.582 1.443-.206.503-.57 1.134-.806 1.666-.428.986-.78 1.89-1.208 2.841-.217.484-.592.948-.806 1.443-.72 1.655-1.335 3.332-2.059 5.002-.724 1.67-1.642 3.32-2.059 5.228-.547.378-.705.378-1.432.269a.616.616 0 00-.041.181c.08.643.093 1.292.041 1.938a.479.479 0 01-.266.317c-.375.246-.934.25-1.388.405-1.001.34-2.145.664-3.131 1.035-.375.14-.724.166-1.073.317-4.66 1.98-9.367 3.921-14.306 5.587-1.125.378-2.336.82-3.401 1.262-.409.17-.799.189-1.207.378-.334.14-1.47.755-1.924.63-1.26-.347-2.584-1.28-3.75-1.801-2.329-1.04-4.5-2.21-6.848-3.245-.693-.31-1.406-.756-2.1-1.085a134.322 134.322 0 01-7.563-3.649c-.6-.325-1.212-.6-1.797-.888-.281-.132-.607-.189-.716-.495-.255-.37-.255-1.934-.131-2.417 1.961-1.058 4.44-1.53 6.618-2.346.477-.178.92-.185 1.388-.36 1.999-.755 4.166-1.235 6.262-1.937.672-.223 1.422-.491 2.104-.722l1.298-.313c.862-.291 1.826-.635 2.73-.858a3.6 3.6 0 01.446-.948c.375-.861.716-1.753 1.076-2.569.24-.552.375-1.058.627-1.62.206-.48.547-.964.75-1.444.877-1.994 1.95-3.876 2.82-5.86.375-.842.75-1.669 1.125-2.477.375-.896.55-1.625 1.207-2.267zm-7.62 18.058l.015.026-.163.101c-.46.24-1.11.269-1.626.443-.971.321-2.021.556-3.041.9-3.375 1.133-6.896 2.126-10.245 3.244-1.234.412-2.449.703-3.581 1.172-.559.234-1.268.113-1.253.948.078.247.138.5.18.755 1.125.491 2.25 1.168 3.375 1.666 4.185 1.89 8.157 4.046 12.345 5.905 1.466.65 2.888 1.454 4.388 2.12.581.256 1.2.789 1.875.898.401-.29 1.05-.34 1.5-.54 1.125-.476 2.31-.88 3.446-1.307.488-.181.956-.204 1.433-.404 2.11-.9 4.342-1.492 6.487-2.388 2.453-1.027 5.021-2.138 7.47-3.158 1.178-.487 2.479-.725 3.667-1.171.413-.155 1.005-.155 1.343-.404.179-.205.083-1.018.052-1.467l-.007-.112-.311-.269-.308-.123c-.84-.29-1.824-.287-2.737-.553-1.38-.378-2.805-.755-4.125-1.17-.536-.178-1.028-.186-1.568-.379-2.97-.974-6.24-1.556-9.259-2.478-.99-.302-1.934-.378-2.91-.676-.635-.196-1.34-.366-2.019-.542l-.665-.18-1.79-.313-.218-.067c-.538-.175-1.255-.46-1.75-.477zM2.242 26.142c.75 0 1.268.491 1.79.756.52.264.97.378 1.477.585.506.208 1.125.609 1.698.854.375.17.882.265 1.163.54 1.073-.442 2.31-.627 3.446-.99.334-.105.923-.43 1.388-.317.665.228 1.309.515 1.923.858.548.242 1.092.378 1.654.63.439.193.904.488 1.343.677.439.189.772.234 1.162.404.326.144.66.4.986.544.578.253 1.04.268 1.028 1.133a.994.994 0 00-.135.378c-.641.302-1.38.62-2.055.903-.28.117-.647.144-.91.293l-.121.085h.045l.217.119c.147.075.299.141.454.198.592.31 1.256.642 1.875.9.232.098.439.082.671.18.233.099.525.307.75.409.225.102.349.053.537.132.187.08.337.283.67.317.327-.276 1.092-.4 1.523-.585.889-.378 1.875-.756 2.771-1.134.376-.155.75-.162 1.126-.317 2.5-1.017 5.143-1.913 7.695-2.907l1.518-.61 1.478-.45.51-.193c.691-.26 1.41-.53 2.04-.796a98.345 98.345 0 014.125-1.625c.375-.14 1.305-.533 1.5 0 .138.174.052.34 0 .54-1.05.578-2.374.797-3.533 1.307-4.305 1.89-9.15 3.325-13.5 5.138-.311.132-.588.144-.896.272-1.339.56-2.801 1.016-4.125 1.58-.413.173-1.549.434-1.793.717-.303.453.02.971-.892.756a1.174 1.174 0 01-.225-.809c-.206-.056-.244-.196-.401-.272-.222-.102-.405-.083-.627-.181-.142-.06-.307-.208-.45-.268-.536-.242-1.08-.352-1.608-.586-.529-.234-1.05-.585-1.568-.812-1.5-.654-2.876-1.198-4.339-1.847a13.701 13.701 0 01-1.477-.813 13.208 13.208 0 00-1.609-.721c-1.125-.506-2.25-1.205-3.401-1.712-1.309-.608-2.685-1.148-3.96-1.824-.259-.136-1.125-.435-1.208-.673-.244-.263-.046-.49.132-.646l.048-.041.09-.076zm10.602 2.524l-3.086.854.018.014c.014.012 0-.005.072.03.374.352 1.477.711 2.013.95.285.124.585.35.851.494.8.438 1.598.756 2.46 1.133.293.129 1.186.722 1.564.631.101-.022.27-.147.375-.177.653-.242 1.283-.378 1.875-.631.296-.125.705-.083.75-.454a8.618 8.618 0 01-1.252-.585c-1.159-.484-2.205-.843-3.357-1.353-.697-.306-1.353-.865-2.283-.906zm9.172-7.934c.512.063 1.01.206 1.478.424 1.211.377 2.392.66 3.532 1.038 1.14.378 2.157.469 3.267.809 1.11.34 2.163.733 3.22 1.084 1.362.45 2.765.684 4.126 1.133 1.155.378 2.227.62 3.375.994.453.151 1.185.14 1.338.586.113.143.068.238.046.45-.54.377-1.186.524-1.876.811-1.147.476-2.32.797-3.577 1.217-1.47.487-2.865 1.092-4.249 1.666-.401.166-.798.208-1.211.378-.855.317-1.624.612-2.505.899-.296.098-.716.377-1.163.272a5.319 5.319 0 01-1.162-.495c-.709-.378-1.418-.62-2.149-.948-.24-.11-.48-.325-.716-.45-1.316-.699-2.711-1.133-4.125-1.76-.48-.208-.953-.51-1.432-.718-1.74-.756-3.578-1.334-5.28-2.074-.698-.306-1.587-.488-2.146-.948a1.075 1.075 0 01-.09-.45c.105-.11.14-.317.267-.404.258-.182.667-.163.986-.272.319-.11.731-.336 1.072-.45.342-.113.642-.113.987-.226a87.26 87.26 0 012.426-.9c1.204-.404 2.445-.63 3.533-1.08.453-.178.916-.328 1.387-.45.194-.056.385-.018.539-.083l.087-.053h.015zm6.45 8.194l-.011.008-.153.095-.206.087c-.287.102-.616.155-.893.271-.319.15-.643.289-.97.415l-.497.18-.502.16v.092l.171.057.11.05c.073.034.143.074.21.12.709.309 1.462.777 2.25.947a2.36 2.36 0 00.892-.226c.578-.216 1.155-.525 1.748-.722.342-.053.674-.16.983-.317-.957-.378-2.055-1.031-3.132-1.217zm3.975-1.431c-.277.207-.682.215-1.027.377-.218.093-.44.179-.663.255l-.338.11-.342.096.045.046.213.117.22.102c.15.063.303.116.46.158.562.246 1.451.779 2.059.9a12.22 12.22 0 011.788-.756c.174-.073.366-.104.536-.162l.16-.07.11-.082-2.013-.676-.189-.102-.194-.088a3.108 3.108 0 00-.405-.135l-.208-.047-.212-.032v-.011zm-8.992-.514v.015l-.206.098-.21.086a3.79 3.79 0 01-.436.133c-.603.25-1.245.499-1.875.756.045.034 0 0 .09.045.31.176.64.311.983.404.525.227 1.054.48 1.612.722.157.102.321.192.492.268.251.064.633-.196.806-.268.566-.234 1.125-.412 1.654-.63.249-.06.488-.152.712-.277-.799-.302-1.567-.566-2.37-.899a3.826 3.826 0 00-1.252-.453zm13.256-.975c-.27.23-1.44.574-1.834.722-.167.06-.387.07-.538.148l-.081.055-.052.065h.09l.152.095.201.089c.353.13.783.185 1.124.315.396.117.78.271 1.148.46.109.076.075.163.225.227.322-.219.75-.215 1.163-.378.412-.162.885-.377 1.297-.54.229-.087.495-.083.671-.226-.502-.19-.997-.272-1.522-.45a8.908 8.908 0 00-2.044-.582zm-9.724-.415v.011l-.171.113-.234.12c-.312.14-.691.26-1.038.373l-.332.113-.235.09v.033l.261.071.256.085c.254.092.5.206.736.34.472.207.915.298 1.384.498.228.094.528.287.75.378.307.094.584-.151.75-.227.304-.127.613-.243.926-.348l.472-.15.477-.133v-.045l-.283-.063-.277-.078a5.123 5.123 0 01-.802-.328c-.6-.245-1.177-.355-1.788-.585a3.223 3.223 0 00-.852-.268zm-8.066-.416l.015.019-.228.1-.234.086a4.31 4.31 0 01-.48.131c-.29.127-.584.243-.882.349l-.45.15-.456.132v.087l.414.133.409.148c.406.155.803.333 1.19.531.376.151.818.2 1.073.454.945-.416 1.965-.654 2.865-1.085-.045-.034 0 0-.09-.045a3.23 3.23 0 00-.896-.378c-.607-.257-1.5-.778-2.25-.812zm11.332-1.061c-.375.343-1.233.638-1.743.853.045.038 0 0 .09.046.3.234.795.257 1.162.408.893.362 1.805.677 2.73.944.327.095.788-.234 1.028-.313.375-.121 1.323-.28 1.477-.54-.353-.07-.699-.177-1.031-.318-.81-.268-1.564-.378-2.325-.676a3.886 3.886 0 00-1.388-.404zM29.81 2.783l-.545.001v.012l-.085.232c-.09.23-.197.452-.32.667-.405.925-.814 1.813-1.207 2.705-1.332 3.022-2.794 5.787-4.125 8.836-.165.378-.417.79-.582 1.17-.221.507-.322.976-.54 1.486a3.87 3.87 0 00-.39.997c.301.07.646.197.976.305l.322.1 1.788.316 1.119.298c1.126.289 2.268.558 3.359.87 1.832.524 3.68.846 5.466 1.351l.886.27 1.257.271.916.279c1.541.435 3.14.745 4.675 1.255 1.02.34 2.179.593 3.266.9.803.226 1.579.226 2.37.453.315.087 1.782.457 2.014.359.375-.216.506-1.047.671-1.489.424-1.133.908-2.176 1.388-3.29.75-1.76 1.5-3.593 2.28-5.361.214-.487.589-.948.806-1.443.454-1.035.836-2.014 1.297-3.064.132-.302.376-.646.492-.948.221-.506.337-.997.581-1.489.244-.49.623-.944.716-1.53-.169-.113-.258-.31-.401-.453a5.582 5.582 0 00-.66-.49l-.236-.14-3.18-.552-.7-.166c-1.184-.26-2.445-.444-3.639-.733-.731-.178-1.459-.16-2.149-.318-.884-.204-1.823-.127-2.699-.24l-.432-.073-1.072-.046-.594-.11c-1.194-.183-2.434-.158-3.614-.434-.85-.195-1.812-.212-2.725-.35l-.541-.1-1.073-.045-.424-.084c-1.425-.248-3.076-.196-4.712-.185zm-7.392 21.24c-.398.298-1.294.423-1.79.63.046.039 0 0 .09.046.338.26.89.321 1.298.495.409.174.814.321 1.208.495.082.038.217.166.315.181.097.015.427-.177.536-.226.328-.146.776-.22 1.131-.374l.2-.103.146-.109-1.702-.586-.225-.113-.232-.1a3.832 3.832 0 00-.976-.236zm-6.942-.189l.008.008-.106.059-.115.036c-.12.03-.255.04-.405.086-.446.147-1.471.368-2.016.607l-.163.08-.101.068h.09l.102.079.15.07c.158.06.338.094.498.165.344.194.704.36 1.076.495.262.064.697-.197.892-.268.45-.164.883-.286 1.307-.42l.423-.141.419-.16v-.042l-.266-.055-.26-.085c-.513-.195-.998-.514-1.533-.582zM57.45 7.178c.153.001.305.032.446.09.05.097.11.187.18.269 0 .6-.262.695-.446 1.039-.184.343-.21.566-.375.853-.304.59-.664 1.224-.938 1.851-1.432 3.26-2.932 6.536-4.342 9.777-.45 1.04-.84 2.131-1.339 3.113-.169.329-.18.858-.54.99-.33.227-.656-.136-.716-.359l.135-.585c.596-1.444 1.241-2.917 1.875-4.375.529-1.205 1.174-2.44 1.703-3.65.708-1.624 1.32-3.248 2.1-4.778.7-1.36 1.203-3.242 2.25-4.235h.007zM25.828 22.853l-.138.109-.195.094c-.277.106-.619.144-.91.241l-.208.086-.156.1h.045l.155.107.21.107c.53.235 1.299.372 1.78.541.173.06.465.291.716.223.294-.102.582-.216.866-.342l.42-.198.413-.215v-.046l-.384-.055-.367-.079a13.23 13.23 0 01-.968-.283l-.476-.156-.441-.136-.362-.098zm-6.99-.046l-1.742.494v.046l.286.066.274.099c.45.184.865.451 1.315.556.218.05 1.823-.517 1.969-.63a7.243 7.243 0 01-1.027-.303l-.334-.117-.332-.107-.41-.104zM29.845 4.37a9.974 9.974 0 011.65.11l.409.071.938.046.327.061c.45.073.934.113 1.33.207.716.17 1.476.148 2.18.243l.415.074 3.398.272.21.034c.29.033.614.026.914.098 1.72.433 3.589.551 5.37.883l.758.156 2.085.174.596.122c.795.145 1.593.232 2.355.422.574.144 1.5 0 1.924.314.296.207.206.676.045.993-.161.317-.401.59-.536.9-.278.638-.45 1.242-.75 1.847-1.058 2.062-1.92 4.238-2.861 6.4-.376.894-.953 1.809-1.343 2.704-.341.782-.667 1.545-.986 2.3-.165.401-.221.88-.537 1.134-.315.253-1.125.076-1.522-.045-.818-.255-1.65-.476-2.46-.708l-.803-.237-.75-.136-.546-.174a66.692 66.692 0 00-1.703-.502c-.616-.178-1.193-.166-1.79-.378-3.224-1.061-6.787-1.677-9.974-2.746-.878-.295-1.845-.397-2.775-.631-.822-.208-1.152 0-1.703-.544 0-.635.341-1.133.54-1.575.323-.733.585-1.485.938-2.165.427-.82.694-1.693 1.072-2.569a76.341 76.341 0 012.149-4.507c.465-.895.75-1.99 1.436-2.648zm.447 1.039c-1.395 2.644-2.487 5.353-3.713 8.156-.157.378-.424.725-.581 1.08-.255.582-.42 1.134-.671 1.716a3.36 3.36 0 00-.402.944c1.197 0 2.648.484 3.623.812.975.329 2.073.54 3.041.858.592.192 1.147.208 1.744.404 1.875.62 3.922 1.035 5.816 1.58.84.237 1.624.275 2.419.54.862.286 1.852.456 2.771.755.817.272 1.781.684 2.775.721 1.395-3.275 2.865-6.376 4.294-9.648.105-.234.3-.484.405-.718.468-1.076.87-2.066 1.342-3.158a7.35 7.35 0 00.492-.99 5.528 5.528 0 01-1.388-.226c-.636-.16-1.248-.21-1.863-.314l-.462-.09-2.46-.227-6.488-1.08-.407-.074c-.704-.093-1.426-.042-2.115-.137l-.343-.062h-.49l-.43-.077c-.866-.123-1.78-.078-2.657-.282a22.155 22.155 0 00-4.253-.483zM22.08 21.768c-.323.218-.795.21-1.178.327l-.183.07-.162.101h.09l.105.062.154.05c.163.04.346.057.492.111.232.087 1.046.476 1.342.408.274-.091.543-.197.806-.317.117-.02.232-.05.344-.088l.166-.063.162-.076-2.138-.585zM4.211 15.323c.314.023.619.115.893.272.694.23 1.267.419 1.875.676.322.136.649.11.75.45.247.377-.24.812-.671.676-.66-.212-1.347-.59-2.014-.813-.375-.132-.938-.11-1.073-.494-.288-.306.072-.616.225-.756l.015-.011zm2.325-8.651c.533 0 .555.317.852.54.85.65 1.5 1.51 2.25 2.266.292.295.72.5.75 1.04-.09.116-.102.226-.222.313a.421.421 0 01-.45.045c-.277-.087-.401-.313-.581-.495l-1.027-.99a3.896 3.896 0 00-.627-.755C7.16 8.39 6.398 7.812 6.23 7.465c-.199-.412.12-.605.311-.756l-.004-.037zm6.713-4.96c.167 0 .334.031.491.09.626 1.107 1.286 2.112 1.875 3.245.315.6.9.854.27 1.534h-.375c-.705-.756-1.125-1.757-1.699-2.645-.375-.566-.881-1.035-.896-1.938.111-.083.216-.174.315-.272l.019-.015zM20.955 0l.446.045c.27.446.319 1.04.537 1.58.211.46.372.943.48 1.439.022.143-.064.238-.087.378l-.251.207h-.315c-.135-.113-.244-.117-.311-.313-.143-.212-.087-.491-.18-.756-.255-.755-.75-1.564-.537-2.433A.75.75 0 0020.956 0z" fill="#32312D" fill-rule="evenodd"></path></svg>
                    </span>
                    </div>
                    <p class="d-flex justify-content-center text-center">
                    Lamentamos mas não encontramos resultados para os filtros aplicados.
                    </p>
                    <button class="btn reset ct-anchor no-padding js-reset-filters" data-href="/on/demandware.store/Sites-continente-Site/default/Search-ShowAjax?cgid=refeicoes-faceis">
                    Limpar filtros
                    </button>
                    </div>
                    </div>
                    <div class="carousel-contained ct-clp--recommendations js-recommendations js-slot-recommendations gtm-list" data-gtm-list="Category - Recommendations">
                    <div class="product-grid-recommendations-wrapper">
                    <h3 class="ct-h3">
                    <p>As nossas sugestões</p>
                    </h3>
                    <div class="product-recommendations-carousel productcarousel-container hidden-before-init slick-initialized slick-slider slick-dotted" data-tiles-number="17" data-gtm-vis-recent-on-screen-31116310_229="3679" data-gtm-vis-first-on-screen-31116310_229="3679" data-gtm-vis-total-visible-time-31116310_229="100" data-gtm-vis-has-fired-31116310_229="1"><svg class="svg-inline icon-arrow-left slick-arrow" xmlns="http://www.w3.org/2000/svg" viewBox="0 0 15 26" width="15" height="26" style=""><path fill="#EB0203" fill-rule="evenodd" d="M12.382.308a1.051 1.051 0 0 1 1.487 1.487L2.555 12.99l11.314 11.214c.379.38.408.976.087 1.388l-.087.1a1.048 1.048 0 0 1-1.487 0L.411 13.826l-.1-.087a1.046 1.046 0 0 1-.29-.557l-.005-.017a1.05 1.05 0 0 1 .42-1.037z"></path></svg>
                    
                    
                    
                    
                    
                    
                    
                    
                    
                    
                    
                    
                    
                    
                    
                    
                    
                    <div class="slick-list draggable"><div class="slick-track" style="opacity: 1; width: 10488px; transform: translate3d(-4692px, 0px, 0px);"><div class="pd-tile-wrap slick-slide slick-cloned" data-idx="14" style="width: 276px; height: auto;" data-slick-index="-4" id="" aria-hidden="true" tabindex="-1">
                    
                    <script type="text/javascript">//<!--
                    /* <![CDATA[ */
                    (function(){
                    try {
                        if(window.CQuotient) {
                            var cq_params = {};
                            cq_params.cookieId = window.CQuotient.getCQCookieId();
                            cq_params.userId = window.CQuotient.getCQUserId();
                            cq_params.emailId = CQuotient.getCQHashedEmail();
                            cq_params.loginId = CQuotient.getCQHashedLogin();
                            cq_params.accumulate = true;
                            cq_params.products = [{
                                id: '7133103',
                                sku: '',
                                type: '',
                                alt_id: ''
                            }];
                            cq_params.recommenderName = '__UNDEFINED__';
                            cq_params.realm = "BDVS";
                            cq_params.siteId = "continente";
                            cq_params.instanceType = "prd";
                            cq_params.locale = window.CQuotient.locale;
                            cq_params.slotId = '';
                            cq_params.slotConfigId = '';
                            cq_params.slotConfigTemplate = '';
                            if(window.CQuotient.sendActivity)
                                window.CQuotient.sendActivity( CQuotient.clientId, 'viewReco', cq_params );
                            else
                                window.CQuotient.activities.push( {activityType: 'viewReco', parameters: cq_params} );
                        }
                    } catch(err) {}
                    })();
                    /* ]]> */
                    // -->
                    </script>
                    <script type="text/javascript">//<!--
                    /* <![CDATA[ (viewProduct-active_data.js) */
                    dw.ac._capture({id: "7133103", type: "recommendation"});
                    /* ]]> */
                    // -->
                    </script>
                    <div class="product" data-pid="7133103">
                    <div class="product-tile pid-7133103   ct-product-tile " data-delay-time="3000" data-variants-mapping="[]" data-in-cart-msg="no carrinho" data-one-product-added="Adicionado ao carrinho" data-remove-from-cart-msg="Removido do carrinho" data-stay-open="6000.0" data-product-tile-impression="{&quot;name&quot;:&quot;7133103&quot;,&quot;id&quot;:&quot;7133103&quot;,&quot;price&quot;:5.29,&quot;brand&quot;:&quot;Continente Fácil &amp; Bom&quot;,&quot;category&quot;:[{&quot;category_level_1&quot;:&quot;Take-Away&quot;},{&quot;category_level_2&quot;:&quot;Refeições Prontas&quot;},{&quot;category_level_3&quot;:&quot;Italianas&quot;}],&quot;variant&quot;:&quot;&quot;}">
                    <div class="ct-inner-tile-wrap row no-gutters justify-content-center align-content-start">
                    
                    <div class="ct-image-container col-4 col-sm" data-confirmation-image="{&quot;url&quot;:&quot;https://www.continente.pt/dw/image/v2/BDVS_PRD/on/demandware.static/-/Sites-col-master-catalog/default/dw05fcf012/images/col/713/7133103-frente.jpg?sw=87&amp;sh=80&quot;,&quot;fallbackimage&quot;:{&quot;url&quot;:&quot;https://www.continente.pt/dw/image/v2/BDVS_PRD/on/demandware.static/Sites-continente-Site/-/default/dw7c42b4da/images/noimagelarge_product.png?sw=87&amp;sh=80&quot;,&quot;title&quot;:&quot;Cannellonis Bolonhesa&quot;,&quot;alt&quot;:&quot;Cannellonis Bolonhesa&quot;},&quot;title&quot;:&quot;Cannellonis Bolonhesa&quot;,&quot;alt&quot;:&quot;Cannellonis Bolonhesa&quot;}">
                    <a href="https://www.continente.pt/produto/cannellonis-bolonhesa-continente-facil-bom-7133103.html?cgid=home" tabindex="-1">
                    <picture class="intrinsic intrinsic--square">
                    <img class="ct-tile-image lazyloaded" loading="lazy" onerror="this.onerror=null;this.src='/on/demandware.static/Sites-continente-Site/-/default/dw7c42b4da/images/noimagelarge_product.png';" data-src="https://www.continente.pt/dw/image/v2/BDVS_PRD/on/demandware.static/-/Sites-col-master-catalog/default/dw05fcf012/images/col/713/7133103-frente.jpg?sw=280&amp;sh=280" alt="Cannellonis Bolonhesa" title="Cannellonis Bolonhesa" src="https://www.continente.pt/dw/image/v2/BDVS_PRD/on/demandware.static/-/Sites-col-master-catalog/default/dw05fcf012/images/col/713/7133103-frente.jpg?sw=280&amp;sh=280">
                    </picture>
                    </a>
                    <div class="color-swatches d-flex" style="margin-left: 5px;">
                    <div class="swatches d-flex">
                    </div>
                    </div>
                    </div>
                    <div class="ct-tile-body col col-sm-auto ">
                    <div class="ct-pdp-details">
                    <div class="ct-pdp-link">
                    <a class="ct-tile--description" href="https://www.continente.pt/produto/cannellonis-bolonhesa-continente-facil-bom-7133103.html?cgid=home" tabindex="-1">Cannellonis Bolonhesa</a>
                    <div class="ct-tile--favorite-top d-sm-none">
                    <button class="wishlist-toggler guest-mode inactive button button--tertiary" data-pid="7133103" data-add-url="https://www.continente.pt/on/demandware.store/Sites-continente-Site/default/Wishlist-AddProduct?pid=7133103" data-toggle="tooltip" aria-label="Adicionar aos favoritos " data-original-title="Adicionar aos favoritos" data-placement="top" tabindex="-1">
                    <svg class="active-content" width="100%" height="100%" viewBox="0 0 20 22" fill="none" xmlns="http://www.w3.org/2000/svg">
                    <path fill-rule="evenodd" clip-rule="evenodd" d="M0 1.53052C0 0.685236 0.692171 0 1.54601 0H15.0736C15.9274 0 16.6196 0.685235 16.6196 1.53052V13.4064L15.8127 13.922L14.2658 14.2658L12.7189 13.4064L10.6054 14.3818C10.4994 14.2451 10.3327 14.157 10.1452 14.157H6.76329C6.4431 14.157 6.18354 14.414 6.18354 14.731C6.18354 15.0479 6.4431 15.3049 6.76329 15.3049H10.1452C10.2478 15.3049 10.3441 15.2785 10.4277 15.2322L10.3126 16.8439L13.2345 20.2793H1.54601C0.69217 20.2793 0 19.5941 0 18.7488V1.53052ZM6.18354 5.5483C6.18354 5.23132 6.4431 4.97436 6.76329 4.97436H12.3676C12.6878 4.97436 12.9473 5.23132 12.9473 5.5483C12.9473 5.86528 12.6878 6.12224 12.3676 6.12224H6.76329C6.4431 6.12224 6.18354 5.86528 6.18354 5.5483ZM6.76329 11.0961C6.4431 11.0961 6.18354 11.3531 6.18354 11.6701C6.18354 11.987 6.4431 12.244 6.76329 12.244H12.3676C12.6878 12.244 12.9473 11.987 12.9473 11.6701C12.9473 11.3531 12.6878 11.0961 12.3676 11.0961H6.76329ZM6.18354 8.60985C6.18354 8.29287 6.4431 8.03591 6.76329 8.03591H12.3676C12.6878 8.03591 12.9473 8.29287 12.9473 8.60985C12.9473 8.92684 12.6878 9.1838 12.3676 9.1838H6.76329C6.4431 9.1838 6.18354 8.92684 6.18354 8.60985ZM3.67118 5.5483C3.67118 5.23132 3.93075 4.97436 4.25093 4.97436H4.63743C4.95762 4.97436 5.21719 5.23132 5.21719 5.5483C5.21719 5.86528 4.95762 6.12224 4.63743 6.12224H4.25093C3.93075 6.12224 3.67118 5.86528 3.67118 5.5483ZM4.25093 11.0961C3.93075 11.0961 3.67118 11.3531 3.67118 11.6701C3.67118 11.987 3.93075 12.244 4.25093 12.244H4.63743C4.95762 12.244 5.21719 11.987 5.21719 11.6701C5.21719 11.3531 4.95762 11.0961 4.63743 11.0961H4.25093ZM3.67118 8.60985C3.67118 8.29287 3.93075 8.03591 4.25093 8.03591H4.63743C4.95762 8.03591 5.21719 8.29287 5.21719 8.60985C5.21719 8.92684 4.95762 9.1838 4.63743 9.1838H4.25093C3.93075 9.1838 3.67118 8.92684 3.67118 8.60985ZM4.25093 14.157C3.93075 14.157 3.67118 14.414 3.67118 14.731C3.67118 15.0479 3.93075 15.3049 4.25093 15.3049H4.63743C4.95762 15.3049 5.21719 15.0479 5.21719 14.731C5.21719 14.414 4.95762 14.157 4.63743 14.157H4.25093Z" fill="#EB0203"></path>
                    <path fill-rule="evenodd" clip-rule="evenodd" d="M14.6252 13.6363C13.4918 12.6215 11.7817 12.5264 10.6569 13.4792C9.12421 14.7764 9.34841 16.8912 10.4409 18.0122L14.0159 21.6742C14.2197 21.8832 14.4928 22 14.7822 22C15.0737 22 15.3448 21.8852 15.5486 21.6762L19.1236 18.0142C20.214 16.8933 20.4423 14.7785 18.9075 13.4792C17.7827 12.5283 16.0724 12.6217 14.9391 13.6365C14.8855 13.6845 14.8331 13.7345 14.7822 13.7866C14.7313 13.7345 14.6789 13.6843 14.6252 13.6363ZM18.1546 14.3522C19.0973 15.1508 18.9962 16.4896 18.2891 17.2173C18.2888 17.2175 18.2886 17.2177 18.2884 17.218L14.7832 20.8084L11.2753 17.2151C11.2752 17.215 11.2751 17.2149 11.2749 17.2148C10.5677 16.4887 10.4678 15.1495 11.4104 14.3518L11.4108 14.3514C12.0745 13.7892 13.2018 13.82 13.9488 14.5846L14.7822 15.4378L15.6157 14.5846C16.3617 13.8211 17.4896 13.79 18.1545 14.3521" fill="#EB0203"></path>
                    </svg>
                    <svg class="inactive-content" width="100%" height="100%" viewBox="0 0 20 23" fill="none" xmlns="http://www.w3.org/2000/svg">
                    <path fill-rule="evenodd" clip-rule="evenodd" d="M6.18408 5.77914C6.18408 5.46223 6.44363 5.20532 6.7638 5.20532H12.3678C12.6879 5.20532 12.9475 5.46223 12.9475 5.77914C12.9475 6.09606 12.6879 6.35297 12.3678 6.35297H6.7638C6.44363 6.35297 6.18408 6.09606 6.18408 5.77914Z" fill="#EB0203"></path>
                    <path fill-rule="evenodd" clip-rule="evenodd" d="M6.18408 11.9034C6.18408 11.5865 6.44363 11.3296 6.7638 11.3296H12.3678C12.6879 11.3296 12.9475 11.5865 12.9475 11.9034C12.9475 12.2202 12.6879 12.4771 12.3678 12.4771H6.7638C6.44363 12.4771 6.18408 12.2202 6.18408 11.9034Z" fill="#EB0203"></path>
                    <path fill-rule="evenodd" clip-rule="evenodd" d="M6.18408 8.84116C6.18408 8.52424 6.44363 8.26733 6.7638 8.26733H12.3678C12.6879 8.26733 12.9475 8.52424 12.9475 8.84116C12.9475 9.15807 12.6879 9.41498 12.3678 9.41498H6.7638C6.44363 9.41498 6.18408 9.15807 6.18408 8.84116Z" fill="#EB0203"></path>
                    <path fill-rule="evenodd" clip-rule="evenodd" d="M6.18408 14.9655C6.18408 14.6486 6.44363 14.3917 6.7638 14.3917H10.1455C10.4657 14.3917 10.7252 14.6486 10.7252 14.9655C10.7252 15.2825 10.4657 15.5394 10.1455 15.5394H6.7638C6.44363 15.5394 6.18408 15.2825 6.18408 14.9655Z" fill="#EB0203"></path>
                    <path fill-rule="evenodd" clip-rule="evenodd" d="M3.67139 5.77914C3.67139 5.46223 3.93094 5.20532 4.25111 5.20532H4.63759C4.95776 5.20532 5.21731 5.46223 5.21731 5.77914C5.21731 6.09606 4.95776 6.35297 4.63759 6.35297H4.25111C3.93094 6.35297 3.67139 6.09606 3.67139 5.77914Z" fill="#EB0203"></path>
                    <path fill-rule="evenodd" clip-rule="evenodd" d="M3.67139 11.9034C3.67139 11.5865 3.93094 11.3296 4.25111 11.3296H4.63759C4.95776 11.3296 5.21731 11.5865 5.21731 11.9034C5.21731 12.2202 4.95776 12.4771 4.63759 12.4771H4.25111C3.93094 12.4771 3.67139 12.2202 3.67139 11.9034Z" fill="#EB0203"></path>
                    <path fill-rule="evenodd" clip-rule="evenodd" d="M3.67139 8.84116C3.67139 8.52424 3.93094 8.26733 4.25111 8.26733H4.63759C4.95776 8.26733 5.21731 8.52424 5.21731 8.84116C5.21731 9.15807 4.95776 9.41498 4.63759 9.41498H4.25111C3.93094 9.41498 3.67139 9.15807 3.67139 8.84116Z" fill="#EB0203"></path>
                    <path fill-rule="evenodd" clip-rule="evenodd" d="M3.67139 14.9655C3.67139 14.6486 3.93094 14.3917 4.25111 14.3917H4.63759C4.95776 14.3917 5.21731 14.6486 5.21731 14.9655C5.21731 15.2825 4.95776 15.5394 4.63759 15.5394H4.25111C3.93094 15.5394 3.67139 15.2825 3.67139 14.9655Z" fill="#EB0203"></path>
                    <path fill-rule="evenodd" clip-rule="evenodd" d="M0 1.76033C0 0.914738 0.692131 0.229248 1.54592 0.229248H15.0727C15.9265 0.229248 16.6186 0.914738 16.6186 1.76033V11.2818C16.6186 11.5989 16.3591 11.8559 16.0389 11.8559C15.7187 11.8559 15.4592 11.5989 15.4592 11.2818V1.76033C15.4592 1.54893 15.2862 1.37756 15.0727 1.37756H1.54592C1.33247 1.37756 1.15944 1.54893 1.15944 1.76033V18.985C1.15944 19.1964 1.33247 19.3678 1.54592 19.3678H9.27551C9.59568 19.3678 9.85523 19.6249 9.85523 19.942C9.85523 20.2591 9.59568 20.5161 9.27551 20.5161H1.54592C0.692131 20.5161 0 19.8306 0 18.985V1.76033Z" fill="#EB0203"></path>
                    <path fill-rule="evenodd" clip-rule="evenodd" d="M14.6254 13.8718C13.4921 12.8567 11.7821 12.7615 10.6574 13.7147C9.12472 15.0124 9.34891 17.128 10.4413 18.2493L14.0161 21.9126C14.2199 22.1217 14.493 22.2386 14.7824 22.2386C15.0739 22.2386 15.3449 22.1238 15.5487 21.9147L19.1235 18.2514C20.2139 17.13 20.4422 15.0144 18.9075 13.7147C17.7827 12.7634 16.0726 12.8569 14.9392 13.872C14.8856 13.92 14.8333 13.9701 14.7824 14.0222C14.7314 13.97 14.6791 13.9199 14.6254 13.8718ZM18.1546 14.588C19.0972 15.3869 18.9961 16.7262 18.2891 17.4541C18.2888 17.4543 18.2886 17.4546 18.2884 17.4548L14.7834 21.0466L11.2757 17.452C11.2756 17.4519 11.2755 17.4517 11.2753 17.4516C10.5681 16.7252 10.4682 15.3856 11.4108 14.5876L11.4112 14.5872C12.0748 14.0248 13.202 14.0556 13.949 14.8205L14.7824 15.674L15.6158 14.8205C16.3618 14.0567 17.4896 14.0256 18.1545 14.5879" fill="#EB0203"></path>
                    </svg>
                    </button>
                    </div>
                    </div>
                    <p class="ct-tile--brand">Continente Fácil &amp; Bom</p>
                    <p class="ct-tile--quantity">emb. 1 kg</p>
                    </div>
                    <div class="ct-tile-bottom row no-gutters justify-content-between">
                    <div class="ct-price-wrap col-8 col-sm-12">
                    <div class="price js-product-price">
                    <div class="prices-wrapper">
                    <span class="sales ct-tile--price-primary ">
                    <span class="value" content="5.29">
                    <span class="ct-price-formatted">
                    €5,29
                    </span>
                    <span class="ct-m-unit">
                    /un
                    </span>
                    </span>
                    </span>
                    </div>
                    <div class="ct-tile--price-secondary">
                    <span class="ct-price-value">
                    €5,29
                    </span>
                    <span class="ct-m-unit">
                    /kg
                    </span>
                    </div>
                    </div>
                    </div>
                    <div class="ct-tile-buy-section d-flex justify-content-center no-gutters col-auto col-sm-12">
                    <div class="col-2 d-sm-flex d-none">
                    <button class="wishlist-toggler guest-mode inactive button button--tertiary" data-pid="7133103" data-add-url="https://www.continente.pt/on/demandware.store/Sites-continente-Site/default/Wishlist-AddProduct?pid=7133103" data-toggle="tooltip" aria-label="Adicionar aos favoritos " data-original-title="Adicionar aos favoritos" data-placement="top" tabindex="-1">
                    <svg class="active-content" width="100%" height="100%" viewBox="0 0 20 22" fill="none" xmlns="http://www.w3.org/2000/svg">
                    <path fill-rule="evenodd" clip-rule="evenodd" d="M0 1.53052C0 0.685236 0.692171 0 1.54601 0H15.0736C15.9274 0 16.6196 0.685235 16.6196 1.53052V13.4064L15.8127 13.922L14.2658 14.2658L12.7189 13.4064L10.6054 14.3818C10.4994 14.2451 10.3327 14.157 10.1452 14.157H6.76329C6.4431 14.157 6.18354 14.414 6.18354 14.731C6.18354 15.0479 6.4431 15.3049 6.76329 15.3049H10.1452C10.2478 15.3049 10.3441 15.2785 10.4277 15.2322L10.3126 16.8439L13.2345 20.2793H1.54601C0.69217 20.2793 0 19.5941 0 18.7488V1.53052ZM6.18354 5.5483C6.18354 5.23132 6.4431 4.97436 6.76329 4.97436H12.3676C12.6878 4.97436 12.9473 5.23132 12.9473 5.5483C12.9473 5.86528 12.6878 6.12224 12.3676 6.12224H6.76329C6.4431 6.12224 6.18354 5.86528 6.18354 5.5483ZM6.76329 11.0961C6.4431 11.0961 6.18354 11.3531 6.18354 11.6701C6.18354 11.987 6.4431 12.244 6.76329 12.244H12.3676C12.6878 12.244 12.9473 11.987 12.9473 11.6701C12.9473 11.3531 12.6878 11.0961 12.3676 11.0961H6.76329ZM6.18354 8.60985C6.18354 8.29287 6.4431 8.03591 6.76329 8.03591H12.3676C12.6878 8.03591 12.9473 8.29287 12.9473 8.60985C12.9473 8.92684 12.6878 9.1838 12.3676 9.1838H6.76329C6.4431 9.1838 6.18354 8.92684 6.18354 8.60985ZM3.67118 5.5483C3.67118 5.23132 3.93075 4.97436 4.25093 4.97436H4.63743C4.95762 4.97436 5.21719 5.23132 5.21719 5.5483C5.21719 5.86528 4.95762 6.12224 4.63743 6.12224H4.25093C3.93075 6.12224 3.67118 5.86528 3.67118 5.5483ZM4.25093 11.0961C3.93075 11.0961 3.67118 11.3531 3.67118 11.6701C3.67118 11.987 3.93075 12.244 4.25093 12.244H4.63743C4.95762 12.244 5.21719 11.987 5.21719 11.6701C5.21719 11.3531 4.95762 11.0961 4.63743 11.0961H4.25093ZM3.67118 8.60985C3.67118 8.29287 3.93075 8.03591 4.25093 8.03591H4.63743C4.95762 8.03591 5.21719 8.29287 5.21719 8.60985C5.21719 8.92684 4.95762 9.1838 4.63743 9.1838H4.25093C3.93075 9.1838 3.67118 8.92684 3.67118 8.60985ZM4.25093 14.157C3.93075 14.157 3.67118 14.414 3.67118 14.731C3.67118 15.0479 3.93075 15.3049 4.25093 15.3049H4.63743C4.95762 15.3049 5.21719 15.0479 5.21719 14.731C5.21719 14.414 4.95762 14.157 4.63743 14.157H4.25093Z" fill="#EB0203"></path>
                    <path fill-rule="evenodd" clip-rule="evenodd" d="M14.6252 13.6363C13.4918 12.6215 11.7817 12.5264 10.6569 13.4792C9.12421 14.7764 9.34841 16.8912 10.4409 18.0122L14.0159 21.6742C14.2197 21.8832 14.4928 22 14.7822 22C15.0737 22 15.3448 21.8852 15.5486 21.6762L19.1236 18.0142C20.214 16.8933 20.4423 14.7785 18.9075 13.4792C17.7827 12.5283 16.0724 12.6217 14.9391 13.6365C14.8855 13.6845 14.8331 13.7345 14.7822 13.7866C14.7313 13.7345 14.6789 13.6843 14.6252 13.6363ZM18.1546 14.3522C19.0973 15.1508 18.9962 16.4896 18.2891 17.2173C18.2888 17.2175 18.2886 17.2177 18.2884 17.218L14.7832 20.8084L11.2753 17.2151C11.2752 17.215 11.2751 17.2149 11.2749 17.2148C10.5677 16.4887 10.4678 15.1495 11.4104 14.3518L11.4108 14.3514C12.0745 13.7892 13.2018 13.82 13.9488 14.5846L14.7822 15.4378L15.6157 14.5846C16.3617 13.8211 17.4896 13.79 18.1545 14.3521" fill="#EB0203"></path>
                    </svg>
                    <svg class="inactive-content" width="100%" height="100%" viewBox="0 0 20 23" fill="none" xmlns="http://www.w3.org/2000/svg">
                    <path fill-rule="evenodd" clip-rule="evenodd" d="M6.18408 5.77914C6.18408 5.46223 6.44363 5.20532 6.7638 5.20532H12.3678C12.6879 5.20532 12.9475 5.46223 12.9475 5.77914C12.9475 6.09606 12.6879 6.35297 12.3678 6.35297H6.7638C6.44363 6.35297 6.18408 6.09606 6.18408 5.77914Z" fill="#EB0203"></path>
                    <path fill-rule="evenodd" clip-rule="evenodd" d="M6.18408 11.9034C6.18408 11.5865 6.44363 11.3296 6.7638 11.3296H12.3678C12.6879 11.3296 12.9475 11.5865 12.9475 11.9034C12.9475 12.2202 12.6879 12.4771 12.3678 12.4771H6.7638C6.44363 12.4771 6.18408 12.2202 6.18408 11.9034Z" fill="#EB0203"></path>
                    <path fill-rule="evenodd" clip-rule="evenodd" d="M6.18408 8.84116C6.18408 8.52424 6.44363 8.26733 6.7638 8.26733H12.3678C12.6879 8.26733 12.9475 8.52424 12.9475 8.84116C12.9475 9.15807 12.6879 9.41498 12.3678 9.41498H6.7638C6.44363 9.41498 6.18408 9.15807 6.18408 8.84116Z" fill="#EB0203"></path>
                    <path fill-rule="evenodd" clip-rule="evenodd" d="M6.18408 14.9655C6.18408 14.6486 6.44363 14.3917 6.7638 14.3917H10.1455C10.4657 14.3917 10.7252 14.6486 10.7252 14.9655C10.7252 15.2825 10.4657 15.5394 10.1455 15.5394H6.7638C6.44363 15.5394 6.18408 15.2825 6.18408 14.9655Z" fill="#EB0203"></path>
                    <path fill-rule="evenodd" clip-rule="evenodd" d="M3.67139 5.77914C3.67139 5.46223 3.93094 5.20532 4.25111 5.20532H4.63759C4.95776 5.20532 5.21731 5.46223 5.21731 5.77914C5.21731 6.09606 4.95776 6.35297 4.63759 6.35297H4.25111C3.93094 6.35297 3.67139 6.09606 3.67139 5.77914Z" fill="#EB0203"></path>
                    <path fill-rule="evenodd" clip-rule="evenodd" d="M3.67139 11.9034C3.67139 11.5865 3.93094 11.3296 4.25111 11.3296H4.63759C4.95776 11.3296 5.21731 11.5865 5.21731 11.9034C5.21731 12.2202 4.95776 12.4771 4.63759 12.4771H4.25111C3.93094 12.4771 3.67139 12.2202 3.67139 11.9034Z" fill="#EB0203"></path>
                    <path fill-rule="evenodd" clip-rule="evenodd" d="M3.67139 8.84116C3.67139 8.52424 3.93094 8.26733 4.25111 8.26733H4.63759C4.95776 8.26733 5.21731 8.52424 5.21731 8.84116C5.21731 9.15807 4.95776 9.41498 4.63759 9.41498H4.25111C3.93094 9.41498 3.67139 9.15807 3.67139 8.84116Z" fill="#EB0203"></path>
                    <path fill-rule="evenodd" clip-rule="evenodd" d="M3.67139 14.9655C3.67139 14.6486 3.93094 14.3917 4.25111 14.3917H4.63759C4.95776 14.3917 5.21731 14.6486 5.21731 14.9655C5.21731 15.2825 4.95776 15.5394 4.63759 15.5394H4.25111C3.93094 15.5394 3.67139 15.2825 3.67139 14.9655Z" fill="#EB0203"></path>
                    <path fill-rule="evenodd" clip-rule="evenodd" d="M0 1.76033C0 0.914738 0.692131 0.229248 1.54592 0.229248H15.0727C15.9265 0.229248 16.6186 0.914738 16.6186 1.76033V11.2818C16.6186 11.5989 16.3591 11.8559 16.0389 11.8559C15.7187 11.8559 15.4592 11.5989 15.4592 11.2818V1.76033C15.4592 1.54893 15.2862 1.37756 15.0727 1.37756H1.54592C1.33247 1.37756 1.15944 1.54893 1.15944 1.76033V18.985C1.15944 19.1964 1.33247 19.3678 1.54592 19.3678H9.27551C9.59568 19.3678 9.85523 19.6249 9.85523 19.942C9.85523 20.2591 9.59568 20.5161 9.27551 20.5161H1.54592C0.692131 20.5161 0 19.8306 0 18.985V1.76033Z" fill="#EB0203"></path>
                    <path fill-rule="evenodd" clip-rule="evenodd" d="M14.6254 13.8718C13.4921 12.8567 11.7821 12.7615 10.6574 13.7147C9.12472 15.0124 9.34891 17.128 10.4413 18.2493L14.0161 21.9126C14.2199 22.1217 14.493 22.2386 14.7824 22.2386C15.0739 22.2386 15.3449 22.1238 15.5487 21.9147L19.1235 18.2514C20.2139 17.13 20.4422 15.0144 18.9075 13.7147C17.7827 12.7634 16.0726 12.8569 14.9392 13.872C14.8856 13.92 14.8333 13.9701 14.7824 14.0222C14.7314 13.97 14.6791 13.9199 14.6254 13.8718ZM18.1546 14.588C19.0972 15.3869 18.9961 16.7262 18.2891 17.4541C18.2888 17.4543 18.2886 17.4546 18.2884 17.4548L14.7834 21.0466L11.2757 17.452C11.2756 17.4519 11.2755 17.4517 11.2753 17.4516C10.5681 16.7252 10.4682 15.3856 11.4108 14.5876L11.4112 14.5872C12.0748 14.0248 13.202 14.0556 13.949 14.8205L14.7824 15.674L15.6158 14.8205C16.3618 14.0567 17.4896 14.0256 18.1545 14.5879" fill="#EB0203"></path>
                    </svg>
                    </button>
                    </div>
                    <div class="col-sm-10 col-12">
                    <div class="ct-tile-quantity d-none" data-pid="7133103">
                    <input type="hidden" class="add-to-cart-url" value="https://www.continente.pt/on/demandware.store/Sites-continente-Site/default/Cart-AddProduct" tabindex="-1">
                    <div class="d-none tile-delete-confirmation-btn" data-pid="7133103" data-delay-time="3000" data-in-cart-msg="no carrinho" data-one-product-added="Adicionado ao carrinho" data-remove-from-cart-msg="Removido do carrinho" data-stay-open="6000.0" data-confirmation-image="{&quot;url&quot;:&quot;https://www.continente.pt/dw/image/v2/BDVS_PRD/on/demandware.static/-/Sites-col-master-catalog/default/dw05fcf012/images/col/713/7133103-frente.jpg?sw=87&amp;sh=80&quot;,&quot;fallbackimage&quot;:{&quot;url&quot;:&quot;https://www.continente.pt/dw/image/v2/BDVS_PRD/on/demandware.static/Sites-continente-Site/-/default/dw7c42b4da/images/noimagelarge_product.png?sw=87&amp;sh=80&quot;,&quot;title&quot;:&quot;Cannellonis Bolonhesa&quot;,&quot;alt&quot;:&quot;Cannellonis Bolonhesa&quot;},&quot;title&quot;:&quot;Cannellonis Bolonhesa&quot;,&quot;alt&quot;:&quot;Cannellonis Bolonhesa&quot;}"></div>
                    <div class="ct-tile-quantity-update quantity-update product-qty-vue" data-remove-action="https://www.continente.pt/on/demandware.store/Sites-continente-Site/default/Cart-RemoveProductLineItem" data-action="https://www.continente.pt/on/demandware.store/Sites-continente-Site/default/Cart-UpdateQuantity" data-dimension-update="https://www.continente.pt/on/demandware.store/Sites-continente-Site/default/Cart-DimensionUpdate" data-pid="7133103" data-uuid="ba54a50e8d5312f17b474e6c44" data-add-delay="500.0" data-measure-options="{&quot;hasConversionRate&quot;:true,&quot;hasAlternativeSaleUnit&quot;:false,&quot;primaryToSecondary&quot;:1,&quot;secondaryToPrimary&quot;:1,&quot;unitConversionRate&quot;:1,&quot;minOrderQuantity&quot;:1,&quot;stepQuantity&quot;:1,&quot;primaryunit&quot;:&quot;un&quot;,&quot;secondaryunit&quot;:&quot;kg&quot;,&quot;selectedunit&quot;:&quot;primary&quot;,&quot;maxNumberOfUnitsPerSale&quot;:50}" data-price-available="null" :data-has-error="isMaxQtyReached || isMinQtyReached || qtySelectedMoreThanOne">
                    <template v-show="prodUnits">
                    <div class="quantity-input-wrapper has-units">
                    <label class="visually-hidden" :for="'quantity-' + pid + additionalTag">
                    Quantidade no carrinho
                    </label>
                    <input :ref="'quantityInput-' + pid + additionalTag" class="add-to-cart-quantity form-control ct-form-input text-center" inputmode="numeric" :class="{'is-invalid': isInvalid}" :data-pid="pid + additionalTag" :name="'quantity-' + pid + additionalTag" type="text" aria-label="Insira a quantidade" title="" v-model="displayValue" @change="updateQuantity" @focus="updateQtyFormat" @blur="restoreQtyFormat" :disabled="!isPriceAvailable">
                    <span class="quantity-icon quantity-icon--minus">
                    <button class="decrease-quantity-btn" @click="updateQuantity" :disabled="!isPriceAvailable" role="button" aria-label="Reduzir quantidade">
                    <i class="css-math-minus"></i>
                    </button>
                    </span>
                    <span class="quantity-icon quantity-icon--plus">
                    <button class="increase-quantity-btn" @click="updateQuantity" :disabled="isMaxQtyReached || !isPriceAvailable" role="button" aria-label="Aumentar quantidade">
                    <i class="css-math-plus"></i>
                    </button>
                    <span class="quantity-btn-disabled-placeholder"></span>
                    </span>
                    <template v-if="isPDP">
                    <span class="quantity-error ct-span-error text-sm-center product-max-allocation" v-if="isMaxQtyReached">
                    Quantidade máxima atingida
                    </span>
                    <span class="quantity-error ct-span-product text-sm-center product-allocation" v-if="!isMinQtyReached &amp;&amp; !isMaxQtyReached">
                    {{quantitySelected}} no carrinho
                    </span>
                    <span class="quantity-error ct-span-error text-sm-center product-min-allocation" :data-pid="pid" v-if="isMinQtyReached &amp;&amp; !isMaxQtyReached">
                    Quantidade mínima atingida
                    </span>
                    </template>
                    </div>
                    <template v-if="showNotes">
                    <div class="add-note-link-container ">
                    <div class="add-note">
                    <a href="/produto/cannellonis-bolonhesa-continente-facil-bom-7133103.html?showNote=true" class="ct-add-note-redirect-pdp" aria-label="Adicionar comentário">
                    <span class="svg-wrapper svg-icon-notes" style="width:19px; height:20px">
                    <svg class="svg-inline icon-notes" viewBox="0 0 28 30" xmlns="http://www.w3.org/2000/svg" width="100%" height="100%"><path d="M21.738 0C22.985 0 24 1.04 24 2.319V12.47c0 .469-.37.848-.828.848-.457 0-.827-.38-.827-.848V2.32c0-.343-.273-.622-.607-.622H2.262c-.334 0-.607.279-.607.622V27.68c0 .343.273.622.607.622h7.81c.457 0 .827.38.827.849 0 .468-.37.848-.827.848h-7.81C1.015 30 0 28.96 0 27.681V2.32C0 1.04 1.015 0 2.262 0h19.476zm2.844 16.004l.227.007c.823.053 1.589.39 2.176.964.64.627.993 1.46.993 2.349 0 .888-.353 1.722-.993 2.348l-6.83 6.665c-.11.108-.247.186-.397.226l-5.032 1.363c-.078.021-.16.032-.241.032-.242 0-.478-.097-.647-.266-.23-.231-.314-.566-.218-.874l1.49-4.798c.044-.139.122-.266.227-.369l6.844-6.677c.64-.625 1.493-.97 2.401-.97zm-2.886 3.94l-4.922 4.802-.947 3.048 3.22-.872 4.897-4.78-2.248-2.197zm2.887-2.174c-.425 0-.824.162-1.124.455l-.484.472 2.248 2.197.484-.472c.62-.606.62-1.591 0-2.197l-.117-.104c-.283-.227-.636-.35-1.007-.35zm-10.839.022c.498 0 .904.396.904.883 0 .488-.406.884-.904.884H5.946c-.499 0-.904-.396-.904-.884 0-.487.405-.883.904-.883zm5.042-4.876c.498 0 .904.397.904.884s-.406.884-.904.884H5.946c-.499 0-.904-.397-.904-.884s.405-.884.904-.884zm0-4.875c.498 0 .904.396.904.884 0 .487-.406.883-.904.883H5.946c-.499 0-.904-.396-.904-.883 0-.488.405-.884.904-.884z" fill="#EB0203" fill-rule="evenodd"></path></svg>
                    </span>
                    <div class="available-note d-none"></div>
                    </a>
                    </div>
                    </div>
                    </template>
                    <div class="measurement-unit-section" v-if="isPriceAvailable &amp;&amp; prodUnits ? prodUnits.hasAlternativeUnit : false">
                    <div class="ct-form-radio" @click="setDimension">
                    <input type="radio" title="" class="ct-form-check-input product-measurement-unit" :data-type="prodUnits.selectedUnit == prodUnits.secondaryUnit ? 'primary' : ''" :id="prodUnits.secondaryUnit + '-' + pid + '-measurement-unit-ptile' + additionalTag" :name="'measurement-unit-' + pid + '-ptile' + additionalTag" :value="prodUnits.secondaryUnit" v-model="prodUnits.selectedUnit">
                    <label :class="prodUnits.secondaryUnit + '-label ct-form-check-label mb-0'" :for="prodUnits.secondaryUnit + '-' + pid + '-measurement-unit-ptile' + additionalTag">
                    {{prodUnits.secondaryUnit}}
                    </label>
                    <span class="checkmark"></span>
                    </div>
                    <div class="ct-form-radio" @click="setDimension">
                    <input type="radio" title="" class="ct-form-check-input product-measurement-unit" :data-type="prodUnits.selectedUnit == prodUnits.primaryUnit ? 'primary' : ''" :id="prodUnits.primaryUnit + '-' + pid + '-measurement-unit-ptile' + additionalTag" :name="'measurement-unit-' + pid + '-ptile' + additionalTag" :value="prodUnits.primaryUnit" v-model="prodUnits.selectedUnit">
                    <label :class="prodUnits.primaryUnit + '-label ct-form-check-label mb-0'" :for="prodUnits.primaryUnit + '-' + pid + '-measurement-unit-ptile' + additionalTag">
                    {{prodUnits.primaryUnit}}
                    </label>
                    <span class="checkmark"></span>
                    </div>
                    </div>
                    <template v-if="!isPDP &amp;&amp; isPriceAvailable">
                    <span class="quantity-error ct-span-error product-max-allocation" v-if="isMaxQtyReached">
                    Quantidade máxima atingida
                    </span>
                    <span class="quantity-error ct-span-product product-allocation" v-if="!isMinQtyReached &amp;&amp; !isMaxQtyReached">
                    {{quantitySelected}} no carrinho
                    </span>
                    <span class="quantity-error ct-span-error product-min-allocation" :data-pid="pid" v-if="isMinQtyReached &amp;&amp; !isMaxQtyReached">
                    Quantidade mínima atingida
                    </span>
                    </template>
                    </template>
                    </div>
                    <input class="quantity-value-mask d-none" name="quantity" type="number" min="0" value="" tabindex="-1">
                    </div>
                    <button type="button" class="add-to-cart button js-add-to-cart js-add-to-cart-tile 7133103 button--primary dynamic-layout-btn" data-toggle="modal" data-target="#chooseBonusProductModal" data-pid="7133103" data-quantity-value="null" aria-label="Carrinho" tabindex="-1">
                    <span class="d-block d-sm-none">
                    <span class="svg-wrapper svg-icon-cart" style="width:20px; height:20px">
                    <svg class="svg-inline icon-cart" xmlns="http://www.w3.org/2000/svg" viewBox="0 0 500 500" width="100%" height="100%"><path fill="#EB0203" fill-rule="evenodd" d="M 485.67317,94.386311 C 476.37798,83.847129 463.09468,78.03348 448.30404,78.03348 H 90.690813 L 87.079511,51.327997 C 83.185582,22.539551 62.962285,0 41.011841,0 H 14.727836 C 6.563151,0 0,6.5286975 0,14.580758 c 0,8.05206 6.5945535,14.580758 14.727836,14.580758 h 26.284005 c 4.710398,0 14.696435,9.855222 16.894619,26.021523 L 100.01739,368.0631 c 1.88416,13.77244 9.01256,26.70549 20.1605,36.37417 8.25889,7.15046 18.02511,11.9071 28.26237,13.89679 -4.17655,7.58572 -6.53175,16.25957 -6.53175,25.493 0,29.53459 24.27424,53.59751 54.13815,53.59751 29.8325,0 54.13814,-24.03184 54.13814,-53.59751 0,-8.79818 -2.19818,-17.09897 -5.9979,-24.43598 h 77.12488 c -3.79973,7.33701 -5.96652,15.6378 -5.96652,24.43598 0,29.53459 24.27424,53.59751 54.13817,53.59751 29.83249,0 54.13814,-24.03184 54.13814,-53.59751 0,-8.79818 -2.1982,-17.09897 -5.9979,-24.43598 h 38.56243 c 8.13328,0 14.72783,-6.5287 14.72783,-14.61183 0,-8.02098 -6.59455,-14.54967 -14.72783,-14.54967 H 159.24277 c -14.38241,0 -28.13677,-11.90711 -30.02092,-26.02153 l -3.07746,-22.88154 h 290.6314 c 14.03698,0 27.94834,-5.28513 39.06488,-14.95381 11.11652,-9.6376 18.27632,-22.57065 20.16048,-36.37417 l 21.10259,-156.78201 c 1.94694,-14.51858 -2.10398,-28.29103 -11.43057,-38.861299 z M 220.76053,443.82706 c 0,13.49265 -11.08513,24.46709 -24.68247,24.46709 -13.62874,0 -24.71387,-10.97444 -24.71387,-24.46709 0,-13.49262 11.08513,-24.43598 24.71387,-24.43598 13.59734,0 24.68247,10.94336 24.68247,24.43598 z m 173.43675,0 c 0,13.49265 -11.08512,24.46709 -24.68245,24.46709 -13.62876,0 -24.71388,-10.97444 -24.71388,-24.46709 0,-13.49262 11.08512,-24.43598 24.71388,-24.43598 13.59733,0 24.68245,10.94336 24.68245,24.43598 z m 73.7648,-314.46558 -21.13397,156.782 c -1.88416,14.11442 -15.63851,26.05261 -30.02091,26.05261 H 122.25046 L 94.616142,107.19499 H 448.33544 c 6.18632,0 11.61896,2.2695 15.23028,6.37326 3.64269,4.13484 5.21283,9.73086 4.39636,15.79323 z"></path></svg>
                    </span>
                    </span>
                    <span class="add-to-cart--text d-none d-sm-block">Carrinho</span>
                    </button>
                    </div>
                    </div>
                    </div>
                    </div>
                    
                    <div class="col-12 d-sm-none">
                    </div>
                    </div>
                    </div>
                    </div>
                    </div><div class="pd-tile-wrap slick-slide slick-cloned" data-idx="15" style="width: 276px; height: auto;" data-slick-index="-3" id="" aria-hidden="true" tabindex="-1">
                    
                    <script type="text/javascript">//<!--
                    /* <![CDATA[ */
                    (function(){
                    try {
                        if(window.CQuotient) {
                            var cq_params = {};
                            cq_params.cookieId = window.CQuotient.getCQCookieId();
                            cq_params.userId = window.CQuotient.getCQUserId();
                            cq_params.emailId = CQuotient.getCQHashedEmail();
                            cq_params.loginId = CQuotient.getCQHashedLogin();
                            cq_params.accumulate = true;
                            cq_params.products = [{
                                id: '6938946',
                                sku: '',
                                type: '',
                                alt_id: ''
                            }];
                            cq_params.recommenderName = '__UNDEFINED__';
                            cq_params.realm = "BDVS";
                            cq_params.siteId = "continente";
                            cq_params.instanceType = "prd";
                            cq_params.locale = window.CQuotient.locale;
                            cq_params.slotId = '';
                            cq_params.slotConfigId = '';
                            cq_params.slotConfigTemplate = '';
                            if(window.CQuotient.sendActivity)
                                window.CQuotient.sendActivity( CQuotient.clientId, 'viewReco', cq_params );
                            else
                                window.CQuotient.activities.push( {activityType: 'viewReco', parameters: cq_params} );
                        }
                    } catch(err) {}
                    })();
                    /* ]]> */
                    // -->
                    </script>
                    <script type="text/javascript">//<!--
                    /* <![CDATA[ (viewProduct-active_data.js) */
                    dw.ac._capture({id: "6938946", type: "recommendation"});
                    /* ]]> */
                    // -->
                    </script>
                    <div class="product" data-pid="6938946">
                    <div class="product-tile pid-6938946   ct-product-tile " data-delay-time="3000" data-variants-mapping="[]" data-in-cart-msg="no carrinho" data-one-product-added="Adicionado ao carrinho" data-remove-from-cart-msg="Removido do carrinho" data-stay-open="6000.0" data-product-tile-impression="{&quot;name&quot;:&quot;6938946&quot;,&quot;id&quot;:&quot;6938946&quot;,&quot;price&quot;:11.99,&quot;brand&quot;:&quot;Continente&quot;,&quot;category&quot;:[{&quot;category_level_1&quot;:&quot;Take-Away&quot;},{&quot;category_level_2&quot;:&quot;Refeições Prontas&quot;},{&quot;category_level_3&quot;:&quot;Carne&quot;}],&quot;variant&quot;:&quot;&quot;}">
                    <div class="ct-inner-tile-wrap row no-gutters justify-content-center align-content-start">
                    
                    <div class="ct-image-container col-4 col-sm" data-confirmation-image="{&quot;url&quot;:&quot;https://www.continente.pt/dw/image/v2/BDVS_PRD/on/demandware.static/-/Sites-col-master-catalog/default/dw45bb8a71/images/col/693/6938946-frente.jpg?sw=87&amp;sh=80&quot;,&quot;fallbackimage&quot;:{&quot;url&quot;:&quot;https://www.continente.pt/dw/image/v2/BDVS_PRD/on/demandware.static/Sites-continente-Site/-/default/dw7c42b4da/images/noimagelarge_product.png?sw=87&amp;sh=80&quot;,&quot;title&quot;:&quot;Arroz de Pato&quot;,&quot;alt&quot;:&quot;Arroz de Pato&quot;},&quot;title&quot;:&quot;Arroz de Pato&quot;,&quot;alt&quot;:&quot;Arroz de Pato&quot;}">
                    <a href="https://www.continente.pt/produto/arroz-de-pato-continente-6938946.html?cgid=home" tabindex="-1">
                    <picture class="intrinsic intrinsic--square">
                    <img class="ct-tile-image lazyloaded" loading="lazy" onerror="this.onerror=null;this.src='/on/demandware.static/Sites-continente-Site/-/default/dw7c42b4da/images/noimagelarge_product.png';" data-src="https://www.continente.pt/dw/image/v2/BDVS_PRD/on/demandware.static/-/Sites-col-master-catalog/default/dw45bb8a71/images/col/693/6938946-frente.jpg?sw=280&amp;sh=280" alt="Arroz de Pato" title="Arroz de Pato" src="https://www.continente.pt/dw/image/v2/BDVS_PRD/on/demandware.static/-/Sites-col-master-catalog/default/dw45bb8a71/images/col/693/6938946-frente.jpg?sw=280&amp;sh=280">
                    </picture>
                    </a>
                    <div class="color-swatches d-flex" style="margin-left: 5px;">
                    <div class="swatches d-flex">
                    </div>
                    </div>
                    </div>
                    <div class="ct-tile-body col col-sm-auto ">
                     <div class="ct-pdp-details">
                    <div class="ct-pdp-link">
                    <a class="ct-tile--description" href="https://www.continente.pt/produto/arroz-de-pato-continente-6938946.html?cgid=home" tabindex="-1">Arroz de Pato</a>
                    <div class="ct-tile--favorite-top d-sm-none">
                    <button class="wishlist-toggler guest-mode inactive button button--tertiary" data-pid="6938946" data-add-url="https://www.continente.pt/on/demandware.store/Sites-continente-Site/default/Wishlist-AddProduct?pid=6938946" data-toggle="tooltip" aria-label="Adicionar aos favoritos " data-original-title="Adicionar aos favoritos" data-placement="top" tabindex="-1">
                    <svg class="active-content" width="100%" height="100%" viewBox="0 0 20 22" fill="none" xmlns="http://www.w3.org/2000/svg">
                    <path fill-rule="evenodd" clip-rule="evenodd" d="M0 1.53052C0 0.685236 0.692171 0 1.54601 0H15.0736C15.9274 0 16.6196 0.685235 16.6196 1.53052V13.4064L15.8127 13.922L14.2658 14.2658L12.7189 13.4064L10.6054 14.3818C10.4994 14.2451 10.3327 14.157 10.1452 14.157H6.76329C6.4431 14.157 6.18354 14.414 6.18354 14.731C6.18354 15.0479 6.4431 15.3049 6.76329 15.3049H10.1452C10.2478 15.3049 10.3441 15.2785 10.4277 15.2322L10.3126 16.8439L13.2345 20.2793H1.54601C0.69217 20.2793 0 19.5941 0 18.7488V1.53052ZM6.18354 5.5483C6.18354 5.23132 6.4431 4.97436 6.76329 4.97436H12.3676C12.6878 4.97436 12.9473 5.23132 12.9473 5.5483C12.9473 5.86528 12.6878 6.12224 12.3676 6.12224H6.76329C6.4431 6.12224 6.18354 5.86528 6.18354 5.5483ZM6.76329 11.0961C6.4431 11.0961 6.18354 11.3531 6.18354 11.6701C6.18354 11.987 6.4431 12.244 6.76329 12.244H12.3676C12.6878 12.244 12.9473 11.987 12.9473 11.6701C12.9473 11.3531 12.6878 11.0961 12.3676 11.0961H6.76329ZM6.18354 8.60985C6.18354 8.29287 6.4431 8.03591 6.76329 8.03591H12.3676C12.6878 8.03591 12.9473 8.29287 12.9473 8.60985C12.9473 8.92684 12.6878 9.1838 12.3676 9.1838H6.76329C6.4431 9.1838 6.18354 8.92684 6.18354 8.60985ZM3.67118 5.5483C3.67118 5.23132 3.93075 4.97436 4.25093 4.97436H4.63743C4.95762 4.97436 5.21719 5.23132 5.21719 5.5483C5.21719 5.86528 4.95762 6.12224 4.63743 6.12224H4.25093C3.93075 6.12224 3.67118 5.86528 3.67118 5.5483ZM4.25093 11.0961C3.93075 11.0961 3.67118 11.3531 3.67118 11.6701C3.67118 11.987 3.93075 12.244 4.25093 12.244H4.63743C4.95762 12.244 5.21719 11.987 5.21719 11.6701C5.21719 11.3531 4.95762 11.0961 4.63743 11.0961H4.25093ZM3.67118 8.60985C3.67118 8.29287 3.93075 8.03591 4.25093 8.03591H4.63743C4.95762 8.03591 5.21719 8.29287 5.21719 8.60985C5.21719 8.92684 4.95762 9.1838 4.63743 9.1838H4.25093C3.93075 9.1838 3.67118 8.92684 3.67118 8.60985ZM4.25093 14.157C3.93075 14.157 3.67118 14.414 3.67118 14.731C3.67118 15.0479 3.93075 15.3049 4.25093 15.3049H4.63743C4.95762 15.3049 5.21719 15.0479 5.21719 14.731C5.21719 14.414 4.95762 14.157 4.63743 14.157H4.25093Z" fill="#EB0203"></path>
                    <path fill-rule="evenodd" clip-rule="evenodd" d="M14.6252 13.6363C13.4918 12.6215 11.7817 12.5264 10.6569 13.4792C9.12421 14.7764 9.34841 16.8912 10.4409 18.0122L14.0159 21.6742C14.2197 21.8832 14.4928 22 14.7822 22C15.0737 22 15.3448 21.8852 15.5486 21.6762L19.1236 18.0142C20.214 16.8933 20.4423 14.7785 18.9075 13.4792C17.7827 12.5283 16.0724 12.6217 14.9391 13.6365C14.8855 13.6845 14.8331 13.7345 14.7822 13.7866C14.7313 13.7345 14.6789 13.6843 14.6252 13.6363ZM18.1546 14.3522C19.0973 15.1508 18.9962 16.4896 18.2891 17.2173C18.2888 17.2175 18.2886 17.2177 18.2884 17.218L14.7832 20.8084L11.2753 17.2151C11.2752 17.215 11.2751 17.2149 11.2749 17.2148C10.5677 16.4887 10.4678 15.1495 11.4104 14.3518L11.4108 14.3514C12.0745 13.7892 13.2018 13.82 13.9488 14.5846L14.7822 15.4378L15.6157 14.5846C16.3617 13.8211 17.4896 13.79 18.1545 14.3521" fill="#EB0203"></path>
                    </svg>
                    <svg class="inactive-content" width="100%" height="100%" viewBox="0 0 20 23" fill="none" xmlns="http://www.w3.org/2000/svg">
                    <path fill-rule="evenodd" clip-rule="evenodd" d="M6.18408 5.77914C6.18408 5.46223 6.44363 5.20532 6.7638 5.20532H12.3678C12.6879 5.20532 12.9475 5.46223 12.9475 5.77914C12.9475 6.09606 12.6879 6.35297 12.3678 6.35297H6.7638C6.44363 6.35297 6.18408 6.09606 6.18408 5.77914Z" fill="#EB0203"></path>
                    <path fill-rule="evenodd" clip-rule="evenodd" d="M6.18408 11.9034C6.18408 11.5865 6.44363 11.3296 6.7638 11.3296H12.3678C12.6879 11.3296 12.9475 11.5865 12.9475 11.9034C12.9475 12.2202 12.6879 12.4771 12.3678 12.4771H6.7638C6.44363 12.4771 6.18408 12.2202 6.18408 11.9034Z" fill="#EB0203"></path>
                    <path fill-rule="evenodd" clip-rule="evenodd" d="M6.18408 8.84116C6.18408 8.52424 6.44363 8.26733 6.7638 8.26733H12.3678C12.6879 8.26733 12.9475 8.52424 12.9475 8.84116C12.9475 9.15807 12.6879 9.41498 12.3678 9.41498H6.7638C6.44363 9.41498 6.18408 9.15807 6.18408 8.84116Z" fill="#EB0203"></path>
                    <path fill-rule="evenodd" clip-rule="evenodd" d="M6.18408 14.9655C6.18408 14.6486 6.44363 14.3917 6.7638 14.3917H10.1455C10.4657 14.3917 10.7252 14.6486 10.7252 14.9655C10.7252 15.2825 10.4657 15.5394 10.1455 15.5394H6.7638C6.44363 15.5394 6.18408 15.2825 6.18408 14.9655Z" fill="#EB0203"></path>
                    <path fill-rule="evenodd" clip-rule="evenodd" d="M3.67139 5.77914C3.67139 5.46223 3.93094 5.20532 4.25111 5.20532H4.63759C4.95776 5.20532 5.21731 5.46223 5.21731 5.77914C5.21731 6.09606 4.95776 6.35297 4.63759 6.35297H4.25111C3.93094 6.35297 3.67139 6.09606 3.67139 5.77914Z" fill="#EB0203"></path>
                    <path fill-rule="evenodd" clip-rule="evenodd" d="M3.67139 11.9034C3.67139 11.5865 3.93094 11.3296 4.25111 11.3296H4.63759C4.95776 11.3296 5.21731 11.5865 5.21731 11.9034C5.21731 12.2202 4.95776 12.4771 4.63759 12.4771H4.25111C3.93094 12.4771 3.67139 12.2202 3.67139 11.9034Z" fill="#EB0203"></path>
                    <path fill-rule="evenodd" clip-rule="evenodd" d="M3.67139 8.84116C3.67139 8.52424 3.93094 8.26733 4.25111 8.26733H4.63759C4.95776 8.26733 5.21731 8.52424 5.21731 8.84116C5.21731 9.15807 4.95776 9.41498 4.63759 9.41498H4.25111C3.93094 9.41498 3.67139 9.15807 3.67139 8.84116Z" fill="#EB0203"></path>
                    <path fill-rule="evenodd" clip-rule="evenodd" d="M3.67139 14.9655C3.67139 14.6486 3.93094 14.3917 4.25111 14.3917H4.63759C4.95776 14.3917 5.21731 14.6486 5.21731 14.9655C5.21731 15.2825 4.95776 15.5394 4.63759 15.5394H4.25111C3.93094 15.5394 3.67139 15.2825 3.67139 14.9655Z" fill="#EB0203"></path>
                    <path fill-rule="evenodd" clip-rule="evenodd" d="M0 1.76033C0 0.914738 0.692131 0.229248 1.54592 0.229248H15.0727C15.9265 0.229248 16.6186 0.914738 16.6186 1.76033V11.2818C16.6186 11.5989 16.3591 11.8559 16.0389 11.8559C15.7187 11.8559 15.4592 11.5989 15.4592 11.2818V1.76033C15.4592 1.54893 15.2862 1.37756 15.0727 1.37756H1.54592C1.33247 1.37756 1.15944 1.54893 1.15944 1.76033V18.985C1.15944 19.1964 1.33247 19.3678 1.54592 19.3678H9.27551C9.59568 19.3678 9.85523 19.6249 9.85523 19.942C9.85523 20.2591 9.59568 20.5161 9.27551 20.5161H1.54592C0.692131 20.5161 0 19.8306 0 18.985V1.76033Z" fill="#EB0203"></path>
                    <path fill-rule="evenodd" clip-rule="evenodd" d="M14.6254 13.8718C13.4921 12.8567 11.7821 12.7615 10.6574 13.7147C9.12472 15.0124 9.34891 17.128 10.4413 18.2493L14.0161 21.9126C14.2199 22.1217 14.493 22.2386 14.7824 22.2386C15.0739 22.2386 15.3449 22.1238 15.5487 21.9147L19.1235 18.2514C20.2139 17.13 20.4422 15.0144 18.9075 13.7147C17.7827 12.7634 16.0726 12.8569 14.9392 13.872C14.8856 13.92 14.8333 13.9701 14.7824 14.0222C14.7314 13.97 14.6791 13.9199 14.6254 13.8718ZM18.1546 14.588C19.0972 15.3869 18.9961 16.7262 18.2891 17.4541C18.2888 17.4543 18.2886 17.4546 18.2884 17.4548L14.7834 21.0466L11.2757 17.452C11.2756 17.4519 11.2755 17.4517 11.2753 17.4516C10.5681 16.7252 10.4682 15.3856 11.4108 14.5876L11.4112 14.5872C12.0748 14.0248 13.202 14.0556 13.949 14.8205L14.7824 15.674L15.6158 14.8205C16.3618 14.0567 17.4896 14.0256 18.1545 14.5879" fill="#EB0203"></path>
                    </svg>
                    </button>
                    </div>
                    </div>
                    <p class="ct-tile--brand">Continente</p>
                    <p class="ct-tile--quantity">Quant. Mínima= 300 gr</p>
                    </div>
                    <div class="ct-tile-bottom row no-gutters justify-content-between">
                    <div class="ct-price-wrap col-8 col-sm-12">
                    <div class="price js-product-price">
                    <div class="prices-wrapper">
                    <span class="sales ct-tile--price-primary ">
                    <span class="value" content="11.99">
                    <span class="ct-price-formatted">
                    €11,99
                    </span>
                    <span class="ct-m-unit">
                    /kg
                    </span>
                    </span>
                    </span>
                    </div>
                    <div class="ct-tile--price-secondary">
                    <span class="ct-price-value">
                    €3,60
                    </span>
                    <span class="ct-m-unit">
                    /un
                    </span>
                    </div>
                    </div>
                    </div>
                    <div class="ct-tile-buy-section d-flex justify-content-center no-gutters col-auto col-sm-12">
                    <div class="col-2 d-sm-flex d-none">
                    <button class="wishlist-toggler guest-mode inactive button button--tertiary" data-pid="6938946" data-add-url="https://www.continente.pt/on/demandware.store/Sites-continente-Site/default/Wishlist-AddProduct?pid=6938946" data-toggle="tooltip" aria-label="Adicionar aos favoritos " data-original-title="Adicionar aos favoritos" data-placement="top" tabindex="-1">
                    <svg class="active-content" width="100%" height="100%" viewBox="0 0 20 22" fill="none" xmlns="http://www.w3.org/2000/svg">
                    <path fill-rule="evenodd" clip-rule="evenodd" d="M0 1.53052C0 0.685236 0.692171 0 1.54601 0H15.0736C15.9274 0 16.6196 0.685235 16.6196 1.53052V13.4064L15.8127 13.922L14.2658 14.2658L12.7189 13.4064L10.6054 14.3818C10.4994 14.2451 10.3327 14.157 10.1452 14.157H6.76329C6.4431 14.157 6.18354 14.414 6.18354 14.731C6.18354 15.0479 6.4431 15.3049 6.76329 15.3049H10.1452C10.2478 15.3049 10.3441 15.2785 10.4277 15.2322L10.3126 16.8439L13.2345 20.2793H1.54601C0.69217 20.2793 0 19.5941 0 18.7488V1.53052ZM6.18354 5.5483C6.18354 5.23132 6.4431 4.97436 6.76329 4.97436H12.3676C12.6878 4.97436 12.9473 5.23132 12.9473 5.5483C12.9473 5.86528 12.6878 6.12224 12.3676 6.12224H6.76329C6.4431 6.12224 6.18354 5.86528 6.18354 5.5483ZM6.76329 11.0961C6.4431 11.0961 6.18354 11.3531 6.18354 11.6701C6.18354 11.987 6.4431 12.244 6.76329 12.244H12.3676C12.6878 12.244 12.9473 11.987 12.9473 11.6701C12.9473 11.3531 12.6878 11.0961 12.3676 11.0961H6.76329ZM6.18354 8.60985C6.18354 8.29287 6.4431 8.03591 6.76329 8.03591H12.3676C12.6878 8.03591 12.9473 8.29287 12.9473 8.60985C12.9473 8.92684 12.6878 9.1838 12.3676 9.1838H6.76329C6.4431 9.1838 6.18354 8.92684 6.18354 8.60985ZM3.67118 5.5483C3.67118 5.23132 3.93075 4.97436 4.25093 4.97436H4.63743C4.95762 4.97436 5.21719 5.23132 5.21719 5.5483C5.21719 5.86528 4.95762 6.12224 4.63743 6.12224H4.25093C3.93075 6.12224 3.67118 5.86528 3.67118 5.5483ZM4.25093 11.0961C3.93075 11.0961 3.67118 11.3531 3.67118 11.6701C3.67118 11.987 3.93075 12.244 4.25093 12.244H4.63743C4.95762 12.244 5.21719 11.987 5.21719 11.6701C5.21719 11.3531 4.95762 11.0961 4.63743 11.0961H4.25093ZM3.67118 8.60985C3.67118 8.29287 3.93075 8.03591 4.25093 8.03591H4.63743C4.95762 8.03591 5.21719 8.29287 5.21719 8.60985C5.21719 8.92684 4.95762 9.1838 4.63743 9.1838H4.25093C3.93075 9.1838 3.67118 8.92684 3.67118 8.60985ZM4.25093 14.157C3.93075 14.157 3.67118 14.414 3.67118 14.731C3.67118 15.0479 3.93075 15.3049 4.25093 15.3049H4.63743C4.95762 15.3049 5.21719 15.0479 5.21719 14.731C5.21719 14.414 4.95762 14.157 4.63743 14.157H4.25093Z" fill="#EB0203"></path>
                    <path fill-rule="evenodd" clip-rule="evenodd" d="M14.6252 13.6363C13.4918 12.6215 11.7817 12.5264 10.6569 13.4792C9.12421 14.7764 9.34841 16.8912 10.4409 18.0122L14.0159 21.6742C14.2197 21.8832 14.4928 22 14.7822 22C15.0737 22 15.3448 21.8852 15.5486 21.6762L19.1236 18.0142C20.214 16.8933 20.4423 14.7785 18.9075 13.4792C17.7827 12.5283 16.0724 12.6217 14.9391 13.6365C14.8855 13.6845 14.8331 13.7345 14.7822 13.7866C14.7313 13.7345 14.6789 13.6843 14.6252 13.6363ZM18.1546 14.3522C19.0973 15.1508 18.9962 16.4896 18.2891 17.2173C18.2888 17.2175 18.2886 17.2177 18.2884 17.218L14.7832 20.8084L11.2753 17.2151C11.2752 17.215 11.2751 17.2149 11.2749 17.2148C10.5677 16.4887 10.4678 15.1495 11.4104 14.3518L11.4108 14.3514C12.0745 13.7892 13.2018 13.82 13.9488 14.5846L14.7822 15.4378L15.6157 14.5846C16.3617 13.8211 17.4896 13.79 18.1545 14.3521" fill="#EB0203"></path>
                    </svg>
                    <svg class="inactive-content" width="100%" height="100%" viewBox="0 0 20 23" fill="none" xmlns="http://www.w3.org/2000/svg">
                    <path fill-rule="evenodd" clip-rule="evenodd" d="M6.18408 5.77914C6.18408 5.46223 6.44363 5.20532 6.7638 5.20532H12.3678C12.6879 5.20532 12.9475 5.46223 12.9475 5.77914C12.9475 6.09606 12.6879 6.35297 12.3678 6.35297H6.7638C6.44363 6.35297 6.18408 6.09606 6.18408 5.77914Z" fill="#EB0203"></path>
                    <path fill-rule="evenodd" clip-rule="evenodd" d="M6.18408 11.9034C6.18408 11.5865 6.44363 11.3296 6.7638 11.3296H12.3678C12.6879 11.3296 12.9475 11.5865 12.9475 11.9034C12.9475 12.2202 12.6879 12.4771 12.3678 12.4771H6.7638C6.44363 12.4771 6.18408 12.2202 6.18408 11.9034Z" fill="#EB0203"></path>
                    <path fill-rule="evenodd" clip-rule="evenodd" d="M6.18408 8.84116C6.18408 8.52424 6.44363 8.26733 6.7638 8.26733H12.3678C12.6879 8.26733 12.9475 8.52424 12.9475 8.84116C12.9475 9.15807 12.6879 9.41498 12.3678 9.41498H6.7638C6.44363 9.41498 6.18408 9.15807 6.18408 8.84116Z" fill="#EB0203"></path>
                    <path fill-rule="evenodd" clip-rule="evenodd" d="M6.18408 14.9655C6.18408 14.6486 6.44363 14.3917 6.7638 14.3917H10.1455C10.4657 14.3917 10.7252 14.6486 10.7252 14.9655C10.7252 15.2825 10.4657 15.5394 10.1455 15.5394H6.7638C6.44363 15.5394 6.18408 15.2825 6.18408 14.9655Z" fill="#EB0203"></path>
                    <path fill-rule="evenodd" clip-rule="evenodd" d="M3.67139 5.77914C3.67139 5.46223 3.93094 5.20532 4.25111 5.20532H4.63759C4.95776 5.20532 5.21731 5.46223 5.21731 5.77914C5.21731 6.09606 4.95776 6.35297 4.63759 6.35297H4.25111C3.93094 6.35297 3.67139 6.09606 3.67139 5.77914Z" fill="#EB0203"></path>
                    <path fill-rule="evenodd" clip-rule="evenodd" d="M3.67139 11.9034C3.67139 11.5865 3.93094 11.3296 4.25111 11.3296H4.63759C4.95776 11.3296 5.21731 11.5865 5.21731 11.9034C5.21731 12.2202 4.95776 12.4771 4.63759 12.4771H4.25111C3.93094 12.4771 3.67139 12.2202 3.67139 11.9034Z" fill="#EB0203"></path>
                    <path fill-rule="evenodd" clip-rule="evenodd" d="M3.67139 8.84116C3.67139 8.52424 3.93094 8.26733 4.25111 8.26733H4.63759C4.95776 8.26733 5.21731 8.52424 5.21731 8.84116C5.21731 9.15807 4.95776 9.41498 4.63759 9.41498H4.25111C3.93094 9.41498 3.67139 9.15807 3.67139 8.84116Z" fill="#EB0203"></path>
                    <path fill-rule="evenodd" clip-rule="evenodd" d="M3.67139 14.9655C3.67139 14.6486 3.93094 14.3917 4.25111 14.3917H4.63759C4.95776 14.3917 5.21731 14.6486 5.21731 14.9655C5.21731 15.2825 4.95776 15.5394 4.63759 15.5394H4.25111C3.93094 15.5394 3.67139 15.2825 3.67139 14.9655Z" fill="#EB0203"></path>
                    <path fill-rule="evenodd" clip-rule="evenodd" d="M0 1.76033C0 0.914738 0.692131 0.229248 1.54592 0.229248H15.0727C15.9265 0.229248 16.6186 0.914738 16.6186 1.76033V11.2818C16.6186 11.5989 16.3591 11.8559 16.0389 11.8559C15.7187 11.8559 15.4592 11.5989 15.4592 11.2818V1.76033C15.4592 1.54893 15.2862 1.37756 15.0727 1.37756H1.54592C1.33247 1.37756 1.15944 1.54893 1.15944 1.76033V18.985C1.15944 19.1964 1.33247 19.3678 1.54592 19.3678H9.27551C9.59568 19.3678 9.85523 19.6249 9.85523 19.942C9.85523 20.2591 9.59568 20.5161 9.27551 20.5161H1.54592C0.692131 20.5161 0 19.8306 0 18.985V1.76033Z" fill="#EB0203"></path>
                    <path fill-rule="evenodd" clip-rule="evenodd" d="M14.6254 13.8718C13.4921 12.8567 11.7821 12.7615 10.6574 13.7147C9.12472 15.0124 9.34891 17.128 10.4413 18.2493L14.0161 21.9126C14.2199 22.1217 14.493 22.2386 14.7824 22.2386C15.0739 22.2386 15.3449 22.1238 15.5487 21.9147L19.1235 18.2514C20.2139 17.13 20.4422 15.0144 18.9075 13.7147C17.7827 12.7634 16.0726 12.8569 14.9392 13.872C14.8856 13.92 14.8333 13.9701 14.7824 14.0222C14.7314 13.97 14.6791 13.9199 14.6254 13.8718ZM18.1546 14.588C19.0972 15.3869 18.9961 16.7262 18.2891 17.4541C18.2888 17.4543 18.2886 17.4546 18.2884 17.4548L14.7834 21.0466L11.2757 17.452C11.2756 17.4519 11.2755 17.4517 11.2753 17.4516C10.5681 16.7252 10.4682 15.3856 11.4108 14.5876L11.4112 14.5872C12.0748 14.0248 13.202 14.0556 13.949 14.8205L14.7824 15.674L15.6158 14.8205C16.3618 14.0567 17.4896 14.0256 18.1545 14.5879" fill="#EB0203"></path>
                    </svg>
                    </button>
                    </div>
                    <div class="col-sm-10 col-12">
                    <div class="ct-tile-quantity d-none" data-pid="6938946">
                    <input type="hidden" class="add-to-cart-url" value="https://www.continente.pt/on/demandware.store/Sites-continente-Site/default/Cart-AddProduct" tabindex="-1">
                    <div class="d-none tile-delete-confirmation-btn" data-pid="6938946" data-delay-time="3000" data-in-cart-msg="no carrinho" data-one-product-added="Adicionado ao carrinho" data-remove-from-cart-msg="Removido do carrinho" data-stay-open="6000.0" data-confirmation-image="{&quot;url&quot;:&quot;https://www.continente.pt/dw/image/v2/BDVS_PRD/on/demandware.static/-/Sites-col-master-catalog/default/dw45bb8a71/images/col/693/6938946-frente.jpg?sw=87&amp;sh=80&quot;,&quot;fallbackimage&quot;:{&quot;url&quot;:&quot;https://www.continente.pt/dw/image/v2/BDVS_PRD/on/demandware.static/Sites-continente-Site/-/default/dw7c42b4da/images/noimagelarge_product.png?sw=87&amp;sh=80&quot;,&quot;title&quot;:&quot;Arroz de Pato&quot;,&quot;alt&quot;:&quot;Arroz de Pato&quot;},&quot;title&quot;:&quot;Arroz de Pato&quot;,&quot;alt&quot;:&quot;Arroz de Pato&quot;}"></div>
                    <div class="ct-tile-quantity-update quantity-update product-qty-vue" data-remove-action="https://www.continente.pt/on/demandware.store/Sites-continente-Site/default/Cart-RemoveProductLineItem" data-action="https://www.continente.pt/on/demandware.store/Sites-continente-Site/default/Cart-UpdateQuantity" data-dimension-update="https://www.continente.pt/on/demandware.store/Sites-continente-Site/default/Cart-DimensionUpdate" data-pid="6938946" data-uuid="d1be0d88ae5ada8446e72ac1b8" data-add-delay="500.0" data-measure-options="{&quot;hasConversionRate&quot;:true,&quot;hasAlternativeSaleUnit&quot;:true,&quot;primaryToSecondary&quot;:0.3,&quot;secondaryToPrimary&quot;:1,&quot;unitConversionRate&quot;:0.3,&quot;minOrderQuantity&quot;:0.3,&quot;stepQuantity&quot;:0.3,&quot;primaryunit&quot;:&quot;kg&quot;,&quot;secondaryunit&quot;:&quot;un&quot;,&quot;selectedunit&quot;:&quot;primary&quot;,&quot;maxNumberOfUnitsPerSale&quot;:49.8}" data-price-available="null" :data-has-error="isMaxQtyReached || isMinQtyReached || qtySelectedMoreThanOne">
                    <template v-show="prodUnits">
                    <div class="quantity-input-wrapper has-units">
                    <label class="visually-hidden" :for="'quantity-' + pid + additionalTag">
                    Quantidade no carrinho
                    </label>
                    <input :ref="'quantityInput-' + pid + additionalTag" class="add-to-cart-quantity form-control ct-form-input text-center" inputmode="numeric" :class="{'is-invalid': isInvalid}" :data-pid="pid + additionalTag" :name="'quantity-' + pid + additionalTag" type="text" aria-label="Insira a quantidade" title="" v-model="displayValue" @change="updateQuantity" @focus="updateQtyFormat" @blur="restoreQtyFormat" :disabled="!isPriceAvailable">
                    <span class="quantity-icon quantity-icon--minus">
                    <button class="decrease-quantity-btn" @click="updateQuantity" :disabled="!isPriceAvailable" role="button" aria-label="Reduzir quantidade">
                    <i class="css-math-minus"></i>
                    </button>
                    </span>
                    <span class="quantity-icon quantity-icon--plus">
                    <button class="increase-quantity-btn" @click="updateQuantity" :disabled="isMaxQtyReached || !isPriceAvailable" role="button" aria-label="Aumentar quantidade">
                    <i class="css-math-plus"></i>
                    </button>
                    <span class="quantity-btn-disabled-placeholder"></span>
                    </span>
                    <template v-if="isPDP">
                    <span class="quantity-error ct-span-error text-sm-center product-max-allocation" v-if="isMaxQtyReached">
                    Quantidade máxima atingida
                    </span>
                    <span class="quantity-error ct-span-product text-sm-center product-allocation" v-if="!isMinQtyReached &amp;&amp; !isMaxQtyReached">
                    {{quantitySelected}} no carrinho
                    </span>
                    <span class="quantity-error ct-span-error text-sm-center product-min-allocation" :data-pid="pid" v-if="isMinQtyReached &amp;&amp; !isMaxQtyReached">
                    Quantidade mínima atingida
                    </span>
                    </template>
                    </div>
                    <template v-if="showNotes">
                    <div class="add-note-link-container ">
                    <div class="add-note">
                    <a href="/produto/arroz-de-pato-continente-6938946.html?showNote=true" class="ct-add-note-redirect-pdp" aria-label="Adicionar comentário">
                    <span class="svg-wrapper svg-icon-notes" style="width:19px; height:20px">
                    <svg class="svg-inline icon-notes" viewBox="0 0 28 30" xmlns="http://www.w3.org/2000/svg" width="100%" height="100%"><path d="M21.738 0C22.985 0 24 1.04 24 2.319V12.47c0 .469-.37.848-.828.848-.457 0-.827-.38-.827-.848V2.32c0-.343-.273-.622-.607-.622H2.262c-.334 0-.607.279-.607.622V27.68c0 .343.273.622.607.622h7.81c.457 0 .827.38.827.849 0 .468-.37.848-.827.848h-7.81C1.015 30 0 28.96 0 27.681V2.32C0 1.04 1.015 0 2.262 0h19.476zm2.844 16.004l.227.007c.823.053 1.589.39 2.176.964.64.627.993 1.46.993 2.349 0 .888-.353 1.722-.993 2.348l-6.83 6.665c-.11.108-.247.186-.397.226l-5.032 1.363c-.078.021-.16.032-.241.032-.242 0-.478-.097-.647-.266-.23-.231-.314-.566-.218-.874l1.49-4.798c.044-.139.122-.266.227-.369l6.844-6.677c.64-.625 1.493-.97 2.401-.97zm-2.886 3.94l-4.922 4.802-.947 3.048 3.22-.872 4.897-4.78-2.248-2.197zm2.887-2.174c-.425 0-.824.162-1.124.455l-.484.472 2.248 2.197.484-.472c.62-.606.62-1.591 0-2.197l-.117-.104c-.283-.227-.636-.35-1.007-.35zm-10.839.022c.498 0 .904.396.904.883 0 .488-.406.884-.904.884H5.946c-.499 0-.904-.396-.904-.884 0-.487.405-.883.904-.883zm5.042-4.876c.498 0 .904.397.904.884s-.406.884-.904.884H5.946c-.499 0-.904-.397-.904-.884s.405-.884.904-.884zm0-4.875c.498 0 .904.396.904.884 0 .487-.406.883-.904.883H5.946c-.499 0-.904-.396-.904-.883 0-.488.405-.884.904-.884z" fill="#EB0203" fill-rule="evenodd"></path></svg>
                    </span>
                    <div class="available-note d-none"></div>
                    </a>
                    </div>
                    </div>
                    </template>
                    <div class="measurement-unit-section" v-if="isPriceAvailable &amp;&amp; prodUnits ? prodUnits.hasAlternativeUnit : false">
                    <div class="ct-form-radio" @click="setDimension">
                    <input type="radio" title="" class="ct-form-check-input product-measurement-unit" :data-type="prodUnits.selectedUnit == prodUnits.secondaryUnit ? 'primary' : ''" :id="prodUnits.secondaryUnit + '-' + pid + '-measurement-unit-ptile' + additionalTag" :name="'measurement-unit-' + pid + '-ptile' + additionalTag" :value="prodUnits.secondaryUnit" v-model="prodUnits.selectedUnit">
                    <label :class="prodUnits.secondaryUnit + '-label ct-form-check-label mb-0'" :for="prodUnits.secondaryUnit + '-' + pid + '-measurement-unit-ptile' + additionalTag">
                    {{prodUnits.secondaryUnit}}
                    </label>
                    <span class="checkmark"></span>
                    </div>
                    <div class="ct-form-radio" @click="setDimension">
                    <input type="radio" title="" class="ct-form-check-input product-measurement-unit" :data-type="prodUnits.selectedUnit == prodUnits.primaryUnit ? 'primary' : ''" :id="prodUnits.primaryUnit + '-' + pid + '-measurement-unit-ptile' + additionalTag" :name="'measurement-unit-' + pid + '-ptile' + additionalTag" :value="prodUnits.primaryUnit" v-model="prodUnits.selectedUnit">
                    <label :class="prodUnits.primaryUnit + '-label ct-form-check-label mb-0'" :for="prodUnits.primaryUnit + '-' + pid + '-measurement-unit-ptile' + additionalTag">
                    {{prodUnits.primaryUnit}}
                    </label>
                    <span class="checkmark"></span>
                    </div>
                    </div>
                    <template v-if="!isPDP &amp;&amp; isPriceAvailable">
                    <span class="quantity-error ct-span-error product-max-allocation" v-if="isMaxQtyReached">
                    Quantidade máxima atingida
                    </span>
                    <span class="quantity-error ct-span-product product-allocation" v-if="!isMinQtyReached &amp;&amp; !isMaxQtyReached">
                    {{quantitySelected}} no carrinho
                    </span>
                    <span class="quantity-error ct-span-error product-min-allocation" :data-pid="pid" v-if="isMinQtyReached &amp;&amp; !isMaxQtyReached">
                    Quantidade mínima atingida
                    </span>
                    </template>
                    </template>
                    </div>
                    <input class="quantity-value-mask d-none" name="quantity" type="number" min="0" value="" tabindex="-1">
                    </div>
                    <button type="button" class="add-to-cart button js-add-to-cart js-add-to-cart-tile 6938946 button--primary dynamic-layout-btn" data-toggle="modal" data-target="#chooseBonusProductModal" data-pid="6938946" data-quantity-value="null" aria-label="Carrinho" tabindex="-1">
                    <span class="d-block d-sm-none">
                    <span class="svg-wrapper svg-icon-cart" style="width:20px; height:20px">
                    <svg class="svg-inline icon-cart" xmlns="http://www.w3.org/2000/svg" viewBox="0 0 500 500" width="100%" height="100%"><path fill="#EB0203" fill-rule="evenodd" d="M 485.67317,94.386311 C 476.37798,83.847129 463.09468,78.03348 448.30404,78.03348 H 90.690813 L 87.079511,51.327997 C 83.185582,22.539551 62.962285,0 41.011841,0 H 14.727836 C 6.563151,0 0,6.5286975 0,14.580758 c 0,8.05206 6.5945535,14.580758 14.727836,14.580758 h 26.284005 c 4.710398,0 14.696435,9.855222 16.894619,26.021523 L 100.01739,368.0631 c 1.88416,13.77244 9.01256,26.70549 20.1605,36.37417 8.25889,7.15046 18.02511,11.9071 28.26237,13.89679 -4.17655,7.58572 -6.53175,16.25957 -6.53175,25.493 0,29.53459 24.27424,53.59751 54.13815,53.59751 29.8325,0 54.13814,-24.03184 54.13814,-53.59751 0,-8.79818 -2.19818,-17.09897 -5.9979,-24.43598 h 77.12488 c -3.79973,7.33701 -5.96652,15.6378 -5.96652,24.43598 0,29.53459 24.27424,53.59751 54.13817,53.59751 29.83249,0 54.13814,-24.03184 54.13814,-53.59751 0,-8.79818 -2.1982,-17.09897 -5.9979,-24.43598 h 38.56243 c 8.13328,0 14.72783,-6.5287 14.72783,-14.61183 0,-8.02098 -6.59455,-14.54967 -14.72783,-14.54967 H 159.24277 c -14.38241,0 -28.13677,-11.90711 -30.02092,-26.02153 l -3.07746,-22.88154 h 290.6314 c 14.03698,0 27.94834,-5.28513 39.06488,-14.95381 11.11652,-9.6376 18.27632,-22.57065 20.16048,-36.37417 l 21.10259,-156.78201 c 1.94694,-14.51858 -2.10398,-28.29103 -11.43057,-38.861299 z M 220.76053,443.82706 c 0,13.49265 -11.08513,24.46709 -24.68247,24.46709 -13.62874,0 -24.71387,-10.97444 -24.71387,-24.46709 0,-13.49262 11.08513,-24.43598 24.71387,-24.43598 13.59734,0 24.68247,10.94336 24.68247,24.43598 z m 173.43675,0 c 0,13.49265 -11.08512,24.46709 -24.68245,24.46709 -13.62876,0 -24.71388,-10.97444 -24.71388,-24.46709 0,-13.49262 11.08512,-24.43598 24.71388,-24.43598 13.59733,0 24.68245,10.94336 24.68245,24.43598 z m 73.7648,-314.46558 -21.13397,156.782 c -1.88416,14.11442 -15.63851,26.05261 -30.02091,26.05261 H 122.25046 L 94.616142,107.19499 H 448.33544 c 6.18632,0 11.61896,2.2695 15.23028,6.37326 3.64269,4.13484 5.21283,9.73086 4.39636,15.79323 z"></path></svg>
                    </span>
                    </span>
                    <span class="add-to-cart--text d-none d-sm-block">Carrinho</span>
                    </button>
                    </div>
                    </div>
                    </div>
                    </div>
                    
                    <div class="col-12 d-sm-none">
                    </div>
                    </div>
                    </div>
                    </div>
                    </div><div class="pd-tile-wrap slick-slide slick-cloned" data-idx="16" style="width: 276px; height: auto;" data-slick-index="-2" id="" aria-hidden="true" tabindex="-1">
                    
                    <script type="text/javascript">//<!--
                    /* <![CDATA[ */
                    (function(){
                    try {
                        if(window.CQuotient) {
                            var cq_params = {};
                            cq_params.cookieId = window.CQuotient.getCQCookieId();
                            cq_params.userId = window.CQuotient.getCQUserId();
                            cq_params.emailId = CQuotient.getCQHashedEmail();
                            cq_params.loginId = CQuotient.getCQHashedLogin();
                            cq_params.accumulate = true;
                            cq_params.products = [{
                                id: '7186509',
                                sku: '',
                                type: '',
                                alt_id: ''
                            }];
                            cq_params.recommenderName = '__UNDEFINED__';
                            cq_params.realm = "BDVS";
                            cq_params.siteId = "continente";
                            cq_params.instanceType = "prd";
                            cq_params.locale = window.CQuotient.locale;
                            cq_params.slotId = '';
                            cq_params.slotConfigId = '';
                            cq_params.slotConfigTemplate = '';
                            if(window.CQuotient.sendActivity)
                                window.CQuotient.sendActivity( CQuotient.clientId, 'viewReco', cq_params );
                            else
                                window.CQuotient.activities.push( {activityType: 'viewReco', parameters: cq_params} );
                        }
                    } catch(err) {}
                    })();
                    /* ]]> */
                    // -->
                    </script>
                    <script type="text/javascript">//<!--
                    /* <![CDATA[ (viewProduct-active_data.js) */
                    dw.ac._capture({id: "7186509", type: "recommendation"});
                    /* ]]> */
                    // -->
                    </script>
                    <div class="product" data-pid="7186509">
                    <div class="product-tile pid-7186509   ct-product-tile " data-delay-time="3000" data-variants-mapping="[]" data-in-cart-msg="no carrinho" data-one-product-added="Adicionado ao carrinho" data-remove-from-cart-msg="Removido do carrinho" data-stay-open="6000.0" data-product-tile-impression="{&quot;name&quot;:&quot;7186509&quot;,&quot;id&quot;:&quot;7186509&quot;,&quot;price&quot;:2.49,&quot;brand&quot;:&quot;Sun&amp;Vegs&quot;,&quot;category&quot;:[{&quot;category_level_1&quot;:&quot;Take-Away&quot;},{&quot;category_level_2&quot;:&quot;Saladas, Sandes e Wraps&quot;},{&quot;category_level_3&quot;:&quot;Saladas Refeição&quot;}],&quot;variant&quot;:&quot;&quot;}">
                    <div class="ct-inner-tile-wrap row no-gutters justify-content-center align-content-start">
                    
                    <div class="ct-image-container col-4 col-sm" data-confirmation-image="{&quot;url&quot;:&quot;https://www.continente.pt/dw/image/v2/BDVS_PRD/on/demandware.static/-/Sites-col-master-catalog/default/dwb049063f/images/col/718/7186509-cima.jpg?sw=87&amp;sh=80&quot;,&quot;fallbackimage&quot;:{&quot;url&quot;:&quot;https://www.continente.pt/dw/image/v2/BDVS_PRD/on/demandware.static/Sites-continente-Site/-/default/dw7c42b4da/images/noimagelarge_product.png?sw=87&amp;sh=80&quot;,&quot;title&quot;:&quot;Salada de Atum&quot;,&quot;alt&quot;:&quot;Salada de Atum&quot;},&quot;title&quot;:&quot;Salada de Atum&quot;,&quot;alt&quot;:&quot;Salada de Atum&quot;}">
                    <a href="https://www.continente.pt/produto/salada-de-atum-sun-vegs-7186509.html?cgid=home" tabindex="-1">
                    <picture class="intrinsic intrinsic--square">
                    <img class="ct-tile-image lazyloaded" loading="lazy" onerror="this.onerror=null;this.src='/on/demandware.static/Sites-continente-Site/-/default/dw7c42b4da/images/noimagelarge_product.png';" data-src="https://www.continente.pt/dw/image/v2/BDVS_PRD/on/demandware.static/-/Sites-col-master-catalog/default/dwb049063f/images/col/718/7186509-cima.jpg?sw=280&amp;sh=280" alt="Salada de Atum" title="Salada de Atum" src="https://www.continente.pt/dw/image/v2/BDVS_PRD/on/demandware.static/-/Sites-col-master-catalog/default/dwb049063f/images/col/718/7186509-cima.jpg?sw=280&amp;sh=280">
                    </picture>
                    </a>
                    <div class="color-swatches d-flex" style="margin-left: 5px;">
                    <div class="swatches d-flex">
                    </div>
                    </div>
                    </div>
                    <div class="ct-tile-body col col-sm-auto ">
                    <div class="ct-pdp-details">
                    <div class="ct-pdp-link">
                    <a class="ct-tile--description" href="https://www.continente.pt/produto/salada-de-atum-sun-vegs-7186509.html?cgid=home" tabindex="-1">Salada de Atum</a>
                    <div class="ct-tile--favorite-top d-sm-none">
                    <button class="wishlist-toggler guest-mode inactive button button--tertiary" data-pid="7186509" data-add-url="https://www.continente.pt/on/demandware.store/Sites-continente-Site/default/Wishlist-AddProduct?pid=7186509" data-toggle="tooltip" aria-label="Adicionar aos favoritos " data-original-title="Adicionar aos favoritos" data-placement="top" tabindex="-1">
                    <svg class="active-content" width="100%" height="100%" viewBox="0 0 20 22" fill="none" xmlns="http://www.w3.org/2000/svg">
                    <path fill-rule="evenodd" clip-rule="evenodd" d="M0 1.53052C0 0.685236 0.692171 0 1.54601 0H15.0736C15.9274 0 16.6196 0.685235 16.6196 1.53052V13.4064L15.8127 13.922L14.2658 14.2658L12.7189 13.4064L10.6054 14.3818C10.4994 14.2451 10.3327 14.157 10.1452 14.157H6.76329C6.4431 14.157 6.18354 14.414 6.18354 14.731C6.18354 15.0479 6.4431 15.3049 6.76329 15.3049H10.1452C10.2478 15.3049 10.3441 15.2785 10.4277 15.2322L10.3126 16.8439L13.2345 20.2793H1.54601C0.69217 20.2793 0 19.5941 0 18.7488V1.53052ZM6.18354 5.5483C6.18354 5.23132 6.4431 4.97436 6.76329 4.97436H12.3676C12.6878 4.97436 12.9473 5.23132 12.9473 5.5483C12.9473 5.86528 12.6878 6.12224 12.3676 6.12224H6.76329C6.4431 6.12224 6.18354 5.86528 6.18354 5.5483ZM6.76329 11.0961C6.4431 11.0961 6.18354 11.3531 6.18354 11.6701C6.18354 11.987 6.4431 12.244 6.76329 12.244H12.3676C12.6878 12.244 12.9473 11.987 12.9473 11.6701C12.9473 11.3531 12.6878 11.0961 12.3676 11.0961H6.76329ZM6.18354 8.60985C6.18354 8.29287 6.4431 8.03591 6.76329 8.03591H12.3676C12.6878 8.03591 12.9473 8.29287 12.9473 8.60985C12.9473 8.92684 12.6878 9.1838 12.3676 9.1838H6.76329C6.4431 9.1838 6.18354 8.92684 6.18354 8.60985ZM3.67118 5.5483C3.67118 5.23132 3.93075 4.97436 4.25093 4.97436H4.63743C4.95762 4.97436 5.21719 5.23132 5.21719 5.5483C5.21719 5.86528 4.95762 6.12224 4.63743 6.12224H4.25093C3.93075 6.12224 3.67118 5.86528 3.67118 5.5483ZM4.25093 11.0961C3.93075 11.0961 3.67118 11.3531 3.67118 11.6701C3.67118 11.987 3.93075 12.244 4.25093 12.244H4.63743C4.95762 12.244 5.21719 11.987 5.21719 11.6701C5.21719 11.3531 4.95762 11.0961 4.63743 11.0961H4.25093ZM3.67118 8.60985C3.67118 8.29287 3.93075 8.03591 4.25093 8.03591H4.63743C4.95762 8.03591 5.21719 8.29287 5.21719 8.60985C5.21719 8.92684 4.95762 9.1838 4.63743 9.1838H4.25093C3.93075 9.1838 3.67118 8.92684 3.67118 8.60985ZM4.25093 14.157C3.93075 14.157 3.67118 14.414 3.67118 14.731C3.67118 15.0479 3.93075 15.3049 4.25093 15.3049H4.63743C4.95762 15.3049 5.21719 15.0479 5.21719 14.731C5.21719 14.414 4.95762 14.157 4.63743 14.157H4.25093Z" fill="#EB0203"></path>
                    <path fill-rule="evenodd" clip-rule="evenodd" d="M14.6252 13.6363C13.4918 12.6215 11.7817 12.5264 10.6569 13.4792C9.12421 14.7764 9.34841 16.8912 10.4409 18.0122L14.0159 21.6742C14.2197 21.8832 14.4928 22 14.7822 22C15.0737 22 15.3448 21.8852 15.5486 21.6762L19.1236 18.0142C20.214 16.8933 20.4423 14.7785 18.9075 13.4792C17.7827 12.5283 16.0724 12.6217 14.9391 13.6365C14.8855 13.6845 14.8331 13.7345 14.7822 13.7866C14.7313 13.7345 14.6789 13.6843 14.6252 13.6363ZM18.1546 14.3522C19.0973 15.1508 18.9962 16.4896 18.2891 17.2173C18.2888 17.2175 18.2886 17.2177 18.2884 17.218L14.7832 20.8084L11.2753 17.2151C11.2752 17.215 11.2751 17.2149 11.2749 17.2148C10.5677 16.4887 10.4678 15.1495 11.4104 14.3518L11.4108 14.3514C12.0745 13.7892 13.2018 13.82 13.9488 14.5846L14.7822 15.4378L15.6157 14.5846C16.3617 13.8211 17.4896 13.79 18.1545 14.3521" fill="#EB0203"></path>
                    </svg>
                    <svg class="inactive-content" width="100%" height="100%" viewBox="0 0 20 23" fill="none" xmlns="http://www.w3.org/2000/svg">
                    <path fill-rule="evenodd" clip-rule="evenodd" d="M6.18408 5.77914C6.18408 5.46223 6.44363 5.20532 6.7638 5.20532H12.3678C12.6879 5.20532 12.9475 5.46223 12.9475 5.77914C12.9475 6.09606 12.6879 6.35297 12.3678 6.35297H6.7638C6.44363 6.35297 6.18408 6.09606 6.18408 5.77914Z" fill="#EB0203"></path>
                    <path fill-rule="evenodd" clip-rule="evenodd" d="M6.18408 11.9034C6.18408 11.5865 6.44363 11.3296 6.7638 11.3296H12.3678C12.6879 11.3296 12.9475 11.5865 12.9475 11.9034C12.9475 12.2202 12.6879 12.4771 12.3678 12.4771H6.7638C6.44363 12.4771 6.18408 12.2202 6.18408 11.9034Z" fill="#EB0203"></path>
                    <path fill-rule="evenodd" clip-rule="evenodd" d="M6.18408 8.84116C6.18408 8.52424 6.44363 8.26733 6.7638 8.26733H12.3678C12.6879 8.26733 12.9475 8.52424 12.9475 8.84116C12.9475 9.15807 12.6879 9.41498 12.3678 9.41498H6.7638C6.44363 9.41498 6.18408 9.15807 6.18408 8.84116Z" fill="#EB0203"></path>
                    <path fill-rule="evenodd" clip-rule="evenodd" d="M6.18408 14.9655C6.18408 14.6486 6.44363 14.3917 6.7638 14.3917H10.1455C10.4657 14.3917 10.7252 14.6486 10.7252 14.9655C10.7252 15.2825 10.4657 15.5394 10.1455 15.5394H6.7638C6.44363 15.5394 6.18408 15.2825 6.18408 14.9655Z" fill="#EB0203"></path>
                    <path fill-rule="evenodd" clip-rule="evenodd" d="M3.67139 5.77914C3.67139 5.46223 3.93094 5.20532 4.25111 5.20532H4.63759C4.95776 5.20532 5.21731 5.46223 5.21731 5.77914C5.21731 6.09606 4.95776 6.35297 4.63759 6.35297H4.25111C3.93094 6.35297 3.67139 6.09606 3.67139 5.77914Z" fill="#EB0203"></path>
                    <path fill-rule="evenodd" clip-rule="evenodd" d="M3.67139 11.9034C3.67139 11.5865 3.93094 11.3296 4.25111 11.3296H4.63759C4.95776 11.3296 5.21731 11.5865 5.21731 11.9034C5.21731 12.2202 4.95776 12.4771 4.63759 12.4771H4.25111C3.93094 12.4771 3.67139 12.2202 3.67139 11.9034Z" fill="#EB0203"></path>
                    <path fill-rule="evenodd" clip-rule="evenodd" d="M3.67139 8.84116C3.67139 8.52424 3.93094 8.26733 4.25111 8.26733H4.63759C4.95776 8.26733 5.21731 8.52424 5.21731 8.84116C5.21731 9.15807 4.95776 9.41498 4.63759 9.41498H4.25111C3.93094 9.41498 3.67139 9.15807 3.67139 8.84116Z" fill="#EB0203"></path>
                    <path fill-rule="evenodd" clip-rule="evenodd" d="M3.67139 14.9655C3.67139 14.6486 3.93094 14.3917 4.25111 14.3917H4.63759C4.95776 14.3917 5.21731 14.6486 5.21731 14.9655C5.21731 15.2825 4.95776 15.5394 4.63759 15.5394H4.25111C3.93094 15.5394 3.67139 15.2825 3.67139 14.9655Z" fill="#EB0203"></path>
                    <path fill-rule="evenodd" clip-rule="evenodd" d="M0 1.76033C0 0.914738 0.692131 0.229248 1.54592 0.229248H15.0727C15.9265 0.229248 16.6186 0.914738 16.6186 1.76033V11.2818C16.6186 11.5989 16.3591 11.8559 16.0389 11.8559C15.7187 11.8559 15.4592 11.5989 15.4592 11.2818V1.76033C15.4592 1.54893 15.2862 1.37756 15.0727 1.37756H1.54592C1.33247 1.37756 1.15944 1.54893 1.15944 1.76033V18.985C1.15944 19.1964 1.33247 19.3678 1.54592 19.3678H9.27551C9.59568 19.3678 9.85523 19.6249 9.85523 19.942C9.85523 20.2591 9.59568 20.5161 9.27551 20.5161H1.54592C0.692131 20.5161 0 19.8306 0 18.985V1.76033Z" fill="#EB0203"></path>
                    <path fill-rule="evenodd" clip-rule="evenodd" d="M14.6254 13.8718C13.4921 12.8567 11.7821 12.7615 10.6574 13.7147C9.12472 15.0124 9.34891 17.128 10.4413 18.2493L14.0161 21.9126C14.2199 22.1217 14.493 22.2386 14.7824 22.2386C15.0739 22.2386 15.3449 22.1238 15.5487 21.9147L19.1235 18.2514C20.2139 17.13 20.4422 15.0144 18.9075 13.7147C17.7827 12.7634 16.0726 12.8569 14.9392 13.872C14.8856 13.92 14.8333 13.9701 14.7824 14.0222C14.7314 13.97 14.6791 13.9199 14.6254 13.8718ZM18.1546 14.588C19.0972 15.3869 18.9961 16.7262 18.2891 17.4541C18.2888 17.4543 18.2886 17.4546 18.2884 17.4548L14.7834 21.0466L11.2757 17.452C11.2756 17.4519 11.2755 17.4517 11.2753 17.4516C10.5681 16.7252 10.4682 15.3856 11.4108 14.5876L11.4112 14.5872C12.0748 14.0248 13.202 14.0556 13.949 14.8205L14.7824 15.674L15.6158 14.8205C16.3618 14.0567 17.4896 14.0256 18.1545 14.5879" fill="#EB0203"></path>
                    </svg>
                    </button>
                    </div>
                    </div>
                    <p class="ct-tile--brand">Sun&amp;Vegs</p>
                    <p class="ct-tile--quantity">emb. 257 gr</p>
                    </div>
                    <div class="ct-tile-bottom row no-gutters justify-content-between">
                    <div class="ct-price-wrap col-8 col-sm-12">
                    <div class="price js-product-price">
                    <div class="prices-wrapper">
                    <span class="sales ct-tile--price-primary ">
                    <span class="value" content="2.49">
                    <span class="ct-price-formatted">
                    €2,49
                    </span>
                    <span class="ct-m-unit">
                    /un
                    </span>
                    </span>
                    </span>
                    </div>
                    <div class="ct-tile--price-secondary">
                    <span class="ct-price-value">
                    €9,69
                    </span>
                    <span class="ct-m-unit">
                    /kg
                    </span>
                    </div>
                    </div>
                    </div>
                    <div class="ct-tile-buy-section d-flex justify-content-center no-gutters col-auto col-sm-12">
                    <div class="col-2 d-sm-flex d-none">
                    <button class="wishlist-toggler guest-mode inactive button button--tertiary" data-pid="7186509" data-add-url="https://www.continente.pt/on/demandware.store/Sites-continente-Site/default/Wishlist-AddProduct?pid=7186509" data-toggle="tooltip" aria-label="Adicionar aos favoritos " data-original-title="Adicionar aos favoritos" data-placement="top" tabindex="-1">
                    <svg class="active-content" width="100%" height="100%" viewBox="0 0 20 22" fill="none" xmlns="http://www.w3.org/2000/svg">
                    <path fill-rule="evenodd" clip-rule="evenodd" d="M0 1.53052C0 0.685236 0.692171 0 1.54601 0H15.0736C15.9274 0 16.6196 0.685235 16.6196 1.53052V13.4064L15.8127 13.922L14.2658 14.2658L12.7189 13.4064L10.6054 14.3818C10.4994 14.2451 10.3327 14.157 10.1452 14.157H6.76329C6.4431 14.157 6.18354 14.414 6.18354 14.731C6.18354 15.0479 6.4431 15.3049 6.76329 15.3049H10.1452C10.2478 15.3049 10.3441 15.2785 10.4277 15.2322L10.3126 16.8439L13.2345 20.2793H1.54601C0.69217 20.2793 0 19.5941 0 18.7488V1.53052ZM6.18354 5.5483C6.18354 5.23132 6.4431 4.97436 6.76329 4.97436H12.3676C12.6878 4.97436 12.9473 5.23132 12.9473 5.5483C12.9473 5.86528 12.6878 6.12224 12.3676 6.12224H6.76329C6.4431 6.12224 6.18354 5.86528 6.18354 5.5483ZM6.76329 11.0961C6.4431 11.0961 6.18354 11.3531 6.18354 11.6701C6.18354 11.987 6.4431 12.244 6.76329 12.244H12.3676C12.6878 12.244 12.9473 11.987 12.9473 11.6701C12.9473 11.3531 12.6878 11.0961 12.3676 11.0961H6.76329ZM6.18354 8.60985C6.18354 8.29287 6.4431 8.03591 6.76329 8.03591H12.3676C12.6878 8.03591 12.9473 8.29287 12.9473 8.60985C12.9473 8.92684 12.6878 9.1838 12.3676 9.1838H6.76329C6.4431 9.1838 6.18354 8.92684 6.18354 8.60985ZM3.67118 5.5483C3.67118 5.23132 3.93075 4.97436 4.25093 4.97436H4.63743C4.95762 4.97436 5.21719 5.23132 5.21719 5.5483C5.21719 5.86528 4.95762 6.12224 4.63743 6.12224H4.25093C3.93075 6.12224 3.67118 5.86528 3.67118 5.5483ZM4.25093 11.0961C3.93075 11.0961 3.67118 11.3531 3.67118 11.6701C3.67118 11.987 3.93075 12.244 4.25093 12.244H4.63743C4.95762 12.244 5.21719 11.987 5.21719 11.6701C5.21719 11.3531 4.95762 11.0961 4.63743 11.0961H4.25093ZM3.67118 8.60985C3.67118 8.29287 3.93075 8.03591 4.25093 8.03591H4.63743C4.95762 8.03591 5.21719 8.29287 5.21719 8.60985C5.21719 8.92684 4.95762 9.1838 4.63743 9.1838H4.25093C3.93075 9.1838 3.67118 8.92684 3.67118 8.60985ZM4.25093 14.157C3.93075 14.157 3.67118 14.414 3.67118 14.731C3.67118 15.0479 3.93075 15.3049 4.25093 15.3049H4.63743C4.95762 15.3049 5.21719 15.0479 5.21719 14.731C5.21719 14.414 4.95762 14.157 4.63743 14.157H4.25093Z" fill="#EB0203"></path>
                    <path fill-rule="evenodd" clip-rule="evenodd" d="M14.6252 13.6363C13.4918 12.6215 11.7817 12.5264 10.6569 13.4792C9.12421 14.7764 9.34841 16.8912 10.4409 18.0122L14.0159 21.6742C14.2197 21.8832 14.4928 22 14.7822 22C15.0737 22 15.3448 21.8852 15.5486 21.6762L19.1236 18.0142C20.214 16.8933 20.4423 14.7785 18.9075 13.4792C17.7827 12.5283 16.0724 12.6217 14.9391 13.6365C14.8855 13.6845 14.8331 13.7345 14.7822 13.7866C14.7313 13.7345 14.6789 13.6843 14.6252 13.6363ZM18.1546 14.3522C19.0973 15.1508 18.9962 16.4896 18.2891 17.2173C18.2888 17.2175 18.2886 17.2177 18.2884 17.218L14.7832 20.8084L11.2753 17.2151C11.2752 17.215 11.2751 17.2149 11.2749 17.2148C10.5677 16.4887 10.4678 15.1495 11.4104 14.3518L11.4108 14.3514C12.0745 13.7892 13.2018 13.82 13.9488 14.5846L14.7822 15.4378L15.6157 14.5846C16.3617 13.8211 17.4896 13.79 18.1545 14.3521" fill="#EB0203"></path>
                    </svg>
                    <svg class="inactive-content" width="100%" height="100%" viewBox="0 0 20 23" fill="none" xmlns="http://www.w3.org/2000/svg">
                    <path fill-rule="evenodd" clip-rule="evenodd" d="M6.18408 5.77914C6.18408 5.46223 6.44363 5.20532 6.7638 5.20532H12.3678C12.6879 5.20532 12.9475 5.46223 12.9475 5.77914C12.9475 6.09606 12.6879 6.35297 12.3678 6.35297H6.7638C6.44363 6.35297 6.18408 6.09606 6.18408 5.77914Z" fill="#EB0203"></path>
                    <path fill-rule="evenodd" clip-rule="evenodd" d="M6.18408 11.9034C6.18408 11.5865 6.44363 11.3296 6.7638 11.3296H12.3678C12.6879 11.3296 12.9475 11.5865 12.9475 11.9034C12.9475 12.2202 12.6879 12.4771 12.3678 12.4771H6.7638C6.44363 12.4771 6.18408 12.2202 6.18408 11.9034Z" fill="#EB0203"></path>
                    <path fill-rule="evenodd" clip-rule="evenodd" d="M6.18408 8.84116C6.18408 8.52424 6.44363 8.26733 6.7638 8.26733H12.3678C12.6879 8.26733 12.9475 8.52424 12.9475 8.84116C12.9475 9.15807 12.6879 9.41498 12.3678 9.41498H6.7638C6.44363 9.41498 6.18408 9.15807 6.18408 8.84116Z" fill="#EB0203"></path>
                    <path fill-rule="evenodd" clip-rule="evenodd" d="M6.18408 14.9655C6.18408 14.6486 6.44363 14.3917 6.7638 14.3917H10.1455C10.4657 14.3917 10.7252 14.6486 10.7252 14.9655C10.7252 15.2825 10.4657 15.5394 10.1455 15.5394H6.7638C6.44363 15.5394 6.18408 15.2825 6.18408 14.9655Z" fill="#EB0203"></path>
                    <path fill-rule="evenodd" clip-rule="evenodd" d="M3.67139 5.77914C3.67139 5.46223 3.93094 5.20532 4.25111 5.20532H4.63759C4.95776 5.20532 5.21731 5.46223 5.21731 5.77914C5.21731 6.09606 4.95776 6.35297 4.63759 6.35297H4.25111C3.93094 6.35297 3.67139 6.09606 3.67139 5.77914Z" fill="#EB0203"></path>
                    <path fill-rule="evenodd" clip-rule="evenodd" d="M3.67139 11.9034C3.67139 11.5865 3.93094 11.3296 4.25111 11.3296H4.63759C4.95776 11.3296 5.21731 11.5865 5.21731 11.9034C5.21731 12.2202 4.95776 12.4771 4.63759 12.4771H4.25111C3.93094 12.4771 3.67139 12.2202 3.67139 11.9034Z" fill="#EB0203"></path>
                    <path fill-rule="evenodd" clip-rule="evenodd" d="M3.67139 8.84116C3.67139 8.52424 3.93094 8.26733 4.25111 8.26733H4.63759C4.95776 8.26733 5.21731 8.52424 5.21731 8.84116C5.21731 9.15807 4.95776 9.41498 4.63759 9.41498H4.25111C3.93094 9.41498 3.67139 9.15807 3.67139 8.84116Z" fill="#EB0203"></path>
                    <path fill-rule="evenodd" clip-rule="evenodd" d="M3.67139 14.9655C3.67139 14.6486 3.93094 14.3917 4.25111 14.3917H4.63759C4.95776 14.3917 5.21731 14.6486 5.21731 14.9655C5.21731 15.2825 4.95776 15.5394 4.63759 15.5394H4.25111C3.93094 15.5394 3.67139 15.2825 3.67139 14.9655Z" fill="#EB0203"></path>
                    <path fill-rule="evenodd" clip-rule="evenodd" d="M0 1.76033C0 0.914738 0.692131 0.229248 1.54592 0.229248H15.0727C15.9265 0.229248 16.6186 0.914738 16.6186 1.76033V11.2818C16.6186 11.5989 16.3591 11.8559 16.0389 11.8559C15.7187 11.8559 15.4592 11.5989 15.4592 11.2818V1.76033C15.4592 1.54893 15.2862 1.37756 15.0727 1.37756H1.54592C1.33247 1.37756 1.15944 1.54893 1.15944 1.76033V18.985C1.15944 19.1964 1.33247 19.3678 1.54592 19.3678H9.27551C9.59568 19.3678 9.85523 19.6249 9.85523 19.942C9.85523 20.2591 9.59568 20.5161 9.27551 20.5161H1.54592C0.692131 20.5161 0 19.8306 0 18.985V1.76033Z" fill="#EB0203"></path>
                    <path fill-rule="evenodd" clip-rule="evenodd" d="M14.6254 13.8718C13.4921 12.8567 11.7821 12.7615 10.6574 13.7147C9.12472 15.0124 9.34891 17.128 10.4413 18.2493L14.0161 21.9126C14.2199 22.1217 14.493 22.2386 14.7824 22.2386C15.0739 22.2386 15.3449 22.1238 15.5487 21.9147L19.1235 18.2514C20.2139 17.13 20.4422 15.0144 18.9075 13.7147C17.7827 12.7634 16.0726 12.8569 14.9392 13.872C14.8856 13.92 14.8333 13.9701 14.7824 14.0222C14.7314 13.97 14.6791 13.9199 14.6254 13.8718ZM18.1546 14.588C19.0972 15.3869 18.9961 16.7262 18.2891 17.4541C18.2888 17.4543 18.2886 17.4546 18.2884 17.4548L14.7834 21.0466L11.2757 17.452C11.2756 17.4519 11.2755 17.4517 11.2753 17.4516C10.5681 16.7252 10.4682 15.3856 11.4108 14.5876L11.4112 14.5872C12.0748 14.0248 13.202 14.0556 13.949 14.8205L14.7824 15.674L15.6158 14.8205C16.3618 14.0567 17.4896 14.0256 18.1545 14.5879" fill="#EB0203"></path>
                    </svg>
                    </button>
                    </div>
                    <div class="col-sm-10 col-12">
                    <div class="ct-tile-quantity d-none" data-pid="7186509">
                    <input type="hidden" class="add-to-cart-url" value="https://www.continente.pt/on/demandware.store/Sites-continente-Site/default/Cart-AddProduct" tabindex="-1">
                    <div class="d-none tile-delete-confirmation-btn" data-pid="7186509" data-delay-time="3000" data-in-cart-msg="no carrinho" data-one-product-added="Adicionado ao carrinho" data-remove-from-cart-msg="Removido do carrinho" data-stay-open="6000.0" data-confirmation-image="{&quot;url&quot;:&quot;https://www.continente.pt/dw/image/v2/BDVS_PRD/on/demandware.static/-/Sites-col-master-catalog/default/dwb049063f/images/col/718/7186509-cima.jpg?sw=87&amp;sh=80&quot;,&quot;fallbackimage&quot;:{&quot;url&quot;:&quot;https://www.continente.pt/dw/image/v2/BDVS_PRD/on/demandware.static/Sites-continente-Site/-/default/dw7c42b4da/images/noimagelarge_product.png?sw=87&amp;sh=80&quot;,&quot;title&quot;:&quot;Salada de Atum&quot;,&quot;alt&quot;:&quot;Salada de Atum&quot;},&quot;title&quot;:&quot;Salada de Atum&quot;,&quot;alt&quot;:&quot;Salada de Atum&quot;}"></div>
                    <div class="ct-tile-quantity-update quantity-update product-qty-vue" data-remove-action="https://www.continente.pt/on/demandware.store/Sites-continente-Site/default/Cart-RemoveProductLineItem" data-action="https://www.continente.pt/on/demandware.store/Sites-continente-Site/default/Cart-UpdateQuantity" data-dimension-update="https://www.continente.pt/on/demandware.store/Sites-continente-Site/default/Cart-DimensionUpdate" data-pid="7186509" data-uuid="11c228359983eccb9aaec77418" data-add-delay="500.0" data-measure-options="{&quot;hasConversionRate&quot;:true,&quot;hasAlternativeSaleUnit&quot;:false,&quot;primaryToSecondary&quot;:1,&quot;secondaryToPrimary&quot;:1,&quot;unitConversionRate&quot;:1,&quot;minOrderQuantity&quot;:1,&quot;stepQuantity&quot;:1,&quot;primaryunit&quot;:&quot;un&quot;,&quot;secondaryunit&quot;:&quot;kg&quot;,&quot;selectedunit&quot;:&quot;primary&quot;,&quot;maxNumberOfUnitsPerSale&quot;:50}" data-price-available="null" :data-has-error="isMaxQtyReached || isMinQtyReached || qtySelectedMoreThanOne">
                    <template v-show="prodUnits">
                    <div class="quantity-input-wrapper has-units">
                    <label class="visually-hidden" :for="'quantity-' + pid + additionalTag">
                    Quantidade no carrinho
                    </label>
                    <input :ref="'quantityInput-' + pid + additionalTag" class="add-to-cart-quantity form-control ct-form-input text-center" inputmode="numeric" :class="{'is-invalid': isInvalid}" :data-pid="pid + additionalTag" :name="'quantity-' + pid + additionalTag" type="text" aria-label="Insira a quantidade" title="" v-model="displayValue" @change="updateQuantity" @focus="updateQtyFormat" @blur="restoreQtyFormat" :disabled="!isPriceAvailable">
                    <span class="quantity-icon quantity-icon--minus">
                    <button class="decrease-quantity-btn" @click="updateQuantity" :disabled="!isPriceAvailable" role="button" aria-label="Reduzir quantidade">
                    <i class="css-math-minus"></i>
                    </button>
                    </span>
                    <span class="quantity-icon quantity-icon--plus">
                    <button class="increase-quantity-btn" @click="updateQuantity" :disabled="isMaxQtyReached || !isPriceAvailable" role="button" aria-label="Aumentar quantidade">
                    <i class="css-math-plus"></i>
                    </button>
                    <span class="quantity-btn-disabled-placeholder"></span>
                    </span>
                    <template v-if="isPDP">
                    <span class="quantity-error ct-span-error text-sm-center product-max-allocation" v-if="isMaxQtyReached">
                    Quantidade máxima atingida
                    </span>
                    <span class="quantity-error ct-span-product text-sm-center product-allocation" v-if="!isMinQtyReached &amp;&amp; !isMaxQtyReached">
                    {{quantitySelected}} no carrinho
                    </span>
                    <span class="quantity-error ct-span-error text-sm-center product-min-allocation" :data-pid="pid" v-if="isMinQtyReached &amp;&amp; !isMaxQtyReached">
                    Quantidade mínima atingida
                    </span>
                    </template>
                    </div>
                    <template v-if="showNotes">
                    <div class="add-note-link-container ">
                    <div class="add-note">
                    <a href="/produto/salada-de-atum-sun-vegs-7186509.html?showNote=true" class="ct-add-note-redirect-pdp" aria-label="Adicionar comentário">
                    <span class="svg-wrapper svg-icon-notes" style="width:19px; height:20px">
                    <svg class="svg-inline icon-notes" viewBox="0 0 28 30" xmlns="http://www.w3.org/2000/svg" width="100%" height="100%"><path d="M21.738 0C22.985 0 24 1.04 24 2.319V12.47c0 .469-.37.848-.828.848-.457 0-.827-.38-.827-.848V2.32c0-.343-.273-.622-.607-.622H2.262c-.334 0-.607.279-.607.622V27.68c0 .343.273.622.607.622h7.81c.457 0 .827.38.827.849 0 .468-.37.848-.827.848h-7.81C1.015 30 0 28.96 0 27.681V2.32C0 1.04 1.015 0 2.262 0h19.476zm2.844 16.004l.227.007c.823.053 1.589.39 2.176.964.64.627.993 1.46.993 2.349 0 .888-.353 1.722-.993 2.348l-6.83 6.665c-.11.108-.247.186-.397.226l-5.032 1.363c-.078.021-.16.032-.241.032-.242 0-.478-.097-.647-.266-.23-.231-.314-.566-.218-.874l1.49-4.798c.044-.139.122-.266.227-.369l6.844-6.677c.64-.625 1.493-.97 2.401-.97zm-2.886 3.94l-4.922 4.802-.947 3.048 3.22-.872 4.897-4.78-2.248-2.197zm2.887-2.174c-.425 0-.824.162-1.124.455l-.484.472 2.248 2.197.484-.472c.62-.606.62-1.591 0-2.197l-.117-.104c-.283-.227-.636-.35-1.007-.35zm-10.839.022c.498 0 .904.396.904.883 0 .488-.406.884-.904.884H5.946c-.499 0-.904-.396-.904-.884 0-.487.405-.883.904-.883zm5.042-4.876c.498 0 .904.397.904.884s-.406.884-.904.884H5.946c-.499 0-.904-.397-.904-.884s.405-.884.904-.884zm0-4.875c.498 0 .904.396.904.884 0 .487-.406.883-.904.883H5.946c-.499 0-.904-.396-.904-.883 0-.488.405-.884.904-.884z" fill="#EB0203" fill-rule="evenodd"></path></svg>
                    </span>
                    <div class="available-note d-none"></div>
                    </a>
                    </div>
                    </div>
                    </template>
                    <div class="measurement-unit-section" v-if="isPriceAvailable &amp;&amp; prodUnits ? prodUnits.hasAlternativeUnit : false">
                    <div class="ct-form-radio" @click="setDimension">
                    <input type="radio" title="" class="ct-form-check-input product-measurement-unit" :data-type="prodUnits.selectedUnit == prodUnits.secondaryUnit ? 'primary' : ''" :id="prodUnits.secondaryUnit + '-' + pid + '-measurement-unit-ptile' + additionalTag" :name="'measurement-unit-' + pid + '-ptile' + additionalTag" :value="prodUnits.secondaryUnit" v-model="prodUnits.selectedUnit">
                    <label :class="prodUnits.secondaryUnit + '-label ct-form-check-label mb-0'" :for="prodUnits.secondaryUnit + '-' + pid + '-measurement-unit-ptile' + additionalTag">
                    {{prodUnits.secondaryUnit}}
                    </label>
                    <span class="checkmark"></span>
                    </div>
                    <div class="ct-form-radio" @click="setDimension">
                    <input type="radio" title="" class="ct-form-check-input product-measurement-unit" :data-type="prodUnits.selectedUnit == prodUnits.primaryUnit ? 'primary' : ''" :id="prodUnits.primaryUnit + '-' + pid + '-measurement-unit-ptile' + additionalTag" :name="'measurement-unit-' + pid + '-ptile' + additionalTag" :value="prodUnits.primaryUnit" v-model="prodUnits.selectedUnit">
                    <label :class="prodUnits.primaryUnit + '-label ct-form-check-label mb-0'" :for="prodUnits.primaryUnit + '-' + pid + '-measurement-unit-ptile' + additionalTag">
                     {{prodUnits.primaryUnit}}
                    </label>
                    <span class="checkmark"></span>
                    </div>
                    </div>
                    <template v-if="!isPDP &amp;&amp; isPriceAvailable">
                    <span class="quantity-error ct-span-error product-max-allocation" v-if="isMaxQtyReached">
                    Quantidade máxima atingida
                    </span>
                    <span class="quantity-error ct-span-product product-allocation" v-if="!isMinQtyReached &amp;&amp; !isMaxQtyReached">
                    {{quantitySelected}} no carrinho
                    </span>
                    <span class="quantity-error ct-span-error product-min-allocation" :data-pid="pid" v-if="isMinQtyReached &amp;&amp; !isMaxQtyReached">
                    Quantidade mínima atingida
                    </span>
                    </template>
                    </template>
                    </div>
                    <input class="quantity-value-mask d-none" name="quantity" type="number" min="0" value="" tabindex="-1">
                    </div>
                    <button type="button" class="add-to-cart button js-add-to-cart js-add-to-cart-tile 7186509 button--primary dynamic-layout-btn" data-toggle="modal" data-target="#chooseBonusProductModal" data-pid="7186509" data-quantity-value="null" aria-label="Carrinho" tabindex="-1">
                    <span class="d-block d-sm-none">
                    <span class="svg-wrapper svg-icon-cart" style="width:20px; height:20px">
                    <svg class="svg-inline icon-cart" xmlns="http://www.w3.org/2000/svg" viewBox="0 0 500 500" width="100%" height="100%"><path fill="#EB0203" fill-rule="evenodd" d="M 485.67317,94.386311 C 476.37798,83.847129 463.09468,78.03348 448.30404,78.03348 H 90.690813 L 87.079511,51.327997 C 83.185582,22.539551 62.962285,0 41.011841,0 H 14.727836 C 6.563151,0 0,6.5286975 0,14.580758 c 0,8.05206 6.5945535,14.580758 14.727836,14.580758 h 26.284005 c 4.710398,0 14.696435,9.855222 16.894619,26.021523 L 100.01739,368.0631 c 1.88416,13.77244 9.01256,26.70549 20.1605,36.37417 8.25889,7.15046 18.02511,11.9071 28.26237,13.89679 -4.17655,7.58572 -6.53175,16.25957 -6.53175,25.493 0,29.53459 24.27424,53.59751 54.13815,53.59751 29.8325,0 54.13814,-24.03184 54.13814,-53.59751 0,-8.79818 -2.19818,-17.09897 -5.9979,-24.43598 h 77.12488 c -3.79973,7.33701 -5.96652,15.6378 -5.96652,24.43598 0,29.53459 24.27424,53.59751 54.13817,53.59751 29.83249,0 54.13814,-24.03184 54.13814,-53.59751 0,-8.79818 -2.1982,-17.09897 -5.9979,-24.43598 h 38.56243 c 8.13328,0 14.72783,-6.5287 14.72783,-14.61183 0,-8.02098 -6.59455,-14.54967 -14.72783,-14.54967 H 159.24277 c -14.38241,0 -28.13677,-11.90711 -30.02092,-26.02153 l -3.07746,-22.88154 h 290.6314 c 14.03698,0 27.94834,-5.28513 39.06488,-14.95381 11.11652,-9.6376 18.27632,-22.57065 20.16048,-36.37417 l 21.10259,-156.78201 c 1.94694,-14.51858 -2.10398,-28.29103 -11.43057,-38.861299 z M 220.76053,443.82706 c 0,13.49265 -11.08513,24.46709 -24.68247,24.46709 -13.62874,0 -24.71387,-10.97444 -24.71387,-24.46709 0,-13.49262 11.08513,-24.43598 24.71387,-24.43598 13.59734,0 24.68247,10.94336 24.68247,24.43598 z m 173.43675,0 c 0,13.49265 -11.08512,24.46709 -24.68245,24.46709 -13.62876,0 -24.71388,-10.97444 -24.71388,-24.46709 0,-13.49262 11.08512,-24.43598 24.71388,-24.43598 13.59733,0 24.68245,10.94336 24.68245,24.43598 z m 73.7648,-314.46558 -21.13397,156.782 c -1.88416,14.11442 -15.63851,26.05261 -30.02091,26.05261 H 122.25046 L 94.616142,107.19499 H 448.33544 c 6.18632,0 11.61896,2.2695 15.23028,6.37326 3.64269,4.13484 5.21283,9.73086 4.39636,15.79323 z"></path></svg>
                    </span>
                    </span>
                    <span class="add-to-cart--text d-none d-sm-block">Carrinho</span>
                     </button>
                    </div>
                    </div>
                    </div>
                    </div>
                    
                    <div class="col-12 d-sm-none">
                    </div>
                    </div>
                    </div>
                    </div>
                    </div><div class="pd-tile-wrap slick-slide slick-cloned" data-idx="17" style="width: 276px; height: auto;" data-slick-index="-1" id="" aria-hidden="true" tabindex="-1">
                    
                    <script type="text/javascript">//<!--
                    /* <![CDATA[ */
                    (function(){
                    try {
                        if(window.CQuotient) {
                            var cq_params = {};
                            cq_params.cookieId = window.CQuotient.getCQCookieId();
                            cq_params.userId = window.CQuotient.getCQUserId();
                            cq_params.emailId = CQuotient.getCQHashedEmail();
                            cq_params.loginId = CQuotient.getCQHashedLogin();
                            cq_params.accumulate = true;
                            cq_params.products = [{
                                id: '7566321',
                                sku: '',
                                type: '',
                                alt_id: ''
                            }];
                            cq_params.recommenderName = '__UNDEFINED__';
                            cq_params.realm = "BDVS";
                            cq_params.siteId = "continente";
                            cq_params.instanceType = "prd";
                            cq_params.locale = window.CQuotient.locale;
                            cq_params.slotId = '';
                            cq_params.slotConfigId = '';
                            cq_params.slotConfigTemplate = '';
                            if(window.CQuotient.sendActivity)
                                window.CQuotient.sendActivity( CQuotient.clientId, 'viewReco', cq_params );
                            else
                                window.CQuotient.activities.push( {activityType: 'viewReco', parameters: cq_params} );
                        }
                    } catch(err) {}
                    })();
                    /* ]]> */
                    // -->
                    </script>
                    <script type="text/javascript">//<!--
                    /* <![CDATA[ (viewProduct-active_data.js) */
                    dw.ac._capture({id: "7566321", type: "recommendation"});
                    /* ]]> */
                    // -->
                    </script>
                    <div class="product" data-pid="7566321">
                    <div class="product-tile pid-7566321   ct-product-tile " data-delay-time="3000" data-variants-mapping="[]" data-in-cart-msg="no carrinho" data-one-product-added="Adicionado ao carrinho" data-remove-from-cart-msg="Removido do carrinho" data-stay-open="6000.0" data-product-tile-impression="{&quot;name&quot;:&quot;7566321&quot;,&quot;id&quot;:&quot;7566321&quot;,&quot;price&quot;:1.99,&quot;brand&quot;:&quot;Continente&quot;,&quot;category&quot;:[{&quot;category_level_1&quot;:&quot;Take-Away&quot;},{&quot;category_level_2&quot;:&quot;Saladas, Sandes e Wraps&quot;},{&quot;category_level_3&quot;:&quot;Wraps&quot;}],&quot;variant&quot;:&quot;&quot;}">
                    <div class="ct-inner-tile-wrap row no-gutters justify-content-center align-content-start">
                    
                    <div class="ct-image-container col-4 col-sm" data-confirmation-image="{&quot;url&quot;:&quot;https://www.continente.pt/dw/image/v2/BDVS_PRD/on/demandware.static/-/Sites-col-master-catalog/default/dwc8c9ceba/images/col/756/7566321-frente.jpg?sw=87&amp;sh=80&quot;,&quot;fallbackimage&quot;:{&quot;url&quot;:&quot;https://www.continente.pt/dw/image/v2/BDVS_PRD/on/demandware.static/Sites-continente-Site/-/default/dw7c42b4da/images/noimagelarge_product.png?sw=87&amp;sh=80&quot;,&quot;title&quot;:&quot;Wrap Vegetariano&quot;,&quot;alt&quot;:&quot;Wrap Vegetariano&quot;},&quot;title&quot;:&quot;Wrap Vegetariano&quot;,&quot;alt&quot;:&quot;Wrap Vegetariano&quot;}">
                    <a href="https://www.continente.pt/produto/wrap-vegetariano-continente-7566321.html?cgid=home" tabindex="-1">
                    <picture class="intrinsic intrinsic--square">
                    <img class="ct-tile-image lazyloaded" loading="lazy" onerror="this.onerror=null;this.src='/on/demandware.static/Sites-continente-Site/-/default/dw7c42b4da/images/noimagelarge_product.png';" data-src="https://www.continente.pt/dw/image/v2/BDVS_PRD/on/demandware.static/-/Sites-col-master-catalog/default/dwc8c9ceba/images/col/756/7566321-frente.jpg?sw=280&amp;sh=280" alt="Wrap Vegetariano" title="Wrap Vegetariano" src="https://www.continente.pt/dw/image/v2/BDVS_PRD/on/demandware.static/-/Sites-col-master-catalog/default/dwc8c9ceba/images/col/756/7566321-frente.jpg?sw=280&amp;sh=280">
                    </picture>
                    </a>
                    <div class="color-swatches d-flex" style="margin-left: 5px;">
                    <div class="swatches d-flex">
                    </div>
                    </div>
                    </div>
                    <div class="ct-tile-body col col-sm-auto ">
                    <div class="ct-pdp-details">
                    <div class="ct-pdp-link">
                    <a class="ct-tile--description" href="https://www.continente.pt/produto/wrap-vegetariano-continente-7566321.html?cgid=home" tabindex="-1">Wrap Vegetariano</a>
                    <div class="ct-tile--favorite-top d-sm-none">
                    <button class="wishlist-toggler guest-mode inactive button button--tertiary" data-pid="7566321" data-add-url="https://www.continente.pt/on/demandware.store/Sites-continente-Site/default/Wishlist-AddProduct?pid=7566321" data-toggle="tooltip" aria-label="Adicionar aos favoritos " data-original-title="Adicionar aos favoritos" data-placement="top" tabindex="-1">
                    <svg class="active-content" width="100%" height="100%" viewBox="0 0 20 22" fill="none" xmlns="http://www.w3.org/2000/svg">
                    <path fill-rule="evenodd" clip-rule="evenodd" d="M0 1.53052C0 0.685236 0.692171 0 1.54601 0H15.0736C15.9274 0 16.6196 0.685235 16.6196 1.53052V13.4064L15.8127 13.922L14.2658 14.2658L12.7189 13.4064L10.6054 14.3818C10.4994 14.2451 10.3327 14.157 10.1452 14.157H6.76329C6.4431 14.157 6.18354 14.414 6.18354 14.731C6.18354 15.0479 6.4431 15.3049 6.76329 15.3049H10.1452C10.2478 15.3049 10.3441 15.2785 10.4277 15.2322L10.3126 16.8439L13.2345 20.2793H1.54601C0.69217 20.2793 0 19.5941 0 18.7488V1.53052ZM6.18354 5.5483C6.18354 5.23132 6.4431 4.97436 6.76329 4.97436H12.3676C12.6878 4.97436 12.9473 5.23132 12.9473 5.5483C12.9473 5.86528 12.6878 6.12224 12.3676 6.12224H6.76329C6.4431 6.12224 6.18354 5.86528 6.18354 5.5483ZM6.76329 11.0961C6.4431 11.0961 6.18354 11.3531 6.18354 11.6701C6.18354 11.987 6.4431 12.244 6.76329 12.244H12.3676C12.6878 12.244 12.9473 11.987 12.9473 11.6701C12.9473 11.3531 12.6878 11.0961 12.3676 11.0961H6.76329ZM6.18354 8.60985C6.18354 8.29287 6.4431 8.03591 6.76329 8.03591H12.3676C12.6878 8.03591 12.9473 8.29287 12.9473 8.60985C12.9473 8.92684 12.6878 9.1838 12.3676 9.1838H6.76329C6.4431 9.1838 6.18354 8.92684 6.18354 8.60985ZM3.67118 5.5483C3.67118 5.23132 3.93075 4.97436 4.25093 4.97436H4.63743C4.95762 4.97436 5.21719 5.23132 5.21719 5.5483C5.21719 5.86528 4.95762 6.12224 4.63743 6.12224H4.25093C3.93075 6.12224 3.67118 5.86528 3.67118 5.5483ZM4.25093 11.0961C3.93075 11.0961 3.67118 11.3531 3.67118 11.6701C3.67118 11.987 3.93075 12.244 4.25093 12.244H4.63743C4.95762 12.244 5.21719 11.987 5.21719 11.6701C5.21719 11.3531 4.95762 11.0961 4.63743 11.0961H4.25093ZM3.67118 8.60985C3.67118 8.29287 3.93075 8.03591 4.25093 8.03591H4.63743C4.95762 8.03591 5.21719 8.29287 5.21719 8.60985C5.21719 8.92684 4.95762 9.1838 4.63743 9.1838H4.25093C3.93075 9.1838 3.67118 8.92684 3.67118 8.60985ZM4.25093 14.157C3.93075 14.157 3.67118 14.414 3.67118 14.731C3.67118 15.0479 3.93075 15.3049 4.25093 15.3049H4.63743C4.95762 15.3049 5.21719 15.0479 5.21719 14.731C5.21719 14.414 4.95762 14.157 4.63743 14.157H4.25093Z" fill="#EB0203"></path>
                    <path fill-rule="evenodd" clip-rule="evenodd" d="M14.6252 13.6363C13.4918 12.6215 11.7817 12.5264 10.6569 13.4792C9.12421 14.7764 9.34841 16.8912 10.4409 18.0122L14.0159 21.6742C14.2197 21.8832 14.4928 22 14.7822 22C15.0737 22 15.3448 21.8852 15.5486 21.6762L19.1236 18.0142C20.214 16.8933 20.4423 14.7785 18.9075 13.4792C17.7827 12.5283 16.0724 12.6217 14.9391 13.6365C14.8855 13.6845 14.8331 13.7345 14.7822 13.7866C14.7313 13.7345 14.6789 13.6843 14.6252 13.6363ZM18.1546 14.3522C19.0973 15.1508 18.9962 16.4896 18.2891 17.2173C18.2888 17.2175 18.2886 17.2177 18.2884 17.218L14.7832 20.8084L11.2753 17.2151C11.2752 17.215 11.2751 17.2149 11.2749 17.2148C10.5677 16.4887 10.4678 15.1495 11.4104 14.3518L11.4108 14.3514C12.0745 13.7892 13.2018 13.82 13.9488 14.5846L14.7822 15.4378L15.6157 14.5846C16.3617 13.8211 17.4896 13.79 18.1545 14.3521" fill="#EB0203"></path>
                    </svg>
                    <svg class="inactive-content" width="100%" height="100%" viewBox="0 0 20 23" fill="none" xmlns="http://www.w3.org/2000/svg">
                    <path fill-rule="evenodd" clip-rule="evenodd" d="M6.18408 5.77914C6.18408 5.46223 6.44363 5.20532 6.7638 5.20532H12.3678C12.6879 5.20532 12.9475 5.46223 12.9475 5.77914C12.9475 6.09606 12.6879 6.35297 12.3678 6.35297H6.7638C6.44363 6.35297 6.18408 6.09606 6.18408 5.77914Z" fill="#EB0203"></path>
                    <path fill-rule="evenodd" clip-rule="evenodd" d="M6.18408 11.9034C6.18408 11.5865 6.44363 11.3296 6.7638 11.3296H12.3678C12.6879 11.3296 12.9475 11.5865 12.9475 11.9034C12.9475 12.2202 12.6879 12.4771 12.3678 12.4771H6.7638C6.44363 12.4771 6.18408 12.2202 6.18408 11.9034Z" fill="#EB0203"></path>
                    <path fill-rule="evenodd" clip-rule="evenodd" d="M6.18408 8.84116C6.18408 8.52424 6.44363 8.26733 6.7638 8.26733H12.3678C12.6879 8.26733 12.9475 8.52424 12.9475 8.84116C12.9475 9.15807 12.6879 9.41498 12.3678 9.41498H6.7638C6.44363 9.41498 6.18408 9.15807 6.18408 8.84116Z" fill="#EB0203"></path>
                    <path fill-rule="evenodd" clip-rule="evenodd" d="M6.18408 14.9655C6.18408 14.6486 6.44363 14.3917 6.7638 14.3917H10.1455C10.4657 14.3917 10.7252 14.6486 10.7252 14.9655C10.7252 15.2825 10.4657 15.5394 10.1455 15.5394H6.7638C6.44363 15.5394 6.18408 15.2825 6.18408 14.9655Z" fill="#EB0203"></path>
                    <path fill-rule="evenodd" clip-rule="evenodd" d="M3.67139 5.77914C3.67139 5.46223 3.93094 5.20532 4.25111 5.20532H4.63759C4.95776 5.20532 5.21731 5.46223 5.21731 5.77914C5.21731 6.09606 4.95776 6.35297 4.63759 6.35297H4.25111C3.93094 6.35297 3.67139 6.09606 3.67139 5.77914Z" fill="#EB0203"></path>
                    <path fill-rule="evenodd" clip-rule="evenodd" d="M3.67139 11.9034C3.67139 11.5865 3.93094 11.3296 4.25111 11.3296H4.63759C4.95776 11.3296 5.21731 11.5865 5.21731 11.9034C5.21731 12.2202 4.95776 12.4771 4.63759 12.4771H4.25111C3.93094 12.4771 3.67139 12.2202 3.67139 11.9034Z" fill="#EB0203"></path>
                    <path fill-rule="evenodd" clip-rule="evenodd" d="M3.67139 8.84116C3.67139 8.52424 3.93094 8.26733 4.25111 8.26733H4.63759C4.95776 8.26733 5.21731 8.52424 5.21731 8.84116C5.21731 9.15807 4.95776 9.41498 4.63759 9.41498H4.25111C3.93094 9.41498 3.67139 9.15807 3.67139 8.84116Z" fill="#EB0203"></path>
                    <path fill-rule="evenodd" clip-rule="evenodd" d="M3.67139 14.9655C3.67139 14.6486 3.93094 14.3917 4.25111 14.3917H4.63759C4.95776 14.3917 5.21731 14.6486 5.21731 14.9655C5.21731 15.2825 4.95776 15.5394 4.63759 15.5394H4.25111C3.93094 15.5394 3.67139 15.2825 3.67139 14.9655Z" fill="#EB0203"></path>
                    <path fill-rule="evenodd" clip-rule="evenodd" d="M0 1.76033C0 0.914738 0.692131 0.229248 1.54592 0.229248H15.0727C15.9265 0.229248 16.6186 0.914738 16.6186 1.76033V11.2818C16.6186 11.5989 16.3591 11.8559 16.0389 11.8559C15.7187 11.8559 15.4592 11.5989 15.4592 11.2818V1.76033C15.4592 1.54893 15.2862 1.37756 15.0727 1.37756H1.54592C1.33247 1.37756 1.15944 1.54893 1.15944 1.76033V18.985C1.15944 19.1964 1.33247 19.3678 1.54592 19.3678H9.27551C9.59568 19.3678 9.85523 19.6249 9.85523 19.942C9.85523 20.2591 9.59568 20.5161 9.27551 20.5161H1.54592C0.692131 20.5161 0 19.8306 0 18.985V1.76033Z" fill="#EB0203"></path>
                    <path fill-rule="evenodd" clip-rule="evenodd" d="M14.6254 13.8718C13.4921 12.8567 11.7821 12.7615 10.6574 13.7147C9.12472 15.0124 9.34891 17.128 10.4413 18.2493L14.0161 21.9126C14.2199 22.1217 14.493 22.2386 14.7824 22.2386C15.0739 22.2386 15.3449 22.1238 15.5487 21.9147L19.1235 18.2514C20.2139 17.13 20.4422 15.0144 18.9075 13.7147C17.7827 12.7634 16.0726 12.8569 14.9392 13.872C14.8856 13.92 14.8333 13.9701 14.7824 14.0222C14.7314 13.97 14.6791 13.9199 14.6254 13.8718ZM18.1546 14.588C19.0972 15.3869 18.9961 16.7262 18.2891 17.4541C18.2888 17.4543 18.2886 17.4546 18.2884 17.4548L14.7834 21.0466L11.2757 17.452C11.2756 17.4519 11.2755 17.4517 11.2753 17.4516C10.5681 16.7252 10.4682 15.3856 11.4108 14.5876L11.4112 14.5872C12.0748 14.0248 13.202 14.0556 13.949 14.8205L14.7824 15.674L15.6158 14.8205C16.3618 14.0567 17.4896 14.0256 18.1545 14.5879" fill="#EB0203"></path>
                    </svg>
                    </button>
                    </div>
                    </div>
                    <p class="ct-tile--brand">Continente</p>
                    <p class="ct-tile--quantity">emb. 183 gr</p>
                    </div>
                    <div class="ct-tile-bottom row no-gutters justify-content-between">
                    <div class="ct-price-wrap col-8 col-sm-12">
                    <div class="price js-product-price">
                    <div class="prices-wrapper">
                    <span class="sales ct-tile--price-primary ">
                    <span class="value" content="1.99">
                    <span class="ct-price-formatted">
                    €1,99
                    </span>
                    <span class="ct-m-unit">
                    /un
                    </span>
                    </span>
                    </span>
                    </div>
                    <div class="ct-tile--price-secondary">
                    <span class="ct-price-value">
                    €10,87
                    </span>
                    <span class="ct-m-unit">
                    /kg
                    </span>
                    </div>
                    </div>
                    </div>
                    <div class="ct-tile-buy-section d-flex justify-content-center no-gutters col-auto col-sm-12">
                    <div class="col-2 d-sm-flex d-none">
                    <button class="wishlist-toggler guest-mode inactive button button--tertiary" data-pid="7566321" data-add-url="https://www.continente.pt/on/demandware.store/Sites-continente-Site/default/Wishlist-AddProduct?pid=7566321" data-toggle="tooltip" aria-label="Adicionar aos favoritos " data-original-title="Adicionar aos favoritos" data-placement="top" tabindex="-1">
                    <svg class="active-content" width="100%" height="100%" viewBox="0 0 20 22" fill="none" xmlns="http://www.w3.org/2000/svg">
                    <path fill-rule="evenodd" clip-rule="evenodd" d="M0 1.53052C0 0.685236 0.692171 0 1.54601 0H15.0736C15.9274 0 16.6196 0.685235 16.6196 1.53052V13.4064L15.8127 13.922L14.2658 14.2658L12.7189 13.4064L10.6054 14.3818C10.4994 14.2451 10.3327 14.157 10.1452 14.157H6.76329C6.4431 14.157 6.18354 14.414 6.18354 14.731C6.18354 15.0479 6.4431 15.3049 6.76329 15.3049H10.1452C10.2478 15.3049 10.3441 15.2785 10.4277 15.2322L10.3126 16.8439L13.2345 20.2793H1.54601C0.69217 20.2793 0 19.5941 0 18.7488V1.53052ZM6.18354 5.5483C6.18354 5.23132 6.4431 4.97436 6.76329 4.97436H12.3676C12.6878 4.97436 12.9473 5.23132 12.9473 5.5483C12.9473 5.86528 12.6878 6.12224 12.3676 6.12224H6.76329C6.4431 6.12224 6.18354 5.86528 6.18354 5.5483ZM6.76329 11.0961C6.4431 11.0961 6.18354 11.3531 6.18354 11.6701C6.18354 11.987 6.4431 12.244 6.76329 12.244H12.3676C12.6878 12.244 12.9473 11.987 12.9473 11.6701C12.9473 11.3531 12.6878 11.0961 12.3676 11.0961H6.76329ZM6.18354 8.60985C6.18354 8.29287 6.4431 8.03591 6.76329 8.03591H12.3676C12.6878 8.03591 12.9473 8.29287 12.9473 8.60985C12.9473 8.92684 12.6878 9.1838 12.3676 9.1838H6.76329C6.4431 9.1838 6.18354 8.92684 6.18354 8.60985ZM3.67118 5.5483C3.67118 5.23132 3.93075 4.97436 4.25093 4.97436H4.63743C4.95762 4.97436 5.21719 5.23132 5.21719 5.5483C5.21719 5.86528 4.95762 6.12224 4.63743 6.12224H4.25093C3.93075 6.12224 3.67118 5.86528 3.67118 5.5483ZM4.25093 11.0961C3.93075 11.0961 3.67118 11.3531 3.67118 11.6701C3.67118 11.987 3.93075 12.244 4.25093 12.244H4.63743C4.95762 12.244 5.21719 11.987 5.21719 11.6701C5.21719 11.3531 4.95762 11.0961 4.63743 11.0961H4.25093ZM3.67118 8.60985C3.67118 8.29287 3.93075 8.03591 4.25093 8.03591H4.63743C4.95762 8.03591 5.21719 8.29287 5.21719 8.60985C5.21719 8.92684 4.95762 9.1838 4.63743 9.1838H4.25093C3.93075 9.1838 3.67118 8.92684 3.67118 8.60985ZM4.25093 14.157C3.93075 14.157 3.67118 14.414 3.67118 14.731C3.67118 15.0479 3.93075 15.3049 4.25093 15.3049H4.63743C4.95762 15.3049 5.21719 15.0479 5.21719 14.731C5.21719 14.414 4.95762 14.157 4.63743 14.157H4.25093Z" fill="#EB0203"></path>
                    <path fill-rule="evenodd" clip-rule="evenodd" d="M14.6252 13.6363C13.4918 12.6215 11.7817 12.5264 10.6569 13.4792C9.12421 14.7764 9.34841 16.8912 10.4409 18.0122L14.0159 21.6742C14.2197 21.8832 14.4928 22 14.7822 22C15.0737 22 15.3448 21.8852 15.5486 21.6762L19.1236 18.0142C20.214 16.8933 20.4423 14.7785 18.9075 13.4792C17.7827 12.5283 16.0724 12.6217 14.9391 13.6365C14.8855 13.6845 14.8331 13.7345 14.7822 13.7866C14.7313 13.7345 14.6789 13.6843 14.6252 13.6363ZM18.1546 14.3522C19.0973 15.1508 18.9962 16.4896 18.2891 17.2173C18.2888 17.2175 18.2886 17.2177 18.2884 17.218L14.7832 20.8084L11.2753 17.2151C11.2752 17.215 11.2751 17.2149 11.2749 17.2148C10.5677 16.4887 10.4678 15.1495 11.4104 14.3518L11.4108 14.3514C12.0745 13.7892 13.2018 13.82 13.9488 14.5846L14.7822 15.4378L15.6157 14.5846C16.3617 13.8211 17.4896 13.79 18.1545 14.3521" fill="#EB0203"></path>
                    </svg>
                    <svg class="inactive-content" width="100%" height="100%" viewBox="0 0 20 23" fill="none" xmlns="http://www.w3.org/2000/svg">
                    <path fill-rule="evenodd" clip-rule="evenodd" d="M6.18408 5.77914C6.18408 5.46223 6.44363 5.20532 6.7638 5.20532H12.3678C12.6879 5.20532 12.9475 5.46223 12.9475 5.77914C12.9475 6.09606 12.6879 6.35297 12.3678 6.35297H6.7638C6.44363 6.35297 6.18408 6.09606 6.18408 5.77914Z" fill="#EB0203"></path>
                    <path fill-rule="evenodd" clip-rule="evenodd" d="M6.18408 11.9034C6.18408 11.5865 6.44363 11.3296 6.7638 11.3296H12.3678C12.6879 11.3296 12.9475 11.5865 12.9475 11.9034C12.9475 12.2202 12.6879 12.4771 12.3678 12.4771H6.7638C6.44363 12.4771 6.18408 12.2202 6.18408 11.9034Z" fill="#EB0203"></path>
                    <path fill-rule="evenodd" clip-rule="evenodd" d="M6.18408 8.84116C6.18408 8.52424 6.44363 8.26733 6.7638 8.26733H12.3678C12.6879 8.26733 12.9475 8.52424 12.9475 8.84116C12.9475 9.15807 12.6879 9.41498 12.3678 9.41498H6.7638C6.44363 9.41498 6.18408 9.15807 6.18408 8.84116Z" fill="#EB0203"></path>
                    <path fill-rule="evenodd" clip-rule="evenodd" d="M6.18408 14.9655C6.18408 14.6486 6.44363 14.3917 6.7638 14.3917H10.1455C10.4657 14.3917 10.7252 14.6486 10.7252 14.9655C10.7252 15.2825 10.4657 15.5394 10.1455 15.5394H6.7638C6.44363 15.5394 6.18408 15.2825 6.18408 14.9655Z" fill="#EB0203"></path>
                    <path fill-rule="evenodd" clip-rule="evenodd" d="M3.67139 5.77914C3.67139 5.46223 3.93094 5.20532 4.25111 5.20532H4.63759C4.95776 5.20532 5.21731 5.46223 5.21731 5.77914C5.21731 6.09606 4.95776 6.35297 4.63759 6.35297H4.25111C3.93094 6.35297 3.67139 6.09606 3.67139 5.77914Z" fill="#EB0203"></path>
                    <path fill-rule="evenodd" clip-rule="evenodd" d="M3.67139 11.9034C3.67139 11.5865 3.93094 11.3296 4.25111 11.3296H4.63759C4.95776 11.3296 5.21731 11.5865 5.21731 11.9034C5.21731 12.2202 4.95776 12.4771 4.63759 12.4771H4.25111C3.93094 12.4771 3.67139 12.2202 3.67139 11.9034Z" fill="#EB0203"></path>
                    <path fill-rule="evenodd" clip-rule="evenodd" d="M3.67139 8.84116C3.67139 8.52424 3.93094 8.26733 4.25111 8.26733H4.63759C4.95776 8.26733 5.21731 8.52424 5.21731 8.84116C5.21731 9.15807 4.95776 9.41498 4.63759 9.41498H4.25111C3.93094 9.41498 3.67139 9.15807 3.67139 8.84116Z" fill="#EB0203"></path>
                    <path fill-rule="evenodd" clip-rule="evenodd" d="M3.67139 14.9655C3.67139 14.6486 3.93094 14.3917 4.25111 14.3917H4.63759C4.95776 14.3917 5.21731 14.6486 5.21731 14.9655C5.21731 15.2825 4.95776 15.5394 4.63759 15.5394H4.25111C3.93094 15.5394 3.67139 15.2825 3.67139 14.9655Z" fill="#EB0203"></path>
                    <path fill-rule="evenodd" clip-rule="evenodd" d="M0 1.76033C0 0.914738 0.692131 0.229248 1.54592 0.229248H15.0727C15.9265 0.229248 16.6186 0.914738 16.6186 1.76033V11.2818C16.6186 11.5989 16.3591 11.8559 16.0389 11.8559C15.7187 11.8559 15.4592 11.5989 15.4592 11.2818V1.76033C15.4592 1.54893 15.2862 1.37756 15.0727 1.37756H1.54592C1.33247 1.37756 1.15944 1.54893 1.15944 1.76033V18.985C1.15944 19.1964 1.33247 19.3678 1.54592 19.3678H9.27551C9.59568 19.3678 9.85523 19.6249 9.85523 19.942C9.85523 20.2591 9.59568 20.5161 9.27551 20.5161H1.54592C0.692131 20.5161 0 19.8306 0 18.985V1.76033Z" fill="#EB0203"></path>
                    <path fill-rule="evenodd" clip-rule="evenodd" d="M14.6254 13.8718C13.4921 12.8567 11.7821 12.7615 10.6574 13.7147C9.12472 15.0124 9.34891 17.128 10.4413 18.2493L14.0161 21.9126C14.2199 22.1217 14.493 22.2386 14.7824 22.2386C15.0739 22.2386 15.3449 22.1238 15.5487 21.9147L19.1235 18.2514C20.2139 17.13 20.4422 15.0144 18.9075 13.7147C17.7827 12.7634 16.0726 12.8569 14.9392 13.872C14.8856 13.92 14.8333 13.9701 14.7824 14.0222C14.7314 13.97 14.6791 13.9199 14.6254 13.8718ZM18.1546 14.588C19.0972 15.3869 18.9961 16.7262 18.2891 17.4541C18.2888 17.4543 18.2886 17.4546 18.2884 17.4548L14.7834 21.0466L11.2757 17.452C11.2756 17.4519 11.2755 17.4517 11.2753 17.4516C10.5681 16.7252 10.4682 15.3856 11.4108 14.5876L11.4112 14.5872C12.0748 14.0248 13.202 14.0556 13.949 14.8205L14.7824 15.674L15.6158 14.8205C16.3618 14.0567 17.4896 14.0256 18.1545 14.5879" fill="#EB0203"></path>
                    </svg>
                    </button>
                    </div>
                    <div class="col-sm-10 col-12">
                    <div class="ct-tile-quantity d-none" data-pid="7566321">
                    <input type="hidden" class="add-to-cart-url" value="https://www.continente.pt/on/demandware.store/Sites-continente-Site/default/Cart-AddProduct" tabindex="-1">
                    <div class="d-none tile-delete-confirmation-btn" data-pid="7566321" data-delay-time="3000" data-in-cart-msg="no carrinho" data-one-product-added="Adicionado ao carrinho" data-remove-from-cart-msg="Removido do carrinho" data-stay-open="6000.0" data-confirmation-image="{&quot;url&quot;:&quot;https://www.continente.pt/dw/image/v2/BDVS_PRD/on/demandware.static/-/Sites-col-master-catalog/default/dwc8c9ceba/images/col/756/7566321-frente.jpg?sw=87&amp;sh=80&quot;,&quot;fallbackimage&quot;:{&quot;url&quot;:&quot;https://www.continente.pt/dw/image/v2/BDVS_PRD/on/demandware.static/Sites-continente-Site/-/default/dw7c42b4da/images/noimagelarge_product.png?sw=87&amp;sh=80&quot;,&quot;title&quot;:&quot;Wrap Vegetariano&quot;,&quot;alt&quot;:&quot;Wrap Vegetariano&quot;},&quot;title&quot;:&quot;Wrap Vegetariano&quot;,&quot;alt&quot;:&quot;Wrap Vegetariano&quot;}"></div>
                    <div class="ct-tile-quantity-update quantity-update product-qty-vue" data-remove-action="https://www.continente.pt/on/demandware.store/Sites-continente-Site/default/Cart-RemoveProductLineItem" data-action="https://www.continente.pt/on/demandware.store/Sites-continente-Site/default/Cart-UpdateQuantity" data-dimension-update="https://www.continente.pt/on/demandware.store/Sites-continente-Site/default/Cart-DimensionUpdate" data-pid="7566321" data-uuid="84cb156da045e9999ea231857d" data-add-delay="500.0" data-measure-options="{&quot;hasConversionRate&quot;:false,&quot;hasAlternativeSaleUnit&quot;:false,&quot;unitConversionRate&quot;:null,&quot;minOrderQuantity&quot;:1,&quot;stepQuantity&quot;:1,&quot;primaryunit&quot;:&quot;un&quot;,&quot;secondaryunit&quot;:&quot;kg&quot;,&quot;selectedunit&quot;:&quot;primary&quot;,&quot;maxNumberOfUnitsPerSale&quot;:50}" data-price-available="null" :data-has-error="isMaxQtyReached || isMinQtyReached || qtySelectedMoreThanOne">
                    <template v-show="prodUnits">
                    <div class="quantity-input-wrapper has-units">
                    <label class="visually-hidden" :for="'quantity-' + pid + additionalTag">
                    Quantidade no carrinho
                    </label>
                    <input :ref="'quantityInput-' + pid + additionalTag" class="add-to-cart-quantity form-control ct-form-input text-center" inputmode="numeric" :class="{'is-invalid': isInvalid}" :data-pid="pid + additionalTag" :name="'quantity-' + pid + additionalTag" type="text" aria-label="Insira a quantidade" title="" v-model="displayValue" @change="updateQuantity" @focus="updateQtyFormat" @blur="restoreQtyFormat" :disabled="!isPriceAvailable">
                    <span class="quantity-icon quantity-icon--minus">
                    <button class="decrease-quantity-btn" @click="updateQuantity" :disabled="!isPriceAvailable" role="button" aria-label="Reduzir quantidade">
                    <i class="css-math-minus"></i>
                    </button>
                    </span>
                    <span class="quantity-icon quantity-icon--plus">
                    <button class="increase-quantity-btn" @click="updateQuantity" :disabled="isMaxQtyReached || !isPriceAvailable" role="button" aria-label="Aumentar quantidade">
                    <i class="css-math-plus"></i>
                    </button>
                    <span class="quantity-btn-disabled-placeholder"></span>
                    </span>
                    <template v-if="isPDP">
                    <span class="quantity-error ct-span-error text-sm-center product-max-allocation" v-if="isMaxQtyReached">
                    Quantidade máxima atingida
                    </span>
                    <span class="quantity-error ct-span-product text-sm-center product-allocation" v-if="!isMinQtyReached &amp;&amp; !isMaxQtyReached">
                    {{quantitySelected}} no carrinho
                    </span>
                    <span class="quantity-error ct-span-error text-sm-center product-min-allocation" :data-pid="pid" v-if="isMinQtyReached &amp;&amp; !isMaxQtyReached">
                    Quantidade mínima atingida
                    </span>
                    </template>
                    </div>
                    <template v-if="showNotes">
                    <div class="add-note-link-container ">
                    <div class="add-note">
                    <a href="/produto/wrap-vegetariano-continente-7566321.html?showNote=true" class="ct-add-note-redirect-pdp" aria-label="Adicionar comentário">
                    <span class="svg-wrapper svg-icon-notes" style="width:19px; height:20px">
                    <svg class="svg-inline icon-notes" viewBox="0 0 28 30" xmlns="http://www.w3.org/2000/svg" width="100%" height="100%"><path d="M21.738 0C22.985 0 24 1.04 24 2.319V12.47c0 .469-.37.848-.828.848-.457 0-.827-.38-.827-.848V2.32c0-.343-.273-.622-.607-.622H2.262c-.334 0-.607.279-.607.622V27.68c0 .343.273.622.607.622h7.81c.457 0 .827.38.827.849 0 .468-.37.848-.827.848h-7.81C1.015 30 0 28.96 0 27.681V2.32C0 1.04 1.015 0 2.262 0h19.476zm2.844 16.004l.227.007c.823.053 1.589.39 2.176.964.64.627.993 1.46.993 2.349 0 .888-.353 1.722-.993 2.348l-6.83 6.665c-.11.108-.247.186-.397.226l-5.032 1.363c-.078.021-.16.032-.241.032-.242 0-.478-.097-.647-.266-.23-.231-.314-.566-.218-.874l1.49-4.798c.044-.139.122-.266.227-.369l6.844-6.677c.64-.625 1.493-.97 2.401-.97zm-2.886 3.94l-4.922 4.802-.947 3.048 3.22-.872 4.897-4.78-2.248-2.197zm2.887-2.174c-.425 0-.824.162-1.124.455l-.484.472 2.248 2.197.484-.472c.62-.606.62-1.591 0-2.197l-.117-.104c-.283-.227-.636-.35-1.007-.35zm-10.839.022c.498 0 .904.396.904.883 0 .488-.406.884-.904.884H5.946c-.499 0-.904-.396-.904-.884 0-.487.405-.883.904-.883zm5.042-4.876c.498 0 .904.397.904.884s-.406.884-.904.884H5.946c-.499 0-.904-.397-.904-.884s.405-.884.904-.884zm0-4.875c.498 0 .904.396.904.884 0 .487-.406.883-.904.883H5.946c-.499 0-.904-.396-.904-.883 0-.488.405-.884.904-.884z" fill="#EB0203" fill-rule="evenodd"></path></svg>
                    </span>
                    <div class="available-note d-none"></div>
                    </a>
                    </div>
                    </div>
                    </template>
                    <div class="measurement-unit-section" v-if="isPriceAvailable &amp;&amp; prodUnits ? prodUnits.hasAlternativeUnit : false">
                    <div class="ct-form-radio" @click="setDimension">
                    <input type="radio" title="" class="ct-form-check-input product-measurement-unit" :data-type="prodUnits.selectedUnit == prodUnits.secondaryUnit ? 'primary' : ''" :id="prodUnits.secondaryUnit + '-' + pid + '-measurement-unit-ptile' + additionalTag" :name="'measurement-unit-' + pid + '-ptile' + additionalTag" :value="prodUnits.secondaryUnit" v-model="prodUnits.selectedUnit">
                    <label :class="prodUnits.secondaryUnit + '-label ct-form-check-label mb-0'" :for="prodUnits.secondaryUnit + '-' + pid + '-measurement-unit-ptile' + additionalTag">
                    {{prodUnits.secondaryUnit}}
                    </label>
                    <span class="checkmark"></span>
                    </div>
                    <div class="ct-form-radio" @click="setDimension">
                    <input type="radio" title="" class="ct-form-check-input product-measurement-unit" :data-type="prodUnits.selectedUnit == prodUnits.primaryUnit ? 'primary' : ''" :id="prodUnits.primaryUnit + '-' + pid + '-measurement-unit-ptile' + additionalTag" :name="'measurement-unit-' + pid + '-ptile' + additionalTag" :value="prodUnits.primaryUnit" v-model="prodUnits.selectedUnit">
                    <label :class="prodUnits.primaryUnit + '-label ct-form-check-label mb-0'" :for="prodUnits.primaryUnit + '-' + pid + '-measurement-unit-ptile' + additionalTag">
                    {{prodUnits.primaryUnit}}
                    </label>
                    <span class="checkmark"></span>
                    </div>
                    </div>
                    <template v-if="!isPDP &amp;&amp; isPriceAvailable">
                    <span class="quantity-error ct-span-error product-max-allocation" v-if="isMaxQtyReached">
                    Quantidade máxima atingida
                    </span>
                    <span class="quantity-error ct-span-product product-allocation" v-if="!isMinQtyReached &amp;&amp; !isMaxQtyReached">
                    {{quantitySelected}} no carrinho
                    </span>
                    <span class="quantity-error ct-span-error product-min-allocation" :data-pid="pid" v-if="isMinQtyReached &amp;&amp; !isMaxQtyReached">
                    Quantidade mínima atingida
                    </span>
                    </template>
                    </template>
                    </div>
                    <input class="quantity-value-mask d-none" name="quantity" type="number" min="0" value="" tabindex="-1">
                    </div>
                    <button type="button" class="add-to-cart button js-add-to-cart js-add-to-cart-tile 7566321 button--primary dynamic-layout-btn" data-toggle="modal" data-target="#chooseBonusProductModal" data-pid="7566321" data-quantity-value="null" aria-label="Carrinho" tabindex="-1">
                    <span class="d-block d-sm-none">
                    <span class="svg-wrapper svg-icon-cart" style="width:20px; height:20px">
                    <svg class="svg-inline icon-cart" xmlns="http://www.w3.org/2000/svg" viewBox="0 0 500 500" width="100%" height="100%"><path fill="#EB0203" fill-rule="evenodd" d="M 485.67317,94.386311 C 476.37798,83.847129 463.09468,78.03348 448.30404,78.03348 H 90.690813 L 87.079511,51.327997 C 83.185582,22.539551 62.962285,0 41.011841,0 H 14.727836 C 6.563151,0 0,6.5286975 0,14.580758 c 0,8.05206 6.5945535,14.580758 14.727836,14.580758 h 26.284005 c 4.710398,0 14.696435,9.855222 16.894619,26.021523 L 100.01739,368.0631 c 1.88416,13.77244 9.01256,26.70549 20.1605,36.37417 8.25889,7.15046 18.02511,11.9071 28.26237,13.89679 -4.17655,7.58572 -6.53175,16.25957 -6.53175,25.493 0,29.53459 24.27424,53.59751 54.13815,53.59751 29.8325,0 54.13814,-24.03184 54.13814,-53.59751 0,-8.79818 -2.19818,-17.09897 -5.9979,-24.43598 h 77.12488 c -3.79973,7.33701 -5.96652,15.6378 -5.96652,24.43598 0,29.53459 24.27424,53.59751 54.13817,53.59751 29.83249,0 54.13814,-24.03184 54.13814,-53.59751 0,-8.79818 -2.1982,-17.09897 -5.9979,-24.43598 h 38.56243 c 8.13328,0 14.72783,-6.5287 14.72783,-14.61183 0,-8.02098 -6.59455,-14.54967 -14.72783,-14.54967 H 159.24277 c -14.38241,0 -28.13677,-11.90711 -30.02092,-26.02153 l -3.07746,-22.88154 h 290.6314 c 14.03698,0 27.94834,-5.28513 39.06488,-14.95381 11.11652,-9.6376 18.27632,-22.57065 20.16048,-36.37417 l 21.10259,-156.78201 c 1.94694,-14.51858 -2.10398,-28.29103 -11.43057,-38.861299 z M 220.76053,443.82706 c 0,13.49265 -11.08513,24.46709 -24.68247,24.46709 -13.62874,0 -24.71387,-10.97444 -24.71387,-24.46709 0,-13.49262 11.08513,-24.43598 24.71387,-24.43598 13.59734,0 24.68247,10.94336 24.68247,24.43598 z m 173.43675,0 c 0,13.49265 -11.08512,24.46709 -24.68245,24.46709 -13.62876,0 -24.71388,-10.97444 -24.71388,-24.46709 0,-13.49262 11.08512,-24.43598 24.71388,-24.43598 13.59733,0 24.68245,10.94336 24.68245,24.43598 z m 73.7648,-314.46558 -21.13397,156.782 c -1.88416,14.11442 -15.63851,26.05261 -30.02091,26.05261 H 122.25046 L 94.616142,107.19499 H 448.33544 c 6.18632,0 11.61896,2.2695 15.23028,6.37326 3.64269,4.13484 5.21283,9.73086 4.39636,15.79323 z"></path></svg>
                    </span>
                    </span>
                    <span class="add-to-cart--text d-none d-sm-block">Carrinho</span>
                    </button>
                    </div>
                    </div>
                    </div>
                    </div>
                    
                    <div class="col-12 d-sm-none">
                    </div>
                    </div>
                    </div>
                    </div>
                    </div><div class="pd-tile-wrap slick-slide" data-idx="1" style="width: 276px; height: auto;" data-slick-index="0" aria-hidden="true" tabindex="-1" role="tabpanel" id="slick-slide00" aria-describedby="slick-slide-control00">
                    
                    <script type="text/javascript">//<!--
                    /* <![CDATA[ */
                    (function(){
                    try {
                        if(window.CQuotient) {
                            var cq_params = {};
                            cq_params.cookieId = window.CQuotient.getCQCookieId();
                            cq_params.userId = window.CQuotient.getCQUserId();
                            cq_params.emailId = CQuotient.getCQHashedEmail();
                            cq_params.loginId = CQuotient.getCQHashedLogin();
                            cq_params.accumulate = true;
                            cq_params.products = [{
                                id: '4297266',
                                sku: '',
                                type: '',
                                alt_id: ''
                            }];
                            cq_params.recommenderName = '__UNDEFINED__';
                            cq_params.realm = "BDVS";
                            cq_params.siteId = "continente";
                            cq_params.instanceType = "prd";
                            cq_params.locale = window.CQuotient.locale;
                            cq_params.slotId = '';
                            cq_params.slotConfigId = '';
                            cq_params.slotConfigTemplate = '';
                            if(window.CQuotient.sendActivity)
                                window.CQuotient.sendActivity( CQuotient.clientId, 'viewReco', cq_params );
                            else
                                window.CQuotient.activities.push( {activityType: 'viewReco', parameters: cq_params} );
                        }
                    } catch(err) {}
                    })();
                    /* ]]> */
                    // -->
                    </script>
                    <script type="text/javascript">//<!--
                    /* <![CDATA[ (viewProduct-active_data.js) */
                    dw.ac._capture({id: "4297266", type: "recommendation"});
                    /* ]]> */
                    // -->
                    </script>
                    <div class="product" data-pid="4297266">
                    <div class="product-tile pid-4297266   ct-product-tile " data-delay-time="3000" data-variants-mapping="[]" data-in-cart-msg="no carrinho" data-one-product-added="Adicionado ao carrinho" data-remove-from-cart-msg="Removido do carrinho" data-stay-open="6000.0" data-product-tile-impression="{&quot;name&quot;:&quot;4297266&quot;,&quot;id&quot;:&quot;4297266&quot;,&quot;price&quot;:0.79,&quot;brand&quot;:&quot;Continente Fácil &amp; Bom&quot;,&quot;category&quot;:[{&quot;category_level_1&quot;:&quot;Padaria e Pastelaria&quot;},{&quot;category_level_2&quot;:&quot;Massas para Culinária&quot;}],&quot;variant&quot;:&quot;&quot;}">
                    <div class="ct-inner-tile-wrap row no-gutters justify-content-center align-content-start">
                    <div class="ct-product-tile-badge ct-product-tile-badge--promotional">
                    <img class="img-fluid lazyloaded" loading="lazy" data-src="https://www.continente.pt/dw/image/v2/BDVS_PRD/on/demandware.static/-/Sites-continente-Library/default/dw7e91cd4a/images/badges/superprice/col/superprice.png?sw=60&amp;sh=42" alt="Desconto Imediato: 20%" title="Desconto Imediato: 20%" src="https://www.continente.pt/dw/image/v2/BDVS_PRD/on/demandware.static/-/Sites-continente-Library/default/dw7e91cd4a/images/badges/superprice/col/superprice.png?sw=60&amp;sh=42">
                    <div class="ct-product-tile-badge-value-wrapper ct-product-tile-badge-value-wrapper--superprice  ">
                    <span class="ct-product-tile-badge-value--superprice">
                    20
                    </span>
                    <span class="ct-product-tile-badge-value--superprice-quantifier ">
                    %
                    </span>
                    </div>
                    </div>
                    
                    <div class="ct-image-container col-4 col-sm" data-confirmation-image="{&quot;url&quot;:&quot;https://www.continente.pt/dw/image/v2/BDVS_PRD/on/demandware.static/-/Sites-col-master-catalog/default/dwa8b7847d/images/col/429/4297266-frente.jpg?sw=87&amp;sh=80&quot;,&quot;fallbackimage&quot;:{&quot;url&quot;:&quot;https://www.continente.pt/dw/image/v2/BDVS_PRD/on/demandware.static/Sites-continente-Site/-/default/dw7c42b4da/images/noimagelarge_product.png?sw=87&amp;sh=80&quot;,&quot;title&quot;:&quot;Massa Quebrada&quot;,&quot;alt&quot;:&quot;Massa Quebrada&quot;},&quot;title&quot;:&quot;Massa Quebrada&quot;,&quot;alt&quot;:&quot;Massa Quebrada&quot;}">
                    <a href="https://www.continente.pt/produto/massa-quebrada-continente-facil-bom-4297266.html?cgid=home" tabindex="-1">
                    <picture class="intrinsic intrinsic--square">
                    <img class="ct-tile-image lazyloaded" loading="lazy" onerror="this.onerror=null;this.src='/on/demandware.static/Sites-continente-Site/-/default/dw7c42b4da/images/noimagelarge_product.png';" data-src="https://www.continente.pt/dw/image/v2/BDVS_PRD/on/demandware.static/-/Sites-col-master-catalog/default/dwa8b7847d/images/col/429/4297266-frente.jpg?sw=280&amp;sh=280" alt="Massa Quebrada" title="Massa Quebrada" src="https://www.continente.pt/dw/image/v2/BDVS_PRD/on/demandware.static/-/Sites-col-master-catalog/default/dwa8b7847d/images/col/429/4297266-frente.jpg?sw=280&amp;sh=280">
                    </picture>
                    </a>
                    <div class="color-swatches d-flex" style="margin-left: 5px;">
                    <div class="swatches d-flex">
                    </div>
                    </div>
                    </div>
                    <div class="ct-tile-body col col-sm-auto ">
                    <div class="ct-pdp-details">
                    <div class="ct-pdp-link">
                    <a class="ct-tile--description" href="https://www.continente.pt/produto/massa-quebrada-continente-facil-bom-4297266.html?cgid=home" tabindex="-1">Massa Quebrada</a>
                    <div class="ct-tile--favorite-top d-sm-none">
                    
                    <button class="wishlist-toggler guest-mode inactive button button--tertiary" data-pid="4297266" data-add-url="https://www.continente.pt/on/demandware.store/Sites-continente-Site/default/Wishlist-AddProduct?pid=4297266" data-toggle="tooltip" aria-label="Adicionar aos favoritos " data-original-title="Adicionar aos favoritos" data-placement="top" tabindex="-1">
                    <svg class="active-content" width="100%" height="100%" viewBox="0 0 20 22" fill="none" xmlns="http://www.w3.org/2000/svg">
                    <path fill-rule="evenodd" clip-rule="evenodd" d="M0 1.53052C0 0.685236 0.692171 0 1.54601 0H15.0736C15.9274 0 16.6196 0.685235 16.6196 1.53052V13.4064L15.8127 13.922L14.2658 14.2658L12.7189 13.4064L10.6054 14.3818C10.4994 14.2451 10.3327 14.157 10.1452 14.157H6.76329C6.4431 14.157 6.18354 14.414 6.18354 14.731C6.18354 15.0479 6.4431 15.3049 6.76329 15.3049H10.1452C10.2478 15.3049 10.3441 15.2785 10.4277 15.2322L10.3126 16.8439L13.2345 20.2793H1.54601C0.69217 20.2793 0 19.5941 0 18.7488V1.53052ZM6.18354 5.5483C6.18354 5.23132 6.4431 4.97436 6.76329 4.97436H12.3676C12.6878 4.97436 12.9473 5.23132 12.9473 5.5483C12.9473 5.86528 12.6878 6.12224 12.3676 6.12224H6.76329C6.4431 6.12224 6.18354 5.86528 6.18354 5.5483ZM6.76329 11.0961C6.4431 11.0961 6.18354 11.3531 6.18354 11.6701C6.18354 11.987 6.4431 12.244 6.76329 12.244H12.3676C12.6878 12.244 12.9473 11.987 12.9473 11.6701C12.9473 11.3531 12.6878 11.0961 12.3676 11.0961H6.76329ZM6.18354 8.60985C6.18354 8.29287 6.4431 8.03591 6.76329 8.03591H12.3676C12.6878 8.03591 12.9473 8.29287 12.9473 8.60985C12.9473 8.92684 12.6878 9.1838 12.3676 9.1838H6.76329C6.4431 9.1838 6.18354 8.92684 6.18354 8.60985ZM3.67118 5.5483C3.67118 5.23132 3.93075 4.97436 4.25093 4.97436H4.63743C4.95762 4.97436 5.21719 5.23132 5.21719 5.5483C5.21719 5.86528 4.95762 6.12224 4.63743 6.12224H4.25093C3.93075 6.12224 3.67118 5.86528 3.67118 5.5483ZM4.25093 11.0961C3.93075 11.0961 3.67118 11.3531 3.67118 11.6701C3.67118 11.987 3.93075 12.244 4.25093 12.244H4.63743C4.95762 12.244 5.21719 11.987 5.21719 11.6701C5.21719 11.3531 4.95762 11.0961 4.63743 11.0961H4.25093ZM3.67118 8.60985C3.67118 8.29287 3.93075 8.03591 4.25093 8.03591H4.63743C4.95762 8.03591 5.21719 8.29287 5.21719 8.60985C5.21719 8.92684 4.95762 9.1838 4.63743 9.1838H4.25093C3.93075 9.1838 3.67118 8.92684 3.67118 8.60985ZM4.25093 14.157C3.93075 14.157 3.67118 14.414 3.67118 14.731C3.67118 15.0479 3.93075 15.3049 4.25093 15.3049H4.63743C4.95762 15.3049 5.21719 15.0479 5.21719 14.731C5.21719 14.414 4.95762 14.157 4.63743 14.157H4.25093Z" fill="#EB0203"></path>
                    <path fill-rule="evenodd" clip-rule="evenodd" d="M14.6252 13.6363C13.4918 12.6215 11.7817 12.5264 10.6569 13.4792C9.12421 14.7764 9.34841 16.8912 10.4409 18.0122L14.0159 21.6742C14.2197 21.8832 14.4928 22 14.7822 22C15.0737 22 15.3448 21.8852 15.5486 21.6762L19.1236 18.0142C20.214 16.8933 20.4423 14.7785 18.9075 13.4792C17.7827 12.5283 16.0724 12.6217 14.9391 13.6365C14.8855 13.6845 14.8331 13.7345 14.7822 13.7866C14.7313 13.7345 14.6789 13.6843 14.6252 13.6363ZM18.1546 14.3522C19.0973 15.1508 18.9962 16.4896 18.2891 17.2173C18.2888 17.2175 18.2886 17.2177 18.2884 17.218L14.7832 20.8084L11.2753 17.2151C11.2752 17.215 11.2751 17.2149 11.2749 17.2148C10.5677 16.4887 10.4678 15.1495 11.4104 14.3518L11.4108 14.3514C12.0745 13.7892 13.2018 13.82 13.9488 14.5846L14.7822 15.4378L15.6157 14.5846C16.3617 13.8211 17.4896 13.79 18.1545 14.3521" fill="#EB0203"></path>
                    </svg>
                    <svg class="inactive-content" width="100%" height="100%" viewBox="0 0 20 23" fill="none" xmlns="http://www.w3.org/2000/svg">
                    <path fill-rule="evenodd" clip-rule="evenodd" d="M6.18408 5.77914C6.18408 5.46223 6.44363 5.20532 6.7638 5.20532H12.3678C12.6879 5.20532 12.9475 5.46223 12.9475 5.77914C12.9475 6.09606 12.6879 6.35297 12.3678 6.35297H6.7638C6.44363 6.35297 6.18408 6.09606 6.18408 5.77914Z" fill="#EB0203"></path>
                    <path fill-rule="evenodd" clip-rule="evenodd" d="M6.18408 11.9034C6.18408 11.5865 6.44363 11.3296 6.7638 11.3296H12.3678C12.6879 11.3296 12.9475 11.5865 12.9475 11.9034C12.9475 12.2202 12.6879 12.4771 12.3678 12.4771H6.7638C6.44363 12.4771 6.18408 12.2202 6.18408 11.9034Z" fill="#EB0203"></path>
                    <path fill-rule="evenodd" clip-rule="evenodd" d="M6.18408 8.84116C6.18408 8.52424 6.44363 8.26733 6.7638 8.26733H12.3678C12.6879 8.26733 12.9475 8.52424 12.9475 8.84116C12.9475 9.15807 12.6879 9.41498 12.3678 9.41498H6.7638C6.44363 9.41498 6.18408 9.15807 6.18408 8.84116Z" fill="#EB0203"></path>
                    <path fill-rule="evenodd" clip-rule="evenodd" d="M6.18408 14.9655C6.18408 14.6486 6.44363 14.3917 6.7638 14.3917H10.1455C10.4657 14.3917 10.7252 14.6486 10.7252 14.9655C10.7252 15.2825 10.4657 15.5394 10.1455 15.5394H6.7638C6.44363 15.5394 6.18408 15.2825 6.18408 14.9655Z" fill="#EB0203"></path>
                    <path fill-rule="evenodd" clip-rule="evenodd" d="M3.67139 5.77914C3.67139 5.46223 3.93094 5.20532 4.25111 5.20532H4.63759C4.95776 5.20532 5.21731 5.46223 5.21731 5.77914C5.21731 6.09606 4.95776 6.35297 4.63759 6.35297H4.25111C3.93094 6.35297 3.67139 6.09606 3.67139 5.77914Z" fill="#EB0203"></path>
                    <path fill-rule="evenodd" clip-rule="evenodd" d="M3.67139 11.9034C3.67139 11.5865 3.93094 11.3296 4.25111 11.3296H4.63759C4.95776 11.3296 5.21731 11.5865 5.21731 11.9034C5.21731 12.2202 4.95776 12.4771 4.63759 12.4771H4.25111C3.93094 12.4771 3.67139 12.2202 3.67139 11.9034Z" fill="#EB0203"></path>
                    <path fill-rule="evenodd" clip-rule="evenodd" d="M3.67139 8.84116C3.67139 8.52424 3.93094 8.26733 4.25111 8.26733H4.63759C4.95776 8.26733 5.21731 8.52424 5.21731 8.84116C5.21731 9.15807 4.95776 9.41498 4.63759 9.41498H4.25111C3.93094 9.41498 3.67139 9.15807 3.67139 8.84116Z" fill="#EB0203"></path>
                    <path fill-rule="evenodd" clip-rule="evenodd" d="M3.67139 14.9655C3.67139 14.6486 3.93094 14.3917 4.25111 14.3917H4.63759C4.95776 14.3917 5.21731 14.6486 5.21731 14.9655C5.21731 15.2825 4.95776 15.5394 4.63759 15.5394H4.25111C3.93094 15.5394 3.67139 15.2825 3.67139 14.9655Z" fill="#EB0203"></path>
                    <path fill-rule="evenodd" clip-rule="evenodd" d="M0 1.76033C0 0.914738 0.692131 0.229248 1.54592 0.229248H15.0727C15.9265 0.229248 16.6186 0.914738 16.6186 1.76033V11.2818C16.6186 11.5989 16.3591 11.8559 16.0389 11.8559C15.7187 11.8559 15.4592 11.5989 15.4592 11.2818V1.76033C15.4592 1.54893 15.2862 1.37756 15.0727 1.37756H1.54592C1.33247 1.37756 1.15944 1.54893 1.15944 1.76033V18.985C1.15944 19.1964 1.33247 19.3678 1.54592 19.3678H9.27551C9.59568 19.3678 9.85523 19.6249 9.85523 19.942C9.85523 20.2591 9.59568 20.5161 9.27551 20.5161H1.54592C0.692131 20.5161 0 19.8306 0 18.985V1.76033Z" fill="#EB0203"></path>
                    <path fill-rule="evenodd" clip-rule="evenodd" d="M14.6254 13.8718C13.4921 12.8567 11.7821 12.7615 10.6574 13.7147C9.12472 15.0124 9.34891 17.128 10.4413 18.2493L14.0161 21.9126C14.2199 22.1217 14.493 22.2386 14.7824 22.2386C15.0739 22.2386 15.3449 22.1238 15.5487 21.9147L19.1235 18.2514C20.2139 17.13 20.4422 15.0144 18.9075 13.7147C17.7827 12.7634 16.0726 12.8569 14.9392 13.872C14.8856 13.92 14.8333 13.9701 14.7824 14.0222C14.7314 13.97 14.6791 13.9199 14.6254 13.8718ZM18.1546 14.588C19.0972 15.3869 18.9961 16.7262 18.2891 17.4541C18.2888 17.4543 18.2886 17.4546 18.2884 17.4548L14.7834 21.0466L11.2757 17.452C11.2756 17.4519 11.2755 17.4517 11.2753 17.4516C10.5681 16.7252 10.4682 15.3856 11.4108 14.5876L11.4112 14.5872C12.0748 14.0248 13.202 14.0556 13.949 14.8205L14.7824 15.674L15.6158 14.8205C16.3618 14.0567 17.4896 14.0256 18.1545 14.5879" fill="#EB0203"></path>
                    </svg>
                    </button>
                    </div>
                    </div>
                    <p class="ct-tile--brand">Continente Fácil &amp; Bom</p>
                    <p class="ct-tile--quantity">emb. 230 gr</p>
                    </div>
                    <div class="ct-tile-bottom row no-gutters justify-content-between">
                    <div class="ct-price-wrap col-8 col-sm-12">
                    <div class="price js-product-price">
                    <div class="prices-wrapper">
                    <span class="sales ct-tile--price-primary ">
                    <span class="value" content="0.79">
                    <span class="ct-price-formatted">
                    €0,79
                    </span>
                    <span class="ct-m-unit">
                    /un
                    </span>
                    </span>
                    </span>
                    <span class="strike-through list ct-tile--price-dashed">
                    <span class="value ct-tile--price-value" content="0.99">
                    <span class="sr-only">
                    Price reduced from
                    </span>
                    €0,99
                    <span class="ct-tile--price-dashed">
                    /un
                    </span>
                    <span class="sr-only">
                    to
                    </span>
                    </span>
                    </span>
                    </div>
                    <div class="ct-tile--price-secondary">
                    <span class="ct-price-value">
                    €3,43
                    </span>
                    <span class="ct-m-unit">
                    /kg
                    </span>
                    </div>
                    <p class="ct-discount-amount ">Desconto Imediato: 20%</p>
                    </div>
                    </div>
                    <div class="ct-tile-buy-section d-flex justify-content-center no-gutters col-auto col-sm-12">
                    <div class="col-2 d-sm-flex d-none">
                    <button class="wishlist-toggler guest-mode inactive button button--tertiary" data-pid="4297266" data-add-url="https://www.continente.pt/on/demandware.store/Sites-continente-Site/default/Wishlist-AddProduct?pid=4297266" data-toggle="tooltip" aria-label="Adicionar aos favoritos " data-original-title="Adicionar aos favoritos" data-placement="top" tabindex="-1">
                    <svg class="active-content" width="100%" height="100%" viewBox="0 0 20 22" fill="none" xmlns="http://www.w3.org/2000/svg">
                    <path fill-rule="evenodd" clip-rule="evenodd" d="M0 1.53052C0 0.685236 0.692171 0 1.54601 0H15.0736C15.9274 0 16.6196 0.685235 16.6196 1.53052V13.4064L15.8127 13.922L14.2658 14.2658L12.7189 13.4064L10.6054 14.3818C10.4994 14.2451 10.3327 14.157 10.1452 14.157H6.76329C6.4431 14.157 6.18354 14.414 6.18354 14.731C6.18354 15.0479 6.4431 15.3049 6.76329 15.3049H10.1452C10.2478 15.3049 10.3441 15.2785 10.4277 15.2322L10.3126 16.8439L13.2345 20.2793H1.54601C0.69217 20.2793 0 19.5941 0 18.7488V1.53052ZM6.18354 5.5483C6.18354 5.23132 6.4431 4.97436 6.76329 4.97436H12.3676C12.6878 4.97436 12.9473 5.23132 12.9473 5.5483C12.9473 5.86528 12.6878 6.12224 12.3676 6.12224H6.76329C6.4431 6.12224 6.18354 5.86528 6.18354 5.5483ZM6.76329 11.0961C6.4431 11.0961 6.18354 11.3531 6.18354 11.6701C6.18354 11.987 6.4431 12.244 6.76329 12.244H12.3676C12.6878 12.244 12.9473 11.987 12.9473 11.6701C12.9473 11.3531 12.6878 11.0961 12.3676 11.0961H6.76329ZM6.18354 8.60985C6.18354 8.29287 6.4431 8.03591 6.76329 8.03591H12.3676C12.6878 8.03591 12.9473 8.29287 12.9473 8.60985C12.9473 8.92684 12.6878 9.1838 12.3676 9.1838H6.76329C6.4431 9.1838 6.18354 8.92684 6.18354 8.60985ZM3.67118 5.5483C3.67118 5.23132 3.93075 4.97436 4.25093 4.97436H4.63743C4.95762 4.97436 5.21719 5.23132 5.21719 5.5483C5.21719 5.86528 4.95762 6.12224 4.63743 6.12224H4.25093C3.93075 6.12224 3.67118 5.86528 3.67118 5.5483ZM4.25093 11.0961C3.93075 11.0961 3.67118 11.3531 3.67118 11.6701C3.67118 11.987 3.93075 12.244 4.25093 12.244H4.63743C4.95762 12.244 5.21719 11.987 5.21719 11.6701C5.21719 11.3531 4.95762 11.0961 4.63743 11.0961H4.25093ZM3.67118 8.60985C3.67118 8.29287 3.93075 8.03591 4.25093 8.03591H4.63743C4.95762 8.03591 5.21719 8.29287 5.21719 8.60985C5.21719 8.92684 4.95762 9.1838 4.63743 9.1838H4.25093C3.93075 9.1838 3.67118 8.92684 3.67118 8.60985ZM4.25093 14.157C3.93075 14.157 3.67118 14.414 3.67118 14.731C3.67118 15.0479 3.93075 15.3049 4.25093 15.3049H4.63743C4.95762 15.3049 5.21719 15.0479 5.21719 14.731C5.21719 14.414 4.95762 14.157 4.63743 14.157H4.25093Z" fill="#EB0203"></path>
                    <path fill-rule="evenodd" clip-rule="evenodd" d="M14.6252 13.6363C13.4918 12.6215 11.7817 12.5264 10.6569 13.4792C9.12421 14.7764 9.34841 16.8912 10.4409 18.0122L14.0159 21.6742C14.2197 21.8832 14.4928 22 14.7822 22C15.0737 22 15.3448 21.8852 15.5486 21.6762L19.1236 18.0142C20.214 16.8933 20.4423 14.7785 18.9075 13.4792C17.7827 12.5283 16.0724 12.6217 14.9391 13.6365C14.8855 13.6845 14.8331 13.7345 14.7822 13.7866C14.7313 13.7345 14.6789 13.6843 14.6252 13.6363ZM18.1546 14.3522C19.0973 15.1508 18.9962 16.4896 18.2891 17.2173C18.2888 17.2175 18.2886 17.2177 18.2884 17.218L14.7832 20.8084L11.2753 17.2151C11.2752 17.215 11.2751 17.2149 11.2749 17.2148C10.5677 16.4887 10.4678 15.1495 11.4104 14.3518L11.4108 14.3514C12.0745 13.7892 13.2018 13.82 13.9488 14.5846L14.7822 15.4378L15.6157 14.5846C16.3617 13.8211 17.4896 13.79 18.1545 14.3521" fill="#EB0203"></path>
                    </svg>
                    <svg class="inactive-content" width="100%" height="100%" viewBox="0 0 20 23" fill="none" xmlns="http://www.w3.org/2000/svg">
                    <path fill-rule="evenodd" clip-rule="evenodd" d="M6.18408 5.77914C6.18408 5.46223 6.44363 5.20532 6.7638 5.20532H12.3678C12.6879 5.20532 12.9475 5.46223 12.9475 5.77914C12.9475 6.09606 12.6879 6.35297 12.3678 6.35297H6.7638C6.44363 6.35297 6.18408 6.09606 6.18408 5.77914Z" fill="#EB0203"></path>
                    <path fill-rule="evenodd" clip-rule="evenodd" d="M6.18408 11.9034C6.18408 11.5865 6.44363 11.3296 6.7638 11.3296H12.3678C12.6879 11.3296 12.9475 11.5865 12.9475 11.9034C12.9475 12.2202 12.6879 12.4771 12.3678 12.4771H6.7638C6.44363 12.4771 6.18408 12.2202 6.18408 11.9034Z" fill="#EB0203"></path>
                    <path fill-rule="evenodd" clip-rule="evenodd" d="M6.18408 8.84116C6.18408 8.52424 6.44363 8.26733 6.7638 8.26733H12.3678C12.6879 8.26733 12.9475 8.52424 12.9475 8.84116C12.9475 9.15807 12.6879 9.41498 12.3678 9.41498H6.7638C6.44363 9.41498 6.18408 9.15807 6.18408 8.84116Z" fill="#EB0203"></path>
                    <path fill-rule="evenodd" clip-rule="evenodd" d="M6.18408 14.9655C6.18408 14.6486 6.44363 14.3917 6.7638 14.3917H10.1455C10.4657 14.3917 10.7252 14.6486 10.7252 14.9655C10.7252 15.2825 10.4657 15.5394 10.1455 15.5394H6.7638C6.44363 15.5394 6.18408 15.2825 6.18408 14.9655Z" fill="#EB0203"></path>
                    <path fill-rule="evenodd" clip-rule="evenodd" d="M3.67139 5.77914C3.67139 5.46223 3.93094 5.20532 4.25111 5.20532H4.63759C4.95776 5.20532 5.21731 5.46223 5.21731 5.77914C5.21731 6.09606 4.95776 6.35297 4.63759 6.35297H4.25111C3.93094 6.35297 3.67139 6.09606 3.67139 5.77914Z" fill="#EB0203"></path>
                    <path fill-rule="evenodd" clip-rule="evenodd" d="M3.67139 11.9034C3.67139 11.5865 3.93094 11.3296 4.25111 11.3296H4.63759C4.95776 11.3296 5.21731 11.5865 5.21731 11.9034C5.21731 12.2202 4.95776 12.4771 4.63759 12.4771H4.25111C3.93094 12.4771 3.67139 12.2202 3.67139 11.9034Z" fill="#EB0203"></path>
                    <path fill-rule="evenodd" clip-rule="evenodd" d="M3.67139 8.84116C3.67139 8.52424 3.93094 8.26733 4.25111 8.26733H4.63759C4.95776 8.26733 5.21731 8.52424 5.21731 8.84116C5.21731 9.15807 4.95776 9.41498 4.63759 9.41498H4.25111C3.93094 9.41498 3.67139 9.15807 3.67139 8.84116Z" fill="#EB0203"></path>
                    <path fill-rule="evenodd" clip-rule="evenodd" d="M3.67139 14.9655C3.67139 14.6486 3.93094 14.3917 4.25111 14.3917H4.63759C4.95776 14.3917 5.21731 14.6486 5.21731 14.9655C5.21731 15.2825 4.95776 15.5394 4.63759 15.5394H4.25111C3.93094 15.5394 3.67139 15.2825 3.67139 14.9655Z" fill="#EB0203"></path>
                    <path fill-rule="evenodd" clip-rule="evenodd" d="M0 1.76033C0 0.914738 0.692131 0.229248 1.54592 0.229248H15.0727C15.9265 0.229248 16.6186 0.914738 16.6186 1.76033V11.2818C16.6186 11.5989 16.3591 11.8559 16.0389 11.8559C15.7187 11.8559 15.4592 11.5989 15.4592 11.2818V1.76033C15.4592 1.54893 15.2862 1.37756 15.0727 1.37756H1.54592C1.33247 1.37756 1.15944 1.54893 1.15944 1.76033V18.985C1.15944 19.1964 1.33247 19.3678 1.54592 19.3678H9.27551C9.59568 19.3678 9.85523 19.6249 9.85523 19.942C9.85523 20.2591 9.59568 20.5161 9.27551 20.5161H1.54592C0.692131 20.5161 0 19.8306 0 18.985V1.76033Z" fill="#EB0203"></path>
                    <path fill-rule="evenodd" clip-rule="evenodd" d="M14.6254 13.8718C13.4921 12.8567 11.7821 12.7615 10.6574 13.7147C9.12472 15.0124 9.34891 17.128 10.4413 18.2493L14.0161 21.9126C14.2199 22.1217 14.493 22.2386 14.7824 22.2386C15.0739 22.2386 15.3449 22.1238 15.5487 21.9147L19.1235 18.2514C20.2139 17.13 20.4422 15.0144 18.9075 13.7147C17.7827 12.7634 16.0726 12.8569 14.9392 13.872C14.8856 13.92 14.8333 13.9701 14.7824 14.0222C14.7314 13.97 14.6791 13.9199 14.6254 13.8718ZM18.1546 14.588C19.0972 15.3869 18.9961 16.7262 18.2891 17.4541C18.2888 17.4543 18.2886 17.4546 18.2884 17.4548L14.7834 21.0466L11.2757 17.452C11.2756 17.4519 11.2755 17.4517 11.2753 17.4516C10.5681 16.7252 10.4682 15.3856 11.4108 14.5876L11.4112 14.5872C12.0748 14.0248 13.202 14.0556 13.949 14.8205L14.7824 15.674L15.6158 14.8205C16.3618 14.0567 17.4896 14.0256 18.1545 14.5879" fill="#EB0203"></path>
                    </svg>
                    </button>
                    </div>
                    <div class="col-sm-10 col-12">
                    <div class="ct-tile-quantity d-none" data-pid="4297266">
                    <input type="hidden" class="add-to-cart-url" value="https://www.continente.pt/on/demandware.store/Sites-continente-Site/default/Cart-AddProduct" tabindex="-1">
                    <div class="d-none tile-delete-confirmation-btn" data-pid="4297266" data-delay-time="3000" data-in-cart-msg="no carrinho" data-one-product-added="Adicionado ao carrinho" data-remove-from-cart-msg="Removido do carrinho" data-stay-open="6000.0" data-confirmation-image="{&quot;url&quot;:&quot;https://www.continente.pt/dw/image/v2/BDVS_PRD/on/demandware.static/-/Sites-col-master-catalog/default/dwa8b7847d/images/col/429/4297266-frente.jpg?sw=87&amp;sh=80&quot;,&quot;fallbackimage&quot;:{&quot;url&quot;:&quot;https://www.continente.pt/dw/image/v2/BDVS_PRD/on/demandware.static/Sites-continente-Site/-/default/dw7c42b4da/images/noimagelarge_product.png?sw=87&amp;sh=80&quot;,&quot;title&quot;:&quot;Massa Quebrada&quot;,&quot;alt&quot;:&quot;Massa Quebrada&quot;},&quot;title&quot;:&quot;Massa Quebrada&quot;,&quot;alt&quot;:&quot;Massa Quebrada&quot;}"></div>
                    <div class="ct-tile-quantity-update quantity-update product-qty-vue" data-remove-action="https://www.continente.pt/on/demandware.store/Sites-continente-Site/default/Cart-RemoveProductLineItem" data-action="https://www.continente.pt/on/demandware.store/Sites-continente-Site/default/Cart-UpdateQuantity" data-dimension-update="https://www.continente.pt/on/demandware.store/Sites-continente-Site/default/Cart-DimensionUpdate" data-pid="4297266" data-uuid="99b485eb75f026140794750e99" data-add-delay="500.0" data-measure-options="{&quot;hasConversionRate&quot;:true,&quot;hasAlternativeSaleUnit&quot;:false,&quot;primaryToSecondary&quot;:1,&quot;secondaryToPrimary&quot;:1,&quot;unitConversionRate&quot;:1,&quot;minOrderQuantity&quot;:1,&quot;stepQuantity&quot;:1,&quot;primaryunit&quot;:&quot;un&quot;,&quot;secondaryunit&quot;:&quot;kg&quot;,&quot;selectedunit&quot;:&quot;primary&quot;,&quot;maxNumberOfUnitsPerSale&quot;:50}" data-price-available="null" :data-has-error="isMaxQtyReached || isMinQtyReached || qtySelectedMoreThanOne">
                    <template v-show="prodUnits">
                    <div class="quantity-input-wrapper has-units">
                    <label class="visually-hidden" :for="'quantity-' + pid + additionalTag">
                    Quantidade no carrinho
                    </label>
                    <input :ref="'quantityInput-' + pid + additionalTag" class="add-to-cart-quantity form-control ct-form-input text-center" inputmode="numeric" :class="{'is-invalid': isInvalid}" :data-pid="pid + additionalTag" :name="'quantity-' + pid + additionalTag" type="text" aria-label="Insira a quantidade" title="" v-model="displayValue" @change="updateQuantity" @focus="updateQtyFormat" @blur="restoreQtyFormat" :disabled="!isPriceAvailable">
                    <span class="quantity-icon quantity-icon--minus">
                    <button class="decrease-quantity-btn" @click="updateQuantity" :disabled="!isPriceAvailable" role="button" aria-label="Reduzir quantidade">
                    <i class="css-math-minus"></i>
                    </button>
                    </span>
                    <span class="quantity-icon quantity-icon--plus">
                    <button class="increase-quantity-btn" @click="updateQuantity" :disabled="isMaxQtyReached || !isPriceAvailable" role="button" aria-label="Aumentar quantidade">
                    <i class="css-math-plus"></i>
                    </button>
                    <span class="quantity-btn-disabled-placeholder"></span>
                    </span>
                    <template v-if="isPDP">
                    <span class="quantity-error ct-span-error text-sm-center product-max-allocation" v-if="isMaxQtyReached">
                    Quantidade máxima atingida
                    </span>
                    <span class="quantity-error ct-span-product text-sm-center product-allocation" v-if="!isMinQtyReached &amp;&amp; !isMaxQtyReached">
                    {{quantitySelected}} no carrinho
                    </span>
                    <span class="quantity-error ct-span-error text-sm-center product-min-allocation" :data-pid="pid" v-if="isMinQtyReached &amp;&amp; !isMaxQtyReached">
                    Quantidade mínima atingida
                    </span>
                    </template>
                    </div>
                    <template v-if="showNotes">
                    <div class="add-note-link-container ">
                    <div class="add-note">
                    <a href="/produto/massa-quebrada-continente-facil-bom-4297266.html?showNote=true" class="ct-add-note-redirect-pdp" aria-label="Adicionar comentário">
                    <span class="svg-wrapper svg-icon-notes" style="width:19px; height:20px">
                    <svg class="svg-inline icon-notes" viewBox="0 0 28 30" xmlns="http://www.w3.org/2000/svg" width="100%" height="100%"><path d="M21.738 0C22.985 0 24 1.04 24 2.319V12.47c0 .469-.37.848-.828.848-.457 0-.827-.38-.827-.848V2.32c0-.343-.273-.622-.607-.622H2.262c-.334 0-.607.279-.607.622V27.68c0 .343.273.622.607.622h7.81c.457 0 .827.38.827.849 0 .468-.37.848-.827.848h-7.81C1.015 30 0 28.96 0 27.681V2.32C0 1.04 1.015 0 2.262 0h19.476zm2.844 16.004l.227.007c.823.053 1.589.39 2.176.964.64.627.993 1.46.993 2.349 0 .888-.353 1.722-.993 2.348l-6.83 6.665c-.11.108-.247.186-.397.226l-5.032 1.363c-.078.021-.16.032-.241.032-.242 0-.478-.097-.647-.266-.23-.231-.314-.566-.218-.874l1.49-4.798c.044-.139.122-.266.227-.369l6.844-6.677c.64-.625 1.493-.97 2.401-.97zm-2.886 3.94l-4.922 4.802-.947 3.048 3.22-.872 4.897-4.78-2.248-2.197zm2.887-2.174c-.425 0-.824.162-1.124.455l-.484.472 2.248 2.197.484-.472c.62-.606.62-1.591 0-2.197l-.117-.104c-.283-.227-.636-.35-1.007-.35zm-10.839.022c.498 0 .904.396.904.883 0 .488-.406.884-.904.884H5.946c-.499 0-.904-.396-.904-.884 0-.487.405-.883.904-.883zm5.042-4.876c.498 0 .904.397.904.884s-.406.884-.904.884H5.946c-.499 0-.904-.397-.904-.884s.405-.884.904-.884zm0-4.875c.498 0 .904.396.904.884 0 .487-.406.883-.904.883H5.946c-.499 0-.904-.396-.904-.883 0-.488.405-.884.904-.884z" fill="#EB0203" fill-rule="evenodd"></path></svg>
                    </span>
                    <div class="available-note d-none"></div>
                    </a>
                    </div>
                    </div>
                    </template>
                    <div class="measurement-unit-section" v-if="isPriceAvailable &amp;&amp; prodUnits ? prodUnits.hasAlternativeUnit : false">
                    <div class="ct-form-radio" @click="setDimension">
                    <input type="radio" title="" class="ct-form-check-input product-measurement-unit" :data-type="prodUnits.selectedUnit == prodUnits.secondaryUnit ? 'primary' : ''" :id="prodUnits.secondaryUnit + '-' + pid + '-measurement-unit-ptile' + additionalTag" :name="'measurement-unit-' + pid + '-ptile' + additionalTag" :value="prodUnits.secondaryUnit" v-model="prodUnits.selectedUnit">
                    <label :class="prodUnits.secondaryUnit + '-label ct-form-check-label mb-0'" :for="prodUnits.secondaryUnit + '-' + pid + '-measurement-unit-ptile' + additionalTag">
                    {{prodUnits.secondaryUnit}}
                    </label>
                    <span class="checkmark"></span>
                    </div>
                    <div class="ct-form-radio" @click="setDimension">
                    <input type="radio" title="" class="ct-form-check-input product-measurement-unit" :data-type="prodUnits.selectedUnit == prodUnits.primaryUnit ? 'primary' : ''" :id="prodUnits.primaryUnit + '-' + pid + '-measurement-unit-ptile' + additionalTag" :name="'measurement-unit-' + pid + '-ptile' + additionalTag" :value="prodUnits.primaryUnit" v-model="prodUnits.selectedUnit">
                    <label :class="prodUnits.primaryUnit + '-label ct-form-check-label mb-0'" :for="prodUnits.primaryUnit + '-' + pid + '-measurement-unit-ptile' + additionalTag">
                    {{prodUnits.primaryUnit}}
                    </label>
                    <span class="checkmark"></span>
                    </div>
                    </div>
                    <template v-if="!isPDP &amp;&amp; isPriceAvailable">
                    <span class="quantity-error ct-span-error product-max-allocation" v-if="isMaxQtyReached">
                    Quantidade máxima atingida
                    </span>
                    <span class="quantity-error ct-span-product product-allocation" v-if="!isMinQtyReached &amp;&amp; !isMaxQtyReached">
                    {{quantitySelected}} no carrinho
                    </span>
                    <span class="quantity-error ct-span-error product-min-allocation" :data-pid="pid" v-if="isMinQtyReached &amp;&amp; !isMaxQtyReached">
                    Quantidade mínima atingida
                    </span>
                    </template>
                    </template>
                    </div>
                    <input class="quantity-value-mask d-none" name="quantity" type="number" min="0" value="" tabindex="-1">
                    </div>
                    <button type="button" class="add-to-cart button js-add-to-cart js-add-to-cart-tile 4297266 button--primary dynamic-layout-btn" data-toggle="modal" data-target="#chooseBonusProductModal" data-pid="4297266" data-quantity-value="null" aria-label="Carrinho" tabindex="-1">
                    <span class="d-block d-sm-none">
                    <span class="svg-wrapper svg-icon-cart" style="width:20px; height:20px">
                    <svg class="svg-inline icon-cart" xmlns="http://www.w3.org/2000/svg" viewBox="0 0 500 500" width="100%" height="100%"><path fill="#EB0203" fill-rule="evenodd" d="M 485.67317,94.386311 C 476.37798,83.847129 463.09468,78.03348 448.30404,78.03348 H 90.690813 L 87.079511,51.327997 C 83.185582,22.539551 62.962285,0 41.011841,0 H 14.727836 C 6.563151,0 0,6.5286975 0,14.580758 c 0,8.05206 6.5945535,14.580758 14.727836,14.580758 h 26.284005 c 4.710398,0 14.696435,9.855222 16.894619,26.021523 L 100.01739,368.0631 c 1.88416,13.77244 9.01256,26.70549 20.1605,36.37417 8.25889,7.15046 18.02511,11.9071 28.26237,13.89679 -4.17655,7.58572 -6.53175,16.25957 -6.53175,25.493 0,29.53459 24.27424,53.59751 54.13815,53.59751 29.8325,0 54.13814,-24.03184 54.13814,-53.59751 0,-8.79818 -2.19818,-17.09897 -5.9979,-24.43598 h 77.12488 c -3.79973,7.33701 -5.96652,15.6378 -5.96652,24.43598 0,29.53459 24.27424,53.59751 54.13817,53.59751 29.83249,0 54.13814,-24.03184 54.13814,-53.59751 0,-8.79818 -2.1982,-17.09897 -5.9979,-24.43598 h 38.56243 c 8.13328,0 14.72783,-6.5287 14.72783,-14.61183 0,-8.02098 -6.59455,-14.54967 -14.72783,-14.54967 H 159.24277 c -14.38241,0 -28.13677,-11.90711 -30.02092,-26.02153 l -3.07746,-22.88154 h 290.6314 c 14.03698,0 27.94834,-5.28513 39.06488,-14.95381 11.11652,-9.6376 18.27632,-22.57065 20.16048,-36.37417 l 21.10259,-156.78201 c 1.94694,-14.51858 -2.10398,-28.29103 -11.43057,-38.861299 z M 220.76053,443.82706 c 0,13.49265 -11.08513,24.46709 -24.68247,24.46709 -13.62874,0 -24.71387,-10.97444 -24.71387,-24.46709 0,-13.49262 11.08513,-24.43598 24.71387,-24.43598 13.59734,0 24.68247,10.94336 24.68247,24.43598 z m 173.43675,0 c 0,13.49265 -11.08512,24.46709 -24.68245,24.46709 -13.62876,0 -24.71388,-10.97444 -24.71388,-24.46709 0,-13.49262 11.08512,-24.43598 24.71388,-24.43598 13.59733,0 24.68245,10.94336 24.68245,24.43598 z m 73.7648,-314.46558 -21.13397,156.782 c -1.88416,14.11442 -15.63851,26.05261 -30.02091,26.05261 H 122.25046 L 94.616142,107.19499 H 448.33544 c 6.18632,0 11.61896,2.2695 15.23028,6.37326 3.64269,4.13484 5.21283,9.73086 4.39636,15.79323 z"></path></svg>
                    </span>
                    </span>
                    <span class="add-to-cart--text d-none d-sm-block">Carrinho</span>
                    </button>
                    </div>
                    </div>
                    </div>
                    </div>
                    
                    <div class="col-12 d-sm-none">
                    </div>
                    </div>
                    </div>
                    </div>
                    </div><div class="pd-tile-wrap slick-slide" data-idx="2" style="width: 276px; height: auto;" data-slick-index="1" aria-hidden="true" tabindex="-1" role="tabpanel" id="slick-slide01">
                    
                    <script type="text/javascript">//<!--
                    /* <![CDATA[ */
                    (function(){
                    try {
                        if(window.CQuotient) {
                            var cq_params = {};
                            cq_params.cookieId = window.CQuotient.getCQCookieId();
                            cq_params.userId = window.CQuotient.getCQUserId();
                            cq_params.emailId = CQuotient.getCQHashedEmail();
                            cq_params.loginId = CQuotient.getCQHashedLogin();
                            cq_params.accumulate = true;
                            cq_params.products = [{
                                id: '5184892',
                                sku: '',
                                type: '',
                                alt_id: ''
                            }];
                            cq_params.recommenderName = '__UNDEFINED__';
                            cq_params.realm = "BDVS";
                            cq_params.siteId = "continente";
                            cq_params.instanceType = "prd";
                            cq_params.locale = window.CQuotient.locale;
                            cq_params.slotId = '';
                            cq_params.slotConfigId = '';
                            cq_params.slotConfigTemplate = '';
                            if(window.CQuotient.sendActivity)
                                window.CQuotient.sendActivity( CQuotient.clientId, 'viewReco', cq_params );
                            else
                                window.CQuotient.activities.push( {activityType: 'viewReco', parameters: cq_params} );
                        }
                    } catch(err) {}
                    })();
                    /* ]]> */
                    // -->
                    </script>
                    <script type="text/javascript">//<!--
                    /* <![CDATA[ (viewProduct-active_data.js) */
                    dw.ac._capture({id: "5184892", type: "recommendation"});
                    /* ]]> */
                    // -->
                    </script>
                    <div class="product" data-pid="5184892">
                    <div class="product-tile pid-5184892   ct-product-tile " data-delay-time="3000" data-variants-mapping="[]" data-in-cart-msg="no carrinho" data-one-product-added="Adicionado ao carrinho" data-remove-from-cart-msg="Removido do carrinho" data-stay-open="6000.0" data-product-tile-impression="{&quot;name&quot;:&quot;5184892&quot;,&quot;id&quot;:&quot;5184892&quot;,&quot;price&quot;:1.35,&quot;brand&quot;:&quot;Continente Fácil &amp; Bom&quot;,&quot;category&quot;:[{&quot;category_level_1&quot;:&quot;Padaria e Pastelaria&quot;},{&quot;category_level_2&quot;:&quot;Massas para Culinária&quot;}],&quot;variant&quot;:&quot;&quot;}">
                    <div class="ct-inner-tile-wrap row no-gutters justify-content-center align-content-start">
                    
                    
                    <div class="ct-image-container col-4 col-sm" data-confirmation-image="{&quot;url&quot;:&quot;https://www.continente.pt/dw/image/v2/BDVS_PRD/on/demandware.static/-/Sites-col-master-catalog/default/dw85a582b6/images/col/518/5184892-frente.jpg?sw=87&amp;sh=80&quot;,&quot;fallbackimage&quot;:{&quot;url&quot;:&quot;https://www.continente.pt/dw/image/v2/BDVS_PRD/on/demandware.static/Sites-continente-Site/-/default/dw7c42b4da/images/noimagelarge_product.png?sw=87&amp;sh=80&quot;,&quot;title&quot;:&quot;Massa Folhada Retangular&quot;,&quot;alt&quot;:&quot;Massa Folhada Retangular&quot;},&quot;title&quot;:&quot;Massa Folhada Retangular&quot;,&quot;alt&quot;:&quot;Massa Folhada Retangular&quot;}">
                    <a href="https://www.continente.pt/produto/massa-folhada-retangular-continente-facil-bom-5184892.html?cgid=home" tabindex="-1">
                    <picture class="intrinsic intrinsic--square">
                    <img class="ct-tile-image lazyloaded" loading="lazy" onerror="this.onerror=null;this.src='/on/demandware.static/Sites-continente-Site/-/default/dw7c42b4da/images/noimagelarge_product.png';" data-src="https://www.continente.pt/dw/image/v2/BDVS_PRD/on/demandware.static/-/Sites-col-master-catalog/default/dw85a582b6/images/col/518/5184892-frente.jpg?sw=280&amp;sh=280" alt="Massa Folhada Retangular" title="Massa Folhada Retangular" src="https://www.continente.pt/dw/image/v2/BDVS_PRD/on/demandware.static/-/Sites-col-master-catalog/default/dw85a582b6/images/col/518/5184892-frente.jpg?sw=280&amp;sh=280">
                    </picture>
                    </a>
                    <div class="color-swatches d-flex" style="margin-left: 5px;">
                    <div class="swatches d-flex">
                    </div>
                    </div>
                    </div>
                    <div class="ct-tile-body col col-sm-auto ">
                    <div class="ct-pdp-details">
                    <div class="ct-pdp-link">
                    <a class="ct-tile--description" href="https://www.continente.pt/produto/massa-folhada-retangular-continente-facil-bom-5184892.html?cgid=home" tabindex="-1">Massa Folhada Retangular</a>
                    <div class="ct-tile--favorite-top d-sm-none">
                    <button class="wishlist-toggler guest-mode inactive button button--tertiary" data-pid="5184892" data-add-url="https://www.continente.pt/on/demandware.store/Sites-continente-Site/default/Wishlist-AddProduct?pid=5184892" data-toggle="tooltip" aria-label="Adicionar aos favoritos " data-original-title="Adicionar aos favoritos" data-placement="top" tabindex="-1">
                    <svg class="active-content" width="100%" height="100%" viewBox="0 0 20 22" fill="none" xmlns="http://www.w3.org/2000/svg">
                    <path fill-rule="evenodd" clip-rule="evenodd" d="M0 1.53052C0 0.685236 0.692171 0 1.54601 0H15.0736C15.9274 0 16.6196 0.685235 16.6196 1.53052V13.4064L15.8127 13.922L14.2658 14.2658L12.7189 13.4064L10.6054 14.3818C10.4994 14.2451 10.3327 14.157 10.1452 14.157H6.76329C6.4431 14.157 6.18354 14.414 6.18354 14.731C6.18354 15.0479 6.4431 15.3049 6.76329 15.3049H10.1452C10.2478 15.3049 10.3441 15.2785 10.4277 15.2322L10.3126 16.8439L13.2345 20.2793H1.54601C0.69217 20.2793 0 19.5941 0 18.7488V1.53052ZM6.18354 5.5483C6.18354 5.23132 6.4431 4.97436 6.76329 4.97436H12.3676C12.6878 4.97436 12.9473 5.23132 12.9473 5.5483C12.9473 5.86528 12.6878 6.12224 12.3676 6.12224H6.76329C6.4431 6.12224 6.18354 5.86528 6.18354 5.5483ZM6.76329 11.0961C6.4431 11.0961 6.18354 11.3531 6.18354 11.6701C6.18354 11.987 6.4431 12.244 6.76329 12.244H12.3676C12.6878 12.244 12.9473 11.987 12.9473 11.6701C12.9473 11.3531 12.6878 11.0961 12.3676 11.0961H6.76329ZM6.18354 8.60985C6.18354 8.29287 6.4431 8.03591 6.76329 8.03591H12.3676C12.6878 8.03591 12.9473 8.29287 12.9473 8.60985C12.9473 8.92684 12.6878 9.1838 12.3676 9.1838H6.76329C6.4431 9.1838 6.18354 8.92684 6.18354 8.60985ZM3.67118 5.5483C3.67118 5.23132 3.93075 4.97436 4.25093 4.97436H4.63743C4.95762 4.97436 5.21719 5.23132 5.21719 5.5483C5.21719 5.86528 4.95762 6.12224 4.63743 6.12224H4.25093C3.93075 6.12224 3.67118 5.86528 3.67118 5.5483ZM4.25093 11.0961C3.93075 11.0961 3.67118 11.3531 3.67118 11.6701C3.67118 11.987 3.93075 12.244 4.25093 12.244H4.63743C4.95762 12.244 5.21719 11.987 5.21719 11.6701C5.21719 11.3531 4.95762 11.0961 4.63743 11.0961H4.25093ZM3.67118 8.60985C3.67118 8.29287 3.93075 8.03591 4.25093 8.03591H4.63743C4.95762 8.03591 5.21719 8.29287 5.21719 8.60985C5.21719 8.92684 4.95762 9.1838 4.63743 9.1838H4.25093C3.93075 9.1838 3.67118 8.92684 3.67118 8.60985ZM4.25093 14.157C3.93075 14.157 3.67118 14.414 3.67118 14.731C3.67118 15.0479 3.93075 15.3049 4.25093 15.3049H4.63743C4.95762 15.3049 5.21719 15.0479 5.21719 14.731C5.21719 14.414 4.95762 14.157 4.63743 14.157H4.25093Z" fill="#EB0203"></path>
                    <path fill-rule="evenodd" clip-rule="evenodd" d="M14.6252 13.6363C13.4918 12.6215 11.7817 12.5264 10.6569 13.4792C9.12421 14.7764 9.34841 16.8912 10.4409 18.0122L14.0159 21.6742C14.2197 21.8832 14.4928 22 14.7822 22C15.0737 22 15.3448 21.8852 15.5486 21.6762L19.1236 18.0142C20.214 16.8933 20.4423 14.7785 18.9075 13.4792C17.7827 12.5283 16.0724 12.6217 14.9391 13.6365C14.8855 13.6845 14.8331 13.7345 14.7822 13.7866C14.7313 13.7345 14.6789 13.6843 14.6252 13.6363ZM18.1546 14.3522C19.0973 15.1508 18.9962 16.4896 18.2891 17.2173C18.2888 17.2175 18.2886 17.2177 18.2884 17.218L14.7832 20.8084L11.2753 17.2151C11.2752 17.215 11.2751 17.2149 11.2749 17.2148C10.5677 16.4887 10.4678 15.1495 11.4104 14.3518L11.4108 14.3514C12.0745 13.7892 13.2018 13.82 13.9488 14.5846L14.7822 15.4378L15.6157 14.5846C16.3617 13.8211 17.4896 13.79 18.1545 14.3521" fill="#EB0203"></path>
                    </svg>
                    <svg class="inactive-content" width="100%" height="100%" viewBox="0 0 20 23" fill="none" xmlns="http://www.w3.org/2000/svg">
                    <path fill-rule="evenodd" clip-rule="evenodd" d="M6.18408 5.77914C6.18408 5.46223 6.44363 5.20532 6.7638 5.20532H12.3678C12.6879 5.20532 12.9475 5.46223 12.9475 5.77914C12.9475 6.09606 12.6879 6.35297 12.3678 6.35297H6.7638C6.44363 6.35297 6.18408 6.09606 6.18408 5.77914Z" fill="#EB0203"></path>
                    <path fill-rule="evenodd" clip-rule="evenodd" d="M6.18408 11.9034C6.18408 11.5865 6.44363 11.3296 6.7638 11.3296H12.3678C12.6879 11.3296 12.9475 11.5865 12.9475 11.9034C12.9475 12.2202 12.6879 12.4771 12.3678 12.4771H6.7638C6.44363 12.4771 6.18408 12.2202 6.18408 11.9034Z" fill="#EB0203"></path>
                    <path fill-rule="evenodd" clip-rule="evenodd" d="M6.18408 8.84116C6.18408 8.52424 6.44363 8.26733 6.7638 8.26733H12.3678C12.6879 8.26733 12.9475 8.52424 12.9475 8.84116C12.9475 9.15807 12.6879 9.41498 12.3678 9.41498H6.7638C6.44363 9.41498 6.18408 9.15807 6.18408 8.84116Z" fill="#EB0203"></path>
                    <path fill-rule="evenodd" clip-rule="evenodd" d="M6.18408 14.9655C6.18408 14.6486 6.44363 14.3917 6.7638 14.3917H10.1455C10.4657 14.3917 10.7252 14.6486 10.7252 14.9655C10.7252 15.2825 10.4657 15.5394 10.1455 15.5394H6.7638C6.44363 15.5394 6.18408 15.2825 6.18408 14.9655Z" fill="#EB0203"></path>
                    <path fill-rule="evenodd" clip-rule="evenodd" d="M3.67139 5.77914C3.67139 5.46223 3.93094 5.20532 4.25111 5.20532H4.63759C4.95776 5.20532 5.21731 5.46223 5.21731 5.77914C5.21731 6.09606 4.95776 6.35297 4.63759 6.35297H4.25111C3.93094 6.35297 3.67139 6.09606 3.67139 5.77914Z" fill="#EB0203"></path>
                    <path fill-rule="evenodd" clip-rule="evenodd" d="M3.67139 11.9034C3.67139 11.5865 3.93094 11.3296 4.25111 11.3296H4.63759C4.95776 11.3296 5.21731 11.5865 5.21731 11.9034C5.21731 12.2202 4.95776 12.4771 4.63759 12.4771H4.25111C3.93094 12.4771 3.67139 12.2202 3.67139 11.9034Z" fill="#EB0203"></path>
                    <path fill-rule="evenodd" clip-rule="evenodd" d="M3.67139 8.84116C3.67139 8.52424 3.93094 8.26733 4.25111 8.26733H4.63759C4.95776 8.26733 5.21731 8.52424 5.21731 8.84116C5.21731 9.15807 4.95776 9.41498 4.63759 9.41498H4.25111C3.93094 9.41498 3.67139 9.15807 3.67139 8.84116Z" fill="#EB0203"></path>
                    <path fill-rule="evenodd" clip-rule="evenodd" d="M3.67139 14.9655C3.67139 14.6486 3.93094 14.3917 4.25111 14.3917H4.63759C4.95776 14.3917 5.21731 14.6486 5.21731 14.9655C5.21731 15.2825 4.95776 15.5394 4.63759 15.5394H4.25111C3.93094 15.5394 3.67139 15.2825 3.67139 14.9655Z" fill="#EB0203"></path>
                    <path fill-rule="evenodd" clip-rule="evenodd" d="M0 1.76033C0 0.914738 0.692131 0.229248 1.54592 0.229248H15.0727C15.9265 0.229248 16.6186 0.914738 16.6186 1.76033V11.2818C16.6186 11.5989 16.3591 11.8559 16.0389 11.8559C15.7187 11.8559 15.4592 11.5989 15.4592 11.2818V1.76033C15.4592 1.54893 15.2862 1.37756 15.0727 1.37756H1.54592C1.33247 1.37756 1.15944 1.54893 1.15944 1.76033V18.985C1.15944 19.1964 1.33247 19.3678 1.54592 19.3678H9.27551C9.59568 19.3678 9.85523 19.6249 9.85523 19.942C9.85523 20.2591 9.59568 20.5161 9.27551 20.5161H1.54592C0.692131 20.5161 0 19.8306 0 18.985V1.76033Z" fill="#EB0203"></path>
                    <path fill-rule="evenodd" clip-rule="evenodd" d="M14.6254 13.8718C13.4921 12.8567 11.7821 12.7615 10.6574 13.7147C9.12472 15.0124 9.34891 17.128 10.4413 18.2493L14.0161 21.9126C14.2199 22.1217 14.493 22.2386 14.7824 22.2386C15.0739 22.2386 15.3449 22.1238 15.5487 21.9147L19.1235 18.2514C20.2139 17.13 20.4422 15.0144 18.9075 13.7147C17.7827 12.7634 16.0726 12.8569 14.9392 13.872C14.8856 13.92 14.8333 13.9701 14.7824 14.0222C14.7314 13.97 14.6791 13.9199 14.6254 13.8718ZM18.1546 14.588C19.0972 15.3869 18.9961 16.7262 18.2891 17.4541C18.2888 17.4543 18.2886 17.4546 18.2884 17.4548L14.7834 21.0466L11.2757 17.452C11.2756 17.4519 11.2755 17.4517 11.2753 17.4516C10.5681 16.7252 10.4682 15.3856 11.4108 14.5876L11.4112 14.5872C12.0748 14.0248 13.202 14.0556 13.949 14.8205L14.7824 15.674L15.6158 14.8205C16.3618 14.0567 17.4896 14.0256 18.1545 14.5879" fill="#EB0203"></path>
                    </svg>
                    </button>
                    </div>
                    </div>
                    <p class="ct-tile--brand">Continente Fácil &amp; Bom</p>
                    <p class="ct-tile--quantity">emb. 375 gr</p>
                    </div>
                    <div class="ct-tile-bottom row no-gutters justify-content-between">
                    <div class="ct-price-wrap col-8 col-sm-12">
                    <div class="price js-product-price">
                    <div class="prices-wrapper">
                    <span class="sales ct-tile--price-primary ">
                    <span class="value" content="1.35">
                    <span class="ct-price-formatted">
                    €1,35
                    </span>
                    <span class="ct-m-unit">
                    /un
                    </span>
                    </span>
                    </span>
                    </div>
                    <div class="ct-tile--price-secondary">
                    <span class="ct-price-value">
                    €3,60
                    </span>
                    <span class="ct-m-unit">
                    /kg
                    </span>
                    </div>
                    </div>
                    </div>
                    <div class="ct-tile-buy-section d-flex justify-content-center no-gutters col-auto col-sm-12">
                    <div class="col-2 d-sm-flex d-none">
                    <button class="wishlist-toggler guest-mode inactive button button--tertiary" data-pid="5184892" data-add-url="https://www.continente.pt/on/demandware.store/Sites-continente-Site/default/Wishlist-AddProduct?pid=5184892" data-toggle="tooltip" aria-label="Adicionar aos favoritos " data-original-title="Adicionar aos favoritos" data-placement="top" tabindex="-1">
                    <svg class="active-content" width="100%" height="100%" viewBox="0 0 20 22" fill="none" xmlns="http://www.w3.org/2000/svg">
                    <path fill-rule="evenodd" clip-rule="evenodd" d="M0 1.53052C0 0.685236 0.692171 0 1.54601 0H15.0736C15.9274 0 16.6196 0.685235 16.6196 1.53052V13.4064L15.8127 13.922L14.2658 14.2658L12.7189 13.4064L10.6054 14.3818C10.4994 14.2451 10.3327 14.157 10.1452 14.157H6.76329C6.4431 14.157 6.18354 14.414 6.18354 14.731C6.18354 15.0479 6.4431 15.3049 6.76329 15.3049H10.1452C10.2478 15.3049 10.3441 15.2785 10.4277 15.2322L10.3126 16.8439L13.2345 20.2793H1.54601C0.69217 20.2793 0 19.5941 0 18.7488V1.53052ZM6.18354 5.5483C6.18354 5.23132 6.4431 4.97436 6.76329 4.97436H12.3676C12.6878 4.97436 12.9473 5.23132 12.9473 5.5483C12.9473 5.86528 12.6878 6.12224 12.3676 6.12224H6.76329C6.4431 6.12224 6.18354 5.86528 6.18354 5.5483ZM6.76329 11.0961C6.4431 11.0961 6.18354 11.3531 6.18354 11.6701C6.18354 11.987 6.4431 12.244 6.76329 12.244H12.3676C12.6878 12.244 12.9473 11.987 12.9473 11.6701C12.9473 11.3531 12.6878 11.0961 12.3676 11.0961H6.76329ZM6.18354 8.60985C6.18354 8.29287 6.4431 8.03591 6.76329 8.03591H12.3676C12.6878 8.03591 12.9473 8.29287 12.9473 8.60985C12.9473 8.92684 12.6878 9.1838 12.3676 9.1838H6.76329C6.4431 9.1838 6.18354 8.92684 6.18354 8.60985ZM3.67118 5.5483C3.67118 5.23132 3.93075 4.97436 4.25093 4.97436H4.63743C4.95762 4.97436 5.21719 5.23132 5.21719 5.5483C5.21719 5.86528 4.95762 6.12224 4.63743 6.12224H4.25093C3.93075 6.12224 3.67118 5.86528 3.67118 5.5483ZM4.25093 11.0961C3.93075 11.0961 3.67118 11.3531 3.67118 11.6701C3.67118 11.987 3.93075 12.244 4.25093 12.244H4.63743C4.95762 12.244 5.21719 11.987 5.21719 11.6701C5.21719 11.3531 4.95762 11.0961 4.63743 11.0961H4.25093ZM3.67118 8.60985C3.67118 8.29287 3.93075 8.03591 4.25093 8.03591H4.63743C4.95762 8.03591 5.21719 8.29287 5.21719 8.60985C5.21719 8.92684 4.95762 9.1838 4.63743 9.1838H4.25093C3.93075 9.1838 3.67118 8.92684 3.67118 8.60985ZM4.25093 14.157C3.93075 14.157 3.67118 14.414 3.67118 14.731C3.67118 15.0479 3.93075 15.3049 4.25093 15.3049H4.63743C4.95762 15.3049 5.21719 15.0479 5.21719 14.731C5.21719 14.414 4.95762 14.157 4.63743 14.157H4.25093Z" fill="#EB0203"></path>
                    <path fill-rule="evenodd" clip-rule="evenodd" d="M14.6252 13.6363C13.4918 12.6215 11.7817 12.5264 10.6569 13.4792C9.12421 14.7764 9.34841 16.8912 10.4409 18.0122L14.0159 21.6742C14.2197 21.8832 14.4928 22 14.7822 22C15.0737 22 15.3448 21.8852 15.5486 21.6762L19.1236 18.0142C20.214 16.8933 20.4423 14.7785 18.9075 13.4792C17.7827 12.5283 16.0724 12.6217 14.9391 13.6365C14.8855 13.6845 14.8331 13.7345 14.7822 13.7866C14.7313 13.7345 14.6789 13.6843 14.6252 13.6363ZM18.1546 14.3522C19.0973 15.1508 18.9962 16.4896 18.2891 17.2173C18.2888 17.2175 18.2886 17.2177 18.2884 17.218L14.7832 20.8084L11.2753 17.2151C11.2752 17.215 11.2751 17.2149 11.2749 17.2148C10.5677 16.4887 10.4678 15.1495 11.4104 14.3518L11.4108 14.3514C12.0745 13.7892 13.2018 13.82 13.9488 14.5846L14.7822 15.4378L15.6157 14.5846C16.3617 13.8211 17.4896 13.79 18.1545 14.3521" fill="#EB0203"></path>
                    </svg>
                    <svg class="inactive-content" width="100%" height="100%" viewBox="0 0 20 23" fill="none" xmlns="http://www.w3.org/2000/svg">
                    <path fill-rule="evenodd" clip-rule="evenodd" d="M6.18408 5.77914C6.18408 5.46223 6.44363 5.20532 6.7638 5.20532H12.3678C12.6879 5.20532 12.9475 5.46223 12.9475 5.77914C12.9475 6.09606 12.6879 6.35297 12.3678 6.35297H6.7638C6.44363 6.35297 6.18408 6.09606 6.18408 5.77914Z" fill="#EB0203"></path>
                    <path fill-rule="evenodd" clip-rule="evenodd" d="M6.18408 11.9034C6.18408 11.5865 6.44363 11.3296 6.7638 11.3296H12.3678C12.6879 11.3296 12.9475 11.5865 12.9475 11.9034C12.9475 12.2202 12.6879 12.4771 12.3678 12.4771H6.7638C6.44363 12.4771 6.18408 12.2202 6.18408 11.9034Z" fill="#EB0203"></path>
                    <path fill-rule="evenodd" clip-rule="evenodd" d="M6.18408 8.84116C6.18408 8.52424 6.44363 8.26733 6.7638 8.26733H12.3678C12.6879 8.26733 12.9475 8.52424 12.9475 8.84116C12.9475 9.15807 12.6879 9.41498 12.3678 9.41498H6.7638C6.44363 9.41498 6.18408 9.15807 6.18408 8.84116Z" fill="#EB0203"></path>
                    <path fill-rule="evenodd" clip-rule="evenodd" d="M6.18408 14.9655C6.18408 14.6486 6.44363 14.3917 6.7638 14.3917H10.1455C10.4657 14.3917 10.7252 14.6486 10.7252 14.9655C10.7252 15.2825 10.4657 15.5394 10.1455 15.5394H6.7638C6.44363 15.5394 6.18408 15.2825 6.18408 14.9655Z" fill="#EB0203"></path>
                    <path fill-rule="evenodd" clip-rule="evenodd" d="M3.67139 5.77914C3.67139 5.46223 3.93094 5.20532 4.25111 5.20532H4.63759C4.95776 5.20532 5.21731 5.46223 5.21731 5.77914C5.21731 6.09606 4.95776 6.35297 4.63759 6.35297H4.25111C3.93094 6.35297 3.67139 6.09606 3.67139 5.77914Z" fill="#EB0203"></path>
                    <path fill-rule="evenodd" clip-rule="evenodd" d="M3.67139 11.9034C3.67139 11.5865 3.93094 11.3296 4.25111 11.3296H4.63759C4.95776 11.3296 5.21731 11.5865 5.21731 11.9034C5.21731 12.2202 4.95776 12.4771 4.63759 12.4771H4.25111C3.93094 12.4771 3.67139 12.2202 3.67139 11.9034Z" fill="#EB0203"></path>
                    <path fill-rule="evenodd" clip-rule="evenodd" d="M3.67139 8.84116C3.67139 8.52424 3.93094 8.26733 4.25111 8.26733H4.63759C4.95776 8.26733 5.21731 8.52424 5.21731 8.84116C5.21731 9.15807 4.95776 9.41498 4.63759 9.41498H4.25111C3.93094 9.41498 3.67139 9.15807 3.67139 8.84116Z" fill="#EB0203"></path>
                    <path fill-rule="evenodd" clip-rule="evenodd" d="M3.67139 14.9655C3.67139 14.6486 3.93094 14.3917 4.25111 14.3917H4.63759C4.95776 14.3917 5.21731 14.6486 5.21731 14.9655C5.21731 15.2825 4.95776 15.5394 4.63759 15.5394H4.25111C3.93094 15.5394 3.67139 15.2825 3.67139 14.9655Z" fill="#EB0203"></path>
                    <path fill-rule="evenodd" clip-rule="evenodd" d="M0 1.76033C0 0.914738 0.692131 0.229248 1.54592 0.229248H15.0727C15.9265 0.229248 16.6186 0.914738 16.6186 1.76033V11.2818C16.6186 11.5989 16.3591 11.8559 16.0389 11.8559C15.7187 11.8559 15.4592 11.5989 15.4592 11.2818V1.76033C15.4592 1.54893 15.2862 1.37756 15.0727 1.37756H1.54592C1.33247 1.37756 1.15944 1.54893 1.15944 1.76033V18.985C1.15944 19.1964 1.33247 19.3678 1.54592 19.3678H9.27551C9.59568 19.3678 9.85523 19.6249 9.85523 19.942C9.85523 20.2591 9.59568 20.5161 9.27551 20.5161H1.54592C0.692131 20.5161 0 19.8306 0 18.985V1.76033Z" fill="#EB0203"></path>
                    <path fill-rule="evenodd" clip-rule="evenodd" d="M14.6254 13.8718C13.4921 12.8567 11.7821 12.7615 10.6574 13.7147C9.12472 15.0124 9.34891 17.128 10.4413 18.2493L14.0161 21.9126C14.2199 22.1217 14.493 22.2386 14.7824 22.2386C15.0739 22.2386 15.3449 22.1238 15.5487 21.9147L19.1235 18.2514C20.2139 17.13 20.4422 15.0144 18.9075 13.7147C17.7827 12.7634 16.0726 12.8569 14.9392 13.872C14.8856 13.92 14.8333 13.9701 14.7824 14.0222C14.7314 13.97 14.6791 13.9199 14.6254 13.8718ZM18.1546 14.588C19.0972 15.3869 18.9961 16.7262 18.2891 17.4541C18.2888 17.4543 18.2886 17.4546 18.2884 17.4548L14.7834 21.0466L11.2757 17.452C11.2756 17.4519 11.2755 17.4517 11.2753 17.4516C10.5681 16.7252 10.4682 15.3856 11.4108 14.5876L11.4112 14.5872C12.0748 14.0248 13.202 14.0556 13.949 14.8205L14.7824 15.674L15.6158 14.8205C16.3618 14.0567 17.4896 14.0256 18.1545 14.5879" fill="#EB0203"></path>
                    </svg>
                    </button>
                    </div>
                    <div class="col-sm-10 col-12">
                    <div class="ct-tile-quantity d-none" data-pid="5184892">
                    <input type="hidden" class="add-to-cart-url" value="https://www.continente.pt/on/demandware.store/Sites-continente-Site/default/Cart-AddProduct" tabindex="-1">
                    <div class="d-none tile-delete-confirmation-btn" data-pid="5184892" data-delay-time="3000" data-in-cart-msg="no carrinho" data-one-product-added="Adicionado ao carrinho" data-remove-from-cart-msg="Removido do carrinho" data-stay-open="6000.0" data-confirmation-image="{&quot;url&quot;:&quot;https://www.continente.pt/dw/image/v2/BDVS_PRD/on/demandware.static/-/Sites-col-master-catalog/default/dw85a582b6/images/col/518/5184892-frente.jpg?sw=87&amp;sh=80&quot;,&quot;fallbackimage&quot;:{&quot;url&quot;:&quot;https://www.continente.pt/dw/image/v2/BDVS_PRD/on/demandware.static/Sites-continente-Site/-/default/dw7c42b4da/images/noimagelarge_product.png?sw=87&amp;sh=80&quot;,&quot;title&quot;:&quot;Massa Folhada Retangular&quot;,&quot;alt&quot;:&quot;Massa Folhada Retangular&quot;},&quot;title&quot;:&quot;Massa Folhada Retangular&quot;,&quot;alt&quot;:&quot;Massa Folhada Retangular&quot;}"></div>
                    <div class="ct-tile-quantity-update quantity-update product-qty-vue" data-remove-action="https://www.continente.pt/on/demandware.store/Sites-continente-Site/default/Cart-RemoveProductLineItem" data-action="https://www.continente.pt/on/demandware.store/Sites-continente-Site/default/Cart-UpdateQuantity" data-dimension-update="https://www.continente.pt/on/demandware.store/Sites-continente-Site/default/Cart-DimensionUpdate" data-pid="5184892" data-uuid="d2879f110e2ac566ff66110f68" data-add-delay="500.0" data-measure-options="{&quot;hasConversionRate&quot;:false,&quot;hasAlternativeSaleUnit&quot;:false,&quot;unitConversionRate&quot;:null,&quot;minOrderQuantity&quot;:1,&quot;stepQuantity&quot;:1,&quot;primaryunit&quot;:&quot;un&quot;,&quot;secondaryunit&quot;:&quot;kg&quot;,&quot;selectedunit&quot;:&quot;primary&quot;,&quot;maxNumberOfUnitsPerSale&quot;:50}" data-price-available="null" :data-has-error="isMaxQtyReached || isMinQtyReached || qtySelectedMoreThanOne">
                    <template v-show="prodUnits">
                    <div class="quantity-input-wrapper has-units">
                    <label class="visually-hidden" :for="'quantity-' + pid + additionalTag">
                    Quantidade no carrinho
                    </label>
                    <input :ref="'quantityInput-' + pid + additionalTag" class="add-to-cart-quantity form-control ct-form-input text-center" inputmode="numeric" :class="{'is-invalid': isInvalid}" :data-pid="pid + additionalTag" :name="'quantity-' + pid + additionalTag" type="text" aria-label="Insira a quantidade" title="" v-model="displayValue" @change="updateQuantity" @focus="updateQtyFormat" @blur="restoreQtyFormat" :disabled="!isPriceAvailable">
                    <span class="quantity-icon quantity-icon--minus">
                    <button class="decrease-quantity-btn" @click="updateQuantity" :disabled="!isPriceAvailable" role="button" aria-label="Reduzir quantidade">
                    <i class="css-math-minus"></i>
                    </button>
                    </span>
                    <span class="quantity-icon quantity-icon--plus">
                    <button class="increase-quantity-btn" @click="updateQuantity" :disabled="isMaxQtyReached || !isPriceAvailable" role="button" aria-label="Aumentar quantidade">
                    <i class="css-math-plus"></i>
                    </button>
                    <span class="quantity-btn-disabled-placeholder"></span>
                    </span>
                    <template v-if="isPDP">
                    <span class="quantity-error ct-span-error text-sm-center product-max-allocation" v-if="isMaxQtyReached">
                    Quantidade máxima atingida
                    </span>
                    <span class="quantity-error ct-span-product text-sm-center product-allocation" v-if="!isMinQtyReached &amp;&amp; !isMaxQtyReached">
                    {{quantitySelected}} no carrinho
                    </span>
                    <span class="quantity-error ct-span-error text-sm-center product-min-allocation" :data-pid="pid" v-if="isMinQtyReached &amp;&amp; !isMaxQtyReached">
                    Quantidade mínima atingida
                    </span>
                    </template>
                    </div>
                    <template v-if="showNotes">
                    <div class="add-note-link-container ">
                    <div class="add-note">
                    <a href="/produto/massa-folhada-retangular-continente-facil-bom-5184892.html?showNote=true" class="ct-add-note-redirect-pdp" aria-label="Adicionar comentário">
                    <span class="svg-wrapper svg-icon-notes" style="width:19px; height:20px">
                    <svg class="svg-inline icon-notes" viewBox="0 0 28 30" xmlns="http://www.w3.org/2000/svg" width="100%" height="100%"><path d="M21.738 0C22.985 0 24 1.04 24 2.319V12.47c0 .469-.37.848-.828.848-.457 0-.827-.38-.827-.848V2.32c0-.343-.273-.622-.607-.622H2.262c-.334 0-.607.279-.607.622V27.68c0 .343.273.622.607.622h7.81c.457 0 .827.38.827.849 0 .468-.37.848-.827.848h-7.81C1.015 30 0 28.96 0 27.681V2.32C0 1.04 1.015 0 2.262 0h19.476zm2.844 16.004l.227.007c.823.053 1.589.39 2.176.964.64.627.993 1.46.993 2.349 0 .888-.353 1.722-.993 2.348l-6.83 6.665c-.11.108-.247.186-.397.226l-5.032 1.363c-.078.021-.16.032-.241.032-.242 0-.478-.097-.647-.266-.23-.231-.314-.566-.218-.874l1.49-4.798c.044-.139.122-.266.227-.369l6.844-6.677c.64-.625 1.493-.97 2.401-.97zm-2.886 3.94l-4.922 4.802-.947 3.048 3.22-.872 4.897-4.78-2.248-2.197zm2.887-2.174c-.425 0-.824.162-1.124.455l-.484.472 2.248 2.197.484-.472c.62-.606.62-1.591 0-2.197l-.117-.104c-.283-.227-.636-.35-1.007-.35zm-10.839.022c.498 0 .904.396.904.883 0 .488-.406.884-.904.884H5.946c-.499 0-.904-.396-.904-.884 0-.487.405-.883.904-.883zm5.042-4.876c.498 0 .904.397.904.884s-.406.884-.904.884H5.946c-.499 0-.904-.397-.904-.884s.405-.884.904-.884zm0-4.875c.498 0 .904.396.904.884 0 .487-.406.883-.904.883H5.946c-.499 0-.904-.396-.904-.883 0-.488.405-.884.904-.884z" fill="#EB0203" fill-rule="evenodd"></path></svg>
                    </span>
                    <div class="available-note d-none"></div>
                    </a>
                    </div>
                    </div>
                    </template>
                    <div class="measurement-unit-section" v-if="isPriceAvailable &amp;&amp; prodUnits ? prodUnits.hasAlternativeUnit : false">
                    <div class="ct-form-radio" @click="setDimension">
                    <input type="radio" title="" class="ct-form-check-input product-measurement-unit" :data-type="prodUnits.selectedUnit == prodUnits.secondaryUnit ? 'primary' : ''" :id="prodUnits.secondaryUnit + '-' + pid + '-measurement-unit-ptile' + additionalTag" :name="'measurement-unit-' + pid + '-ptile' + additionalTag" :value="prodUnits.secondaryUnit" v-model="prodUnits.selectedUnit">
                    <label :class="prodUnits.secondaryUnit + '-label ct-form-check-label mb-0'" :for="prodUnits.secondaryUnit + '-' + pid + '-measurement-unit-ptile' + additionalTag">
                    {{prodUnits.secondaryUnit}}
                    </label>
                    <span class="checkmark"></span>
                    </div>
                    <div class="ct-form-radio" @click="setDimension">
                    <input type="radio" title="" class="ct-form-check-input product-measurement-unit" :data-type="prodUnits.selectedUnit == prodUnits.primaryUnit ? 'primary' : ''" :id="prodUnits.primaryUnit + '-' + pid + '-measurement-unit-ptile' + additionalTag" :name="'measurement-unit-' + pid + '-ptile' + additionalTag" :value="prodUnits.primaryUnit" v-model="prodUnits.selectedUnit">
                    <label :class="prodUnits.primaryUnit + '-label ct-form-check-label mb-0'" :for="prodUnits.primaryUnit + '-' + pid + '-measurement-unit-ptile' + additionalTag">
                    {{prodUnits.primaryUnit}}
                    </label>
                    <span class="checkmark"></span>
                    </div>
                    </div>
                    <template v-if="!isPDP &amp;&amp; isPriceAvailable">
                    <span class="quantity-error ct-span-error product-max-allocation" v-if="isMaxQtyReached">
                    Quantidade máxima atingida
                    </span>
                    <span class="quantity-error ct-span-product product-allocation" v-if="!isMinQtyReached &amp;&amp; !isMaxQtyReached">
                    {{quantitySelected}} no carrinho
                    </span>
                    <span class="quantity-error ct-span-error product-min-allocation" :data-pid="pid" v-if="isMinQtyReached &amp;&amp; !isMaxQtyReached">
                    Quantidade mínima atingida
                    </span>
                    </template>
                    </template>
                    </div>
                    <input class="quantity-value-mask d-none" name="quantity" type="number" min="0" value="" tabindex="-1">
                    </div>
                    
                    <button type="button" class="add-to-cart button js-add-to-cart js-add-to-cart-tile 5184892 button--primary dynamic-layout-btn" data-toggle="modal" data-target="#chooseBonusProductModal" data-pid="5184892" data-quantity-value="null" aria-label="Carrinho" tabindex="-1">
                    <span class="d-block d-sm-none">
                    <span class="svg-wrapper svg-icon-cart" style="width:20px; height:20px">
                    <svg class="svg-inline icon-cart" xmlns="http://www.w3.org/2000/svg" viewBox="0 0 500 500" width="100%" height="100%"><path fill="#EB0203" fill-rule="evenodd" d="M 485.67317,94.386311 C 476.37798,83.847129 463.09468,78.03348 448.30404,78.03348 H 90.690813 L 87.079511,51.327997 C 83.185582,22.539551 62.962285,0 41.011841,0 H 14.727836 C 6.563151,0 0,6.5286975 0,14.580758 c 0,8.05206 6.5945535,14.580758 14.727836,14.580758 h 26.284005 c 4.710398,0 14.696435,9.855222 16.894619,26.021523 L 100.01739,368.0631 c 1.88416,13.77244 9.01256,26.70549 20.1605,36.37417 8.25889,7.15046 18.02511,11.9071 28.26237,13.89679 -4.17655,7.58572 -6.53175,16.25957 -6.53175,25.493 0,29.53459 24.27424,53.59751 54.13815,53.59751 29.8325,0 54.13814,-24.03184 54.13814,-53.59751 0,-8.79818 -2.19818,-17.09897 -5.9979,-24.43598 h 77.12488 c -3.79973,7.33701 -5.96652,15.6378 -5.96652,24.43598 0,29.53459 24.27424,53.59751 54.13817,53.59751 29.83249,0 54.13814,-24.03184 54.13814,-53.59751 0,-8.79818 -2.1982,-17.09897 -5.9979,-24.43598 h 38.56243 c 8.13328,0 14.72783,-6.5287 14.72783,-14.61183 0,-8.02098 -6.59455,-14.54967 -14.72783,-14.54967 H 159.24277 c -14.38241,0 -28.13677,-11.90711 -30.02092,-26.02153 l -3.07746,-22.88154 h 290.6314 c 14.03698,0 27.94834,-5.28513 39.06488,-14.95381 11.11652,-9.6376 18.27632,-22.57065 20.16048,-36.37417 l 21.10259,-156.78201 c 1.94694,-14.51858 -2.10398,-28.29103 -11.43057,-38.861299 z M 220.76053,443.82706 c 0,13.49265 -11.08513,24.46709 -24.68247,24.46709 -13.62874,0 -24.71387,-10.97444 -24.71387,-24.46709 0,-13.49262 11.08513,-24.43598 24.71387,-24.43598 13.59734,0 24.68247,10.94336 24.68247,24.43598 z m 173.43675,0 c 0,13.49265 -11.08512,24.46709 -24.68245,24.46709 -13.62876,0 -24.71388,-10.97444 -24.71388,-24.46709 0,-13.49262 11.08512,-24.43598 24.71388,-24.43598 13.59733,0 24.68245,10.94336 24.68245,24.43598 z m 73.7648,-314.46558 -21.13397,156.782 c -1.88416,14.11442 -15.63851,26.05261 -30.02091,26.05261 H 122.25046 L 94.616142,107.19499 H 448.33544 c 6.18632,0 11.61896,2.2695 15.23028,6.37326 3.64269,4.13484 5.21283,9.73086 4.39636,15.79323 z"></path></svg>
                    </span>
                    </span>
                    <span class="add-to-cart--text d-none d-sm-block">Carrinho</span>
                    </button>
                    </div>
                    </div>
                    </div>
                    </div>
                    
                    <div class="col-12 d-sm-none">
                    </div>
                    </div>
                    </div>
                    </div>
                    </div><div class="pd-tile-wrap slick-slide" data-idx="3" style="width: 276px; height: auto;" data-slick-index="2" aria-hidden="true" tabindex="-1" role="tabpanel" id="slick-slide02">
                    
                    <script type="text/javascript">//<!--
                    /* <![CDATA[ */
                    (function(){
                    try {
                        if(window.CQuotient) {
                            var cq_params = {};
                            cq_params.cookieId = window.CQuotient.getCQCookieId();
                            cq_params.userId = window.CQuotient.getCQUserId();
                            cq_params.emailId = CQuotient.getCQHashedEmail();
                            cq_params.loginId = CQuotient.getCQHashedLogin();
                            cq_params.accumulate = true;
                            cq_params.products = [{
                                id: '4297267',
                                sku: '',
                                type: '',
                                alt_id: ''
                            }];
                            cq_params.recommenderName = '__UNDEFINED__';
                            cq_params.realm = "BDVS";
                            cq_params.siteId = "continente";
                            cq_params.instanceType = "prd";
                            cq_params.locale = window.CQuotient.locale;
                            cq_params.slotId = '';
                            cq_params.slotConfigId = '';
                            cq_params.slotConfigTemplate = '';
                            if(window.CQuotient.sendActivity)
                                window.CQuotient.sendActivity( CQuotient.clientId, 'viewReco', cq_params );
                            else
                                window.CQuotient.activities.push( {activityType: 'viewReco', parameters: cq_params} );
                        }
                    } catch(err) {}
                    })();
                    /* ]]> */
                    // -->
                    </script>
                    <script type="text/javascript">//<!--
                    /* <![CDATA[ (viewProduct-active_data.js) */
                    dw.ac._capture({id: "4297267", type: "recommendation"});
                    /* ]]> */
                    // -->
                    </script>
                    <div class="product" data-pid="4297267">
                    <div class="product-tile pid-4297267   ct-product-tile " data-delay-time="3000" data-variants-mapping="[]" data-in-cart-msg="no carrinho" data-one-product-added="Adicionado ao carrinho" data-remove-from-cart-msg="Removido do carrinho" data-stay-open="6000.0" data-product-tile-impression="{&quot;name&quot;:&quot;4297267&quot;,&quot;id&quot;:&quot;4297267&quot;,&quot;price&quot;:0.99,&quot;brand&quot;:&quot;Continente Fácil &amp; Bom&quot;,&quot;category&quot;:[{&quot;category_level_1&quot;:&quot;Padaria e Pastelaria&quot;},{&quot;category_level_2&quot;:&quot;Massas para Culinária&quot;}],&quot;variant&quot;:&quot;&quot;}">
                    <div class="ct-inner-tile-wrap row no-gutters justify-content-center align-content-start">
                    
                    <div class="ct-image-container col-4 col-sm" data-confirmation-image="{&quot;url&quot;:&quot;https://www.continente.pt/dw/image/v2/BDVS_PRD/on/demandware.static/-/Sites-col-master-catalog/default/dwfd5d10e5/images/col/429/4297267-frente.jpg?sw=87&amp;sh=80&quot;,&quot;fallbackimage&quot;:{&quot;url&quot;:&quot;https://www.continente.pt/dw/image/v2/BDVS_PRD/on/demandware.static/Sites-continente-Site/-/default/dw7c42b4da/images/noimagelarge_product.png?sw=87&amp;sh=80&quot;,&quot;title&quot;:&quot;Massa Fresca para Pizza&quot;,&quot;alt&quot;:&quot;Massa Fresca para Pizza&quot;},&quot;title&quot;:&quot;Massa Fresca para Pizza&quot;,&quot;alt&quot;:&quot;Massa Fresca para Pizza&quot;}">
                    <a href="https://www.continente.pt/produto/massa-fresca-para-pizza-continente-facil-bom-4297267.html?cgid=home" tabindex="-1">
                    <picture class="intrinsic intrinsic--square">
                    <img class="ct-tile-image lazyloaded" loading="lazy" onerror="this.onerror=null;this.src='/on/demandware.static/Sites-continente-Site/-/default/dw7c42b4da/images/noimagelarge_product.png';" data-src="https://www.continente.pt/dw/image/v2/BDVS_PRD/on/demandware.static/-/Sites-col-master-catalog/default/dwfd5d10e5/images/col/429/4297267-frente.jpg?sw=280&amp;sh=280" alt="Massa Fresca para Pizza" title="Massa Fresca para Pizza" src="https://www.continente.pt/dw/image/v2/BDVS_PRD/on/demandware.static/-/Sites-col-master-catalog/default/dwfd5d10e5/images/col/429/4297267-frente.jpg?sw=280&amp;sh=280">
                    </picture>
                    </a>
                    <div class="color-swatches d-flex" style="margin-left: 5px;">
                    <div class="swatches d-flex">
                    </div>
                    </div>
                    </div>
                    <div class="ct-tile-body col col-sm-auto ">
                    <div class="ct-pdp-details">
                    <div class="ct-pdp-link">
                    <a class="ct-tile--description" href="https://www.continente.pt/produto/massa-fresca-para-pizza-continente-facil-bom-4297267.html?cgid=home" tabindex="-1">Massa Fresca para Pizza</a>
                    <div class="ct-tile--favorite-top d-sm-none">
                    <button class="wishlist-toggler guest-mode inactive button button--tertiary" data-pid="4297267" data-add-url="https://www.continente.pt/on/demandware.store/Sites-continente-Site/default/Wishlist-AddProduct?pid=4297267" data-toggle="tooltip" aria-label="Adicionar aos favoritos " data-original-title="Adicionar aos favoritos" data-placement="top" tabindex="-1">
                    <svg class="active-content" width="100%" height="100%" viewBox="0 0 20 22" fill="none" xmlns="http://www.w3.org/2000/svg">
                    <path fill-rule="evenodd" clip-rule="evenodd" d="M0 1.53052C0 0.685236 0.692171 0 1.54601 0H15.0736C15.9274 0 16.6196 0.685235 16.6196 1.53052V13.4064L15.8127 13.922L14.2658 14.2658L12.7189 13.4064L10.6054 14.3818C10.4994 14.2451 10.3327 14.157 10.1452 14.157H6.76329C6.4431 14.157 6.18354 14.414 6.18354 14.731C6.18354 15.0479 6.4431 15.3049 6.76329 15.3049H10.1452C10.2478 15.3049 10.3441 15.2785 10.4277 15.2322L10.3126 16.8439L13.2345 20.2793H1.54601C0.69217 20.2793 0 19.5941 0 18.7488V1.53052ZM6.18354 5.5483C6.18354 5.23132 6.4431 4.97436 6.76329 4.97436H12.3676C12.6878 4.97436 12.9473 5.23132 12.9473 5.5483C12.9473 5.86528 12.6878 6.12224 12.3676 6.12224H6.76329C6.4431 6.12224 6.18354 5.86528 6.18354 5.5483ZM6.76329 11.0961C6.4431 11.0961 6.18354 11.3531 6.18354 11.6701C6.18354 11.987 6.4431 12.244 6.76329 12.244H12.3676C12.6878 12.244 12.9473 11.987 12.9473 11.6701C12.9473 11.3531 12.6878 11.0961 12.3676 11.0961H6.76329ZM6.18354 8.60985C6.18354 8.29287 6.4431 8.03591 6.76329 8.03591H12.3676C12.6878 8.03591 12.9473 8.29287 12.9473 8.60985C12.9473 8.92684 12.6878 9.1838 12.3676 9.1838H6.76329C6.4431 9.1838 6.18354 8.92684 6.18354 8.60985ZM3.67118 5.5483C3.67118 5.23132 3.93075 4.97436 4.25093 4.97436H4.63743C4.95762 4.97436 5.21719 5.23132 5.21719 5.5483C5.21719 5.86528 4.95762 6.12224 4.63743 6.12224H4.25093C3.93075 6.12224 3.67118 5.86528 3.67118 5.5483ZM4.25093 11.0961C3.93075 11.0961 3.67118 11.3531 3.67118 11.6701C3.67118 11.987 3.93075 12.244 4.25093 12.244H4.63743C4.95762 12.244 5.21719 11.987 5.21719 11.6701C5.21719 11.3531 4.95762 11.0961 4.63743 11.0961H4.25093ZM3.67118 8.60985C3.67118 8.29287 3.93075 8.03591 4.25093 8.03591H4.63743C4.95762 8.03591 5.21719 8.29287 5.21719 8.60985C5.21719 8.92684 4.95762 9.1838 4.63743 9.1838H4.25093C3.93075 9.1838 3.67118 8.92684 3.67118 8.60985ZM4.25093 14.157C3.93075 14.157 3.67118 14.414 3.67118 14.731C3.67118 15.0479 3.93075 15.3049 4.25093 15.3049H4.63743C4.95762 15.3049 5.21719 15.0479 5.21719 14.731C5.21719 14.414 4.95762 14.157 4.63743 14.157H4.25093Z" fill="#EB0203"></path>
                    <path fill-rule="evenodd" clip-rule="evenodd" d="M14.6252 13.6363C13.4918 12.6215 11.7817 12.5264 10.6569 13.4792C9.12421 14.7764 9.34841 16.8912 10.4409 18.0122L14.0159 21.6742C14.2197 21.8832 14.4928 22 14.7822 22C15.0737 22 15.3448 21.8852 15.5486 21.6762L19.1236 18.0142C20.214 16.8933 20.4423 14.7785 18.9075 13.4792C17.7827 12.5283 16.0724 12.6217 14.9391 13.6365C14.8855 13.6845 14.8331 13.7345 14.7822 13.7866C14.7313 13.7345 14.6789 13.6843 14.6252 13.6363ZM18.1546 14.3522C19.0973 15.1508 18.9962 16.4896 18.2891 17.2173C18.2888 17.2175 18.2886 17.2177 18.2884 17.218L14.7832 20.8084L11.2753 17.2151C11.2752 17.215 11.2751 17.2149 11.2749 17.2148C10.5677 16.4887 10.4678 15.1495 11.4104 14.3518L11.4108 14.3514C12.0745 13.7892 13.2018 13.82 13.9488 14.5846L14.7822 15.4378L15.6157 14.5846C16.3617 13.8211 17.4896 13.79 18.1545 14.3521" fill="#EB0203"></path>
                    </svg>
                    <svg class="inactive-content" width="100%" height="100%" viewBox="0 0 20 23" fill="none" xmlns="http://www.w3.org/2000/svg">
                    <path fill-rule="evenodd" clip-rule="evenodd" d="M6.18408 5.77914C6.18408 5.46223 6.44363 5.20532 6.7638 5.20532H12.3678C12.6879 5.20532 12.9475 5.46223 12.9475 5.77914C12.9475 6.09606 12.6879 6.35297 12.3678 6.35297H6.7638C6.44363 6.35297 6.18408 6.09606 6.18408 5.77914Z" fill="#EB0203"></path>
                    <path fill-rule="evenodd" clip-rule="evenodd" d="M6.18408 11.9034C6.18408 11.5865 6.44363 11.3296 6.7638 11.3296H12.3678C12.6879 11.3296 12.9475 11.5865 12.9475 11.9034C12.9475 12.2202 12.6879 12.4771 12.3678 12.4771H6.7638C6.44363 12.4771 6.18408 12.2202 6.18408 11.9034Z" fill="#EB0203"></path>
                    <path fill-rule="evenodd" clip-rule="evenodd" d="M6.18408 8.84116C6.18408 8.52424 6.44363 8.26733 6.7638 8.26733H12.3678C12.6879 8.26733 12.9475 8.52424 12.9475 8.84116C12.9475 9.15807 12.6879 9.41498 12.3678 9.41498H6.7638C6.44363 9.41498 6.18408 9.15807 6.18408 8.84116Z" fill="#EB0203"></path>
                    <path fill-rule="evenodd" clip-rule="evenodd" d="M6.18408 14.9655C6.18408 14.6486 6.44363 14.3917 6.7638 14.3917H10.1455C10.4657 14.3917 10.7252 14.6486 10.7252 14.9655C10.7252 15.2825 10.4657 15.5394 10.1455 15.5394H6.7638C6.44363 15.5394 6.18408 15.2825 6.18408 14.9655Z" fill="#EB0203"></path>
                    <path fill-rule="evenodd" clip-rule="evenodd" d="M3.67139 5.77914C3.67139 5.46223 3.93094 5.20532 4.25111 5.20532H4.63759C4.95776 5.20532 5.21731 5.46223 5.21731 5.77914C5.21731 6.09606 4.95776 6.35297 4.63759 6.35297H4.25111C3.93094 6.35297 3.67139 6.09606 3.67139 5.77914Z" fill="#EB0203"></path>
                    <path fill-rule="evenodd" clip-rule="evenodd" d="M3.67139 11.9034C3.67139 11.5865 3.93094 11.3296 4.25111 11.3296H4.63759C4.95776 11.3296 5.21731 11.5865 5.21731 11.9034C5.21731 12.2202 4.95776 12.4771 4.63759 12.4771H4.25111C3.93094 12.4771 3.67139 12.2202 3.67139 11.9034Z" fill="#EB0203"></path>
                    <path fill-rule="evenodd" clip-rule="evenodd" d="M3.67139 8.84116C3.67139 8.52424 3.93094 8.26733 4.25111 8.26733H4.63759C4.95776 8.26733 5.21731 8.52424 5.21731 8.84116C5.21731 9.15807 4.95776 9.41498 4.63759 9.41498H4.25111C3.93094 9.41498 3.67139 9.15807 3.67139 8.84116Z" fill="#EB0203"></path>
                    <path fill-rule="evenodd" clip-rule="evenodd" d="M3.67139 14.9655C3.67139 14.6486 3.93094 14.3917 4.25111 14.3917H4.63759C4.95776 14.3917 5.21731 14.6486 5.21731 14.9655C5.21731 15.2825 4.95776 15.5394 4.63759 15.5394H4.25111C3.93094 15.5394 3.67139 15.2825 3.67139 14.9655Z" fill="#EB0203"></path>
                    <path fill-rule="evenodd" clip-rule="evenodd" d="M0 1.76033C0 0.914738 0.692131 0.229248 1.54592 0.229248H15.0727C15.9265 0.229248 16.6186 0.914738 16.6186 1.76033V11.2818C16.6186 11.5989 16.3591 11.8559 16.0389 11.8559C15.7187 11.8559 15.4592 11.5989 15.4592 11.2818V1.76033C15.4592 1.54893 15.2862 1.37756 15.0727 1.37756H1.54592C1.33247 1.37756 1.15944 1.54893 1.15944 1.76033V18.985C1.15944 19.1964 1.33247 19.3678 1.54592 19.3678H9.27551C9.59568 19.3678 9.85523 19.6249 9.85523 19.942C9.85523 20.2591 9.59568 20.5161 9.27551 20.5161H1.54592C0.692131 20.5161 0 19.8306 0 18.985V1.76033Z" fill="#EB0203"></path>
                    <path fill-rule="evenodd" clip-rule="evenodd" d="M14.6254 13.8718C13.4921 12.8567 11.7821 12.7615 10.6574 13.7147C9.12472 15.0124 9.34891 17.128 10.4413 18.2493L14.0161 21.9126C14.2199 22.1217 14.493 22.2386 14.7824 22.2386C15.0739 22.2386 15.3449 22.1238 15.5487 21.9147L19.1235 18.2514C20.2139 17.13 20.4422 15.0144 18.9075 13.7147C17.7827 12.7634 16.0726 12.8569 14.9392 13.872C14.8856 13.92 14.8333 13.9701 14.7824 14.0222C14.7314 13.97 14.6791 13.9199 14.6254 13.8718ZM18.1546 14.588C19.0972 15.3869 18.9961 16.7262 18.2891 17.4541C18.2888 17.4543 18.2886 17.4546 18.2884 17.4548L14.7834 21.0466L11.2757 17.452C11.2756 17.4519 11.2755 17.4517 11.2753 17.4516C10.5681 16.7252 10.4682 15.3856 11.4108 14.5876L11.4112 14.5872C12.0748 14.0248 13.202 14.0556 13.949 14.8205L14.7824 15.674L15.6158 14.8205C16.3618 14.0567 17.4896 14.0256 18.1545 14.5879" fill="#EB0203"></path>
                    </svg>
                    </button>
                    </div>
                    </div>
                    <p class="ct-tile--brand">Continente Fácil &amp; Bom</p>
                    <p class="ct-tile--quantity">emb. 280 gr</p>
                    </div>
                    <div class="ct-tile-bottom row no-gutters justify-content-between">
                    <div class="ct-price-wrap col-8 col-sm-12">
                    <div class="price js-product-price">
                    <div class="prices-wrapper">
                    <span class="sales ct-tile--price-primary ">
                    <span class="value" content="0.99">
                    <span class="ct-price-formatted">
                    €0,99
                    </span>
                    <span class="ct-m-unit">
                    /un
                    </span>
                    </span>
                    </span>
                    </div>
                    <div class="ct-tile--price-secondary">
                    <span class="ct-price-value">
                    €3,54
                    </span>
                    <span class="ct-m-unit">
                    /kg
                    </span>
                    </div>
                    </div>
                    </div>
                    <div class="ct-tile-buy-section d-flex justify-content-center no-gutters col-auto col-sm-12">
                    <div class="col-2 d-sm-flex d-none">
                    <button class="wishlist-toggler guest-mode inactive button button--tertiary" data-pid="4297267" data-add-url="https://www.continente.pt/on/demandware.store/Sites-continente-Site/default/Wishlist-AddProduct?pid=4297267" data-toggle="tooltip" aria-label="Adicionar aos favoritos " data-original-title="Adicionar aos favoritos" data-placement="top" tabindex="-1">
                    <svg class="active-content" width="100%" height="100%" viewBox="0 0 20 22" fill="none" xmlns="http://www.w3.org/2000/svg">
                    <path fill-rule="evenodd" clip-rule="evenodd" d="M0 1.53052C0 0.685236 0.692171 0 1.54601 0H15.0736C15.9274 0 16.6196 0.685235 16.6196 1.53052V13.4064L15.8127 13.922L14.2658 14.2658L12.7189 13.4064L10.6054 14.3818C10.4994 14.2451 10.3327 14.157 10.1452 14.157H6.76329C6.4431 14.157 6.18354 14.414 6.18354 14.731C6.18354 15.0479 6.4431 15.3049 6.76329 15.3049H10.1452C10.2478 15.3049 10.3441 15.2785 10.4277 15.2322L10.3126 16.8439L13.2345 20.2793H1.54601C0.69217 20.2793 0 19.5941 0 18.7488V1.53052ZM6.18354 5.5483C6.18354 5.23132 6.4431 4.97436 6.76329 4.97436H12.3676C12.6878 4.97436 12.9473 5.23132 12.9473 5.5483C12.9473 5.86528 12.6878 6.12224 12.3676 6.12224H6.76329C6.4431 6.12224 6.18354 5.86528 6.18354 5.5483ZM6.76329 11.0961C6.4431 11.0961 6.18354 11.3531 6.18354 11.6701C6.18354 11.987 6.4431 12.244 6.76329 12.244H12.3676C12.6878 12.244 12.9473 11.987 12.9473 11.6701C12.9473 11.3531 12.6878 11.0961 12.3676 11.0961H6.76329ZM6.18354 8.60985C6.18354 8.29287 6.4431 8.03591 6.76329 8.03591H12.3676C12.6878 8.03591 12.9473 8.29287 12.9473 8.60985C12.9473 8.92684 12.6878 9.1838 12.3676 9.1838H6.76329C6.4431 9.1838 6.18354 8.92684 6.18354 8.60985ZM3.67118 5.5483C3.67118 5.23132 3.93075 4.97436 4.25093 4.97436H4.63743C4.95762 4.97436 5.21719 5.23132 5.21719 5.5483C5.21719 5.86528 4.95762 6.12224 4.63743 6.12224H4.25093C3.93075 6.12224 3.67118 5.86528 3.67118 5.5483ZM4.25093 11.0961C3.93075 11.0961 3.67118 11.3531 3.67118 11.6701C3.67118 11.987 3.93075 12.244 4.25093 12.244H4.63743C4.95762 12.244 5.21719 11.987 5.21719 11.6701C5.21719 11.3531 4.95762 11.0961 4.63743 11.0961H4.25093ZM3.67118 8.60985C3.67118 8.29287 3.93075 8.03591 4.25093 8.03591H4.63743C4.95762 8.03591 5.21719 8.29287 5.21719 8.60985C5.21719 8.92684 4.95762 9.1838 4.63743 9.1838H4.25093C3.93075 9.1838 3.67118 8.92684 3.67118 8.60985ZM4.25093 14.157C3.93075 14.157 3.67118 14.414 3.67118 14.731C3.67118 15.0479 3.93075 15.3049 4.25093 15.3049H4.63743C4.95762 15.3049 5.21719 15.0479 5.21719 14.731C5.21719 14.414 4.95762 14.157 4.63743 14.157H4.25093Z" fill="#EB0203"></path>
                    <path fill-rule="evenodd" clip-rule="evenodd" d="M14.6252 13.6363C13.4918 12.6215 11.7817 12.5264 10.6569 13.4792C9.12421 14.7764 9.34841 16.8912 10.4409 18.0122L14.0159 21.6742C14.2197 21.8832 14.4928 22 14.7822 22C15.0737 22 15.3448 21.8852 15.5486 21.6762L19.1236 18.0142C20.214 16.8933 20.4423 14.7785 18.9075 13.4792C17.7827 12.5283 16.0724 12.6217 14.9391 13.6365C14.8855 13.6845 14.8331 13.7345 14.7822 13.7866C14.7313 13.7345 14.6789 13.6843 14.6252 13.6363ZM18.1546 14.3522C19.0973 15.1508 18.9962 16.4896 18.2891 17.2173C18.2888 17.2175 18.2886 17.2177 18.2884 17.218L14.7832 20.8084L11.2753 17.2151C11.2752 17.215 11.2751 17.2149 11.2749 17.2148C10.5677 16.4887 10.4678 15.1495 11.4104 14.3518L11.4108 14.3514C12.0745 13.7892 13.2018 13.82 13.9488 14.5846L14.7822 15.4378L15.6157 14.5846C16.3617 13.8211 17.4896 13.79 18.1545 14.3521" fill="#EB0203"></path>
                    </svg>
                    <svg class="inactive-content" width="100%" height="100%" viewBox="0 0 20 23" fill="none" xmlns="http://www.w3.org/2000/svg">
                    <path fill-rule="evenodd" clip-rule="evenodd" d="M6.18408 5.77914C6.18408 5.46223 6.44363 5.20532 6.7638 5.20532H12.3678C12.6879 5.20532 12.9475 5.46223 12.9475 5.77914C12.9475 6.09606 12.6879 6.35297 12.3678 6.35297H6.7638C6.44363 6.35297 6.18408 6.09606 6.18408 5.77914Z" fill="#EB0203"></path>
                    <path fill-rule="evenodd" clip-rule="evenodd" d="M6.18408 11.9034C6.18408 11.5865 6.44363 11.3296 6.7638 11.3296H12.3678C12.6879 11.3296 12.9475 11.5865 12.9475 11.9034C12.9475 12.2202 12.6879 12.4771 12.3678 12.4771H6.7638C6.44363 12.4771 6.18408 12.2202 6.18408 11.9034Z" fill="#EB0203"></path>
                    <path fill-rule="evenodd" clip-rule="evenodd" d="M6.18408 8.84116C6.18408 8.52424 6.44363 8.26733 6.7638 8.26733H12.3678C12.6879 8.26733 12.9475 8.52424 12.9475 8.84116C12.9475 9.15807 12.6879 9.41498 12.3678 9.41498H6.7638C6.44363 9.41498 6.18408 9.15807 6.18408 8.84116Z" fill="#EB0203"></path>
                    <path fill-rule="evenodd" clip-rule="evenodd" d="M6.18408 14.9655C6.18408 14.6486 6.44363 14.3917 6.7638 14.3917H10.1455C10.4657 14.3917 10.7252 14.6486 10.7252 14.9655C10.7252 15.2825 10.4657 15.5394 10.1455 15.5394H6.7638C6.44363 15.5394 6.18408 15.2825 6.18408 14.9655Z" fill="#EB0203"></path>
                    <path fill-rule="evenodd" clip-rule="evenodd" d="M3.67139 5.77914C3.67139 5.46223 3.93094 5.20532 4.25111 5.20532H4.63759C4.95776 5.20532 5.21731 5.46223 5.21731 5.77914C5.21731 6.09606 4.95776 6.35297 4.63759 6.35297H4.25111C3.93094 6.35297 3.67139 6.09606 3.67139 5.77914Z" fill="#EB0203"></path>
                    <path fill-rule="evenodd" clip-rule="evenodd" d="M3.67139 11.9034C3.67139 11.5865 3.93094 11.3296 4.25111 11.3296H4.63759C4.95776 11.3296 5.21731 11.5865 5.21731 11.9034C5.21731 12.2202 4.95776 12.4771 4.63759 12.4771H4.25111C3.93094 12.4771 3.67139 12.2202 3.67139 11.9034Z" fill="#EB0203"></path>
                    <path fill-rule="evenodd" clip-rule="evenodd" d="M3.67139 8.84116C3.67139 8.52424 3.93094 8.26733 4.25111 8.26733H4.63759C4.95776 8.26733 5.21731 8.52424 5.21731 8.84116C5.21731 9.15807 4.95776 9.41498 4.63759 9.41498H4.25111C3.93094 9.41498 3.67139 9.15807 3.67139 8.84116Z" fill="#EB0203"></path>
                    <path fill-rule="evenodd" clip-rule="evenodd" d="M3.67139 14.9655C3.67139 14.6486 3.93094 14.3917 4.25111 14.3917H4.63759C4.95776 14.3917 5.21731 14.6486 5.21731 14.9655C5.21731 15.2825 4.95776 15.5394 4.63759 15.5394H4.25111C3.93094 15.5394 3.67139 15.2825 3.67139 14.9655Z" fill="#EB0203"></path>
                    <path fill-rule="evenodd" clip-rule="evenodd" d="M0 1.76033C0 0.914738 0.692131 0.229248 1.54592 0.229248H15.0727C15.9265 0.229248 16.6186 0.914738 16.6186 1.76033V11.2818C16.6186 11.5989 16.3591 11.8559 16.0389 11.8559C15.7187 11.8559 15.4592 11.5989 15.4592 11.2818V1.76033C15.4592 1.54893 15.2862 1.37756 15.0727 1.37756H1.54592C1.33247 1.37756 1.15944 1.54893 1.15944 1.76033V18.985C1.15944 19.1964 1.33247 19.3678 1.54592 19.3678H9.27551C9.59568 19.3678 9.85523 19.6249 9.85523 19.942C9.85523 20.2591 9.59568 20.5161 9.27551 20.5161H1.54592C0.692131 20.5161 0 19.8306 0 18.985V1.76033Z" fill="#EB0203"></path>
                    <path fill-rule="evenodd" clip-rule="evenodd" d="M14.6254 13.8718C13.4921 12.8567 11.7821 12.7615 10.6574 13.7147C9.12472 15.0124 9.34891 17.128 10.4413 18.2493L14.0161 21.9126C14.2199 22.1217 14.493 22.2386 14.7824 22.2386C15.0739 22.2386 15.3449 22.1238 15.5487 21.9147L19.1235 18.2514C20.2139 17.13 20.4422 15.0144 18.9075 13.7147C17.7827 12.7634 16.0726 12.8569 14.9392 13.872C14.8856 13.92 14.8333 13.9701 14.7824 14.0222C14.7314 13.97 14.6791 13.9199 14.6254 13.8718ZM18.1546 14.588C19.0972 15.3869 18.9961 16.7262 18.2891 17.4541C18.2888 17.4543 18.2886 17.4546 18.2884 17.4548L14.7834 21.0466L11.2757 17.452C11.2756 17.4519 11.2755 17.4517 11.2753 17.4516C10.5681 16.7252 10.4682 15.3856 11.4108 14.5876L11.4112 14.5872C12.0748 14.0248 13.202 14.0556 13.949 14.8205L14.7824 15.674L15.6158 14.8205C16.3618 14.0567 17.4896 14.0256 18.1545 14.5879" fill="#EB0203"></path>
                    </svg>
                    </button>
                    </div>
                    <div class="col-sm-10 col-12">
                    <div class="ct-tile-quantity d-none" data-pid="4297267">
                    <input type="hidden" class="add-to-cart-url" value="https://www.continente.pt/on/demandware.store/Sites-continente-Site/default/Cart-AddProduct" tabindex="-1">
                    <div class="d-none tile-delete-confirmation-btn" data-pid="4297267" data-delay-time="3000" data-in-cart-msg="no carrinho" data-one-product-added="Adicionado ao carrinho" data-remove-from-cart-msg="Removido do carrinho" data-stay-open="6000.0" data-confirmation-image="{&quot;url&quot;:&quot;https://www.continente.pt/dw/image/v2/BDVS_PRD/on/demandware.static/-/Sites-col-master-catalog/default/dwfd5d10e5/images/col/429/4297267-frente.jpg?sw=87&amp;sh=80&quot;,&quot;fallbackimage&quot;:{&quot;url&quot;:&quot;https://www.continente.pt/dw/image/v2/BDVS_PRD/on/demandware.static/Sites-continente-Site/-/default/dw7c42b4da/images/noimagelarge_product.png?sw=87&amp;sh=80&quot;,&quot;title&quot;:&quot;Massa Fresca para Pizza&quot;,&quot;alt&quot;:&quot;Massa Fresca para Pizza&quot;},&quot;title&quot;:&quot;Massa Fresca para Pizza&quot;,&quot;alt&quot;:&quot;Massa Fresca para Pizza&quot;}"></div>
                    <div class="ct-tile-quantity-update quantity-update product-qty-vue" data-remove-action="https://www.continente.pt/on/demandware.store/Sites-continente-Site/default/Cart-RemoveProductLineItem" data-action="https://www.continente.pt/on/demandware.store/Sites-continente-Site/default/Cart-UpdateQuantity" data-dimension-update="https://www.continente.pt/on/demandware.store/Sites-continente-Site/default/Cart-DimensionUpdate" data-pid="4297267" data-uuid="0966e9116eb7b8c5148978a4b1" data-add-delay="500.0" data-measure-options="{&quot;hasConversionRate&quot;:true,&quot;hasAlternativeSaleUnit&quot;:false,&quot;primaryToSecondary&quot;:1,&quot;secondaryToPrimary&quot;:1,&quot;unitConversionRate&quot;:1,&quot;minOrderQuantity&quot;:1,&quot;stepQuantity&quot;:1,&quot;primaryunit&quot;:&quot;un&quot;,&quot;secondaryunit&quot;:&quot;kg&quot;,&quot;selectedunit&quot;:&quot;primary&quot;,&quot;maxNumberOfUnitsPerSale&quot;:50}" data-price-available="null" :data-has-error="isMaxQtyReached || isMinQtyReached || qtySelectedMoreThanOne">
                    <template v-show="prodUnits">
                    <div class="quantity-input-wrapper has-units">
                    <label class="visually-hidden" :for="'quantity-' + pid + additionalTag">
                    Quantidade no carrinho
                    </label>
                    <input :ref="'quantityInput-' + pid + additionalTag" class="add-to-cart-quantity form-control ct-form-input text-center" inputmode="numeric" :class="{'is-invalid': isInvalid}" :data-pid="pid + additionalTag" :name="'quantity-' + pid + additionalTag" type="text" aria-label="Insira a quantidade" title="" v-model="displayValue" @change="updateQuantity" @focus="updateQtyFormat" @blur="restoreQtyFormat" :disabled="!isPriceAvailable">
                    <span class="quantity-icon quantity-icon--minus">
                    <button class="decrease-quantity-btn" @click="updateQuantity" :disabled="!isPriceAvailable" role="button" aria-label="Reduzir quantidade">
                    <i class="css-math-minus"></i>
                    </button>
                    </span>
                    <span class="quantity-icon quantity-icon--plus">
                    <button class="increase-quantity-btn" @click="updateQuantity" :disabled="isMaxQtyReached || !isPriceAvailable" role="button" aria-label="Aumentar quantidade">
                    <i class="css-math-plus"></i>
                    </button>
                    <span class="quantity-btn-disabled-placeholder"></span>
                    </span>
                    <template v-if="isPDP">
                    <span class="quantity-error ct-span-error text-sm-center product-max-allocation" v-if="isMaxQtyReached">
                    Quantidade máxima atingida
                    </span>
                    <span class="quantity-error ct-span-product text-sm-center product-allocation" v-if="!isMinQtyReached &amp;&amp; !isMaxQtyReached">
                    {{quantitySelected}} no carrinho
                    </span>
                    <span class="quantity-error ct-span-error text-sm-center product-min-allocation" :data-pid="pid" v-if="isMinQtyReached &amp;&amp; !isMaxQtyReached">
                    Quantidade mínima atingida
                    </span>
                    </template>
                    </div>
                    <template v-if="showNotes">
                    <div class="add-note-link-container ">
                    <div class="add-note">
                    <a href="/produto/massa-fresca-para-pizza-continente-facil-bom-4297267.html?showNote=true" class="ct-add-note-redirect-pdp" aria-label="Adicionar comentário">
                    <span class="svg-wrapper svg-icon-notes" style="width:19px; height:20px">
                    <svg class="svg-inline icon-notes" viewBox="0 0 28 30" xmlns="http://www.w3.org/2000/svg" width="100%" height="100%"><path d="M21.738 0C22.985 0 24 1.04 24 2.319V12.47c0 .469-.37.848-.828.848-.457 0-.827-.38-.827-.848V2.32c0-.343-.273-.622-.607-.622H2.262c-.334 0-.607.279-.607.622V27.68c0 .343.273.622.607.622h7.81c.457 0 .827.38.827.849 0 .468-.37.848-.827.848h-7.81C1.015 30 0 28.96 0 27.681V2.32C0 1.04 1.015 0 2.262 0h19.476zm2.844 16.004l.227.007c.823.053 1.589.39 2.176.964.64.627.993 1.46.993 2.349 0 .888-.353 1.722-.993 2.348l-6.83 6.665c-.11.108-.247.186-.397.226l-5.032 1.363c-.078.021-.16.032-.241.032-.242 0-.478-.097-.647-.266-.23-.231-.314-.566-.218-.874l1.49-4.798c.044-.139.122-.266.227-.369l6.844-6.677c.64-.625 1.493-.97 2.401-.97zm-2.886 3.94l-4.922 4.802-.947 3.048 3.22-.872 4.897-4.78-2.248-2.197zm2.887-2.174c-.425 0-.824.162-1.124.455l-.484.472 2.248 2.197.484-.472c.62-.606.62-1.591 0-2.197l-.117-.104c-.283-.227-.636-.35-1.007-.35zm-10.839.022c.498 0 .904.396.904.883 0 .488-.406.884-.904.884H5.946c-.499 0-.904-.396-.904-.884 0-.487.405-.883.904-.883zm5.042-4.876c.498 0 .904.397.904.884s-.406.884-.904.884H5.946c-.499 0-.904-.397-.904-.884s.405-.884.904-.884zm0-4.875c.498 0 .904.396.904.884 0 .487-.406.883-.904.883H5.946c-.499 0-.904-.396-.904-.883 0-.488.405-.884.904-.884z" fill="#EB0203" fill-rule="evenodd"></path></svg>
                    </span>
                    <div class="available-note d-none"></div>
                    </a>
                    </div>
                    </div>
                    </template>
                    <div class="measurement-unit-section" v-if="isPriceAvailable &amp;&amp; prodUnits ? prodUnits.hasAlternativeUnit : false">
                    <div class="ct-form-radio" @click="setDimension">
                    <input type="radio" title="" class="ct-form-check-input product-measurement-unit" :data-type="prodUnits.selectedUnit == prodUnits.secondaryUnit ? 'primary' : ''" :id="prodUnits.secondaryUnit + '-' + pid + '-measurement-unit-ptile' + additionalTag" :name="'measurement-unit-' + pid + '-ptile' + additionalTag" :value="prodUnits.secondaryUnit" v-model="prodUnits.selectedUnit">
                    <label :class="prodUnits.secondaryUnit + '-label ct-form-check-label mb-0'" :for="prodUnits.secondaryUnit + '-' + pid + '-measurement-unit-ptile' + additionalTag">
                    {{prodUnits.secondaryUnit}}
                    </label>
                    <span class="checkmark"></span>
                    </div>
                    <div class="ct-form-radio" @click="setDimension">
                    <input type="radio" title="" class="ct-form-check-input product-measurement-unit" :data-type="prodUnits.selectedUnit == prodUnits.primaryUnit ? 'primary' : ''" :id="prodUnits.primaryUnit + '-' + pid + '-measurement-unit-ptile' + additionalTag" :name="'measurement-unit-' + pid + '-ptile' + additionalTag" :value="prodUnits.primaryUnit" v-model="prodUnits.selectedUnit">
                    <label :class="prodUnits.primaryUnit + '-label ct-form-check-label mb-0'" :for="prodUnits.primaryUnit + '-' + pid + '-measurement-unit-ptile' + additionalTag">
                    {{prodUnits.primaryUnit}}
                    </label>
                    <span class="checkmark"></span>
                    </div>
                    </div>
                    <template v-if="!isPDP &amp;&amp; isPriceAvailable">
                    <span class="quantity-error ct-span-error product-max-allocation" v-if="isMaxQtyReached">
                    Quantidade máxima atingida
                    </span>
                    <span class="quantity-error ct-span-product product-allocation" v-if="!isMinQtyReached &amp;&amp; !isMaxQtyReached">
                    {{quantitySelected}} no carrinho
                    </span>
                    <span class="quantity-error ct-span-error product-min-allocation" :data-pid="pid" v-if="isMinQtyReached &amp;&amp; !isMaxQtyReached">
                    Quantidade mínima atingida
                    </span>
                    </template>
                    </template>
                    </div>
                    <input class="quantity-value-mask d-none" name="quantity" type="number" min="0" value="" tabindex="-1">
                    </div>
                    <button type="button" class="add-to-cart button js-add-to-cart js-add-to-cart-tile 4297267 button--primary dynamic-layout-btn" data-toggle="modal" data-target="#chooseBonusProductModal" data-pid="4297267" data-quantity-value="null" aria-label="Carrinho" tabindex="-1">
                    <span class="d-block d-sm-none">
                    <span class="svg-wrapper svg-icon-cart" style="width:20px; height:20px">
                    <svg class="svg-inline icon-cart" xmlns="http://www.w3.org/2000/svg" viewBox="0 0 500 500" width="100%" height="100%"><path fill="#EB0203" fill-rule="evenodd" d="M 485.67317,94.386311 C 476.37798,83.847129 463.09468,78.03348 448.30404,78.03348 H 90.690813 L 87.079511,51.327997 C 83.185582,22.539551 62.962285,0 41.011841,0 H 14.727836 C 6.563151,0 0,6.5286975 0,14.580758 c 0,8.05206 6.5945535,14.580758 14.727836,14.580758 h 26.284005 c 4.710398,0 14.696435,9.855222 16.894619,26.021523 L 100.01739,368.0631 c 1.88416,13.77244 9.01256,26.70549 20.1605,36.37417 8.25889,7.15046 18.02511,11.9071 28.26237,13.89679 -4.17655,7.58572 -6.53175,16.25957 -6.53175,25.493 0,29.53459 24.27424,53.59751 54.13815,53.59751 29.8325,0 54.13814,-24.03184 54.13814,-53.59751 0,-8.79818 -2.19818,-17.09897 -5.9979,-24.43598 h 77.12488 c -3.79973,7.33701 -5.96652,15.6378 -5.96652,24.43598 0,29.53459 24.27424,53.59751 54.13817,53.59751 29.83249,0 54.13814,-24.03184 54.13814,-53.59751 0,-8.79818 -2.1982,-17.09897 -5.9979,-24.43598 h 38.56243 c 8.13328,0 14.72783,-6.5287 14.72783,-14.61183 0,-8.02098 -6.59455,-14.54967 -14.72783,-14.54967 H 159.24277 c -14.38241,0 -28.13677,-11.90711 -30.02092,-26.02153 l -3.07746,-22.88154 h 290.6314 c 14.03698,0 27.94834,-5.28513 39.06488,-14.95381 11.11652,-9.6376 18.27632,-22.57065 20.16048,-36.37417 l 21.10259,-156.78201 c 1.94694,-14.51858 -2.10398,-28.29103 -11.43057,-38.861299 z M 220.76053,443.82706 c 0,13.49265 -11.08513,24.46709 -24.68247,24.46709 -13.62874,0 -24.71387,-10.97444 -24.71387,-24.46709 0,-13.49262 11.08513,-24.43598 24.71387,-24.43598 13.59734,0 24.68247,10.94336 24.68247,24.43598 z m 173.43675,0 c 0,13.49265 -11.08512,24.46709 -24.68245,24.46709 -13.62876,0 -24.71388,-10.97444 -24.71388,-24.46709 0,-13.49262 11.08512,-24.43598 24.71388,-24.43598 13.59733,0 24.68245,10.94336 24.68245,24.43598 z m 73.7648,-314.46558 -21.13397,156.782 c -1.88416,14.11442 -15.63851,26.05261 -30.02091,26.05261 H 122.25046 L 94.616142,107.19499 H 448.33544 c 6.18632,0 11.61896,2.2695 15.23028,6.37326 3.64269,4.13484 5.21283,9.73086 4.39636,15.79323 z"></path></svg>
                    </span>
                    </span>
                    <span class="add-to-cart--text d-none d-sm-block">Carrinho</span>
                    </button>
                    </div>
                    </div>
                    </div>
                    </div>
                    
                    <div class="col-12 d-sm-none">
                    </div>
                    </div>
                    </div>
                    </div>
                    </div><div class="pd-tile-wrap slick-slide" data-idx="4" style="width: 276px; height: auto;" data-slick-index="3" aria-hidden="true" tabindex="-1" role="tabpanel" id="slick-slide03">
                    
                    <script type="text/javascript">//<!--
                    /* <![CDATA[ */
                    (function(){
                    try {
                        if(window.CQuotient) {
                            var cq_params = {};
                            cq_params.cookieId = window.CQuotient.getCQCookieId();
                            cq_params.userId = window.CQuotient.getCQUserId();
                            cq_params.emailId = CQuotient.getCQHashedEmail();
                            cq_params.loginId = CQuotient.getCQHashedLogin();
                            cq_params.accumulate = true;
                            cq_params.products = [{
                                id: '5060932',
                                sku: '',
                                type: '',
                                alt_id: ''
                            }];
                            cq_params.recommenderName = '__UNDEFINED__';
                            cq_params.realm = "BDVS";
                            cq_params.siteId = "continente";
                            cq_params.instanceType = "prd";
                            cq_params.locale = window.CQuotient.locale;
                            cq_params.slotId = '';
                            cq_params.slotConfigId = '';
                            cq_params.slotConfigTemplate = '';
                            if(window.CQuotient.sendActivity)
                                window.CQuotient.sendActivity( CQuotient.clientId, 'viewReco', cq_params );
                            else
                                window.CQuotient.activities.push( {activityType: 'viewReco', parameters: cq_params} );
                        }
                    } catch(err) {}
                    })();
                    /* ]]> */
                    // -->
                    </script>
                    <script type="text/javascript">//<!--
                    /* <![CDATA[ (viewProduct-active_data.js) */
                    dw.ac._capture({id: "5060932", type: "recommendation"});
                    /* ]]> */
                    // -->
                    </script>
                    <div class="product" data-pid="5060932">
                    <div class="product-tile pid-5060932   ct-product-tile " data-delay-time="3000" data-variants-mapping="[]" data-in-cart-msg="no carrinho" data-one-product-added="Adicionado ao carrinho" data-remove-from-cart-msg="Removido do carrinho" data-stay-open="6000.0" data-product-tile-impression="{&quot;name&quot;:&quot;5060932&quot;,&quot;id&quot;:&quot;5060932&quot;,&quot;price&quot;:3.69,&quot;brand&quot;:&quot;Rana&quot;,&quot;category&quot;:[{&quot;category_level_1&quot;:&quot;Take-Away&quot;},{&quot;category_level_2&quot;:&quot;Massas Frescas e Noodles&quot;},{&quot;category_level_3&quot;:&quot;Massas Simples e Recheadas&quot;}],&quot;variant&quot;:&quot;&quot;}">
                    <div class="ct-inner-tile-wrap row no-gutters justify-content-center align-content-start">
                    
                    <div class="ct-image-container col-4 col-sm" data-confirmation-image="{&quot;url&quot;:&quot;https://www.continente.pt/dw/image/v2/BDVS_PRD/on/demandware.static/-/Sites-col-master-catalog/default/dw55ce229d/images/col/506/5060932-frente.jpg?sw=87&amp;sh=80&quot;,&quot;fallbackimage&quot;:{&quot;url&quot;:&quot;https://www.continente.pt/dw/image/v2/BDVS_PRD/on/demandware.static/Sites-continente-Site/-/default/dw7c42b4da/images/noimagelarge_product.png?sw=87&amp;sh=80&quot;,&quot;title&quot;:&quot;Tortellini Fresco de Ricotta e Espinafres&quot;,&quot;alt&quot;:&quot;Tortellini Fresco de Ricotta e Espinafres&quot;},&quot;title&quot;:&quot;Tortellini Fresco de Ricotta e Espinafres&quot;,&quot;alt&quot;:&quot;Tortellini Fresco de Ricotta e Espinafres&quot;}">
                    <a href="https://www.continente.pt/produto/tortellini-fresco-de-ricotta-e-espinafres-rana-5060932.html?cgid=home" tabindex="-1">
                    <picture class="intrinsic intrinsic--square">
                    <img class="ct-tile-image lazyloaded" loading="lazy" onerror="this.onerror=null;this.src='/on/demandware.static/Sites-continente-Site/-/default/dw7c42b4da/images/noimagelarge_product.png';" data-src="https://www.continente.pt/dw/image/v2/BDVS_PRD/on/demandware.static/-/Sites-col-master-catalog/default/dw55ce229d/images/col/506/5060932-frente.jpg?sw=280&amp;sh=280" alt="Tortellini Fresco de Ricotta e Espinafres" title="Tortellini Fresco de Ricotta e Espinafres" src="https://www.continente.pt/dw/image/v2/BDVS_PRD/on/demandware.static/-/Sites-col-master-catalog/default/dw55ce229d/images/col/506/5060932-frente.jpg?sw=280&amp;sh=280">
                    </picture>
                    </a>
                    <div class="color-swatches d-flex" style="margin-left: 5px;">
                    <div class="swatches d-flex">
                    </div>
                    </div>
                    </div>
                    <div class="ct-tile-body col col-sm-auto ">
                    <div class="ct-pdp-details">
                    <div class="ct-pdp-link">
                    <a class="ct-tile--description" href="https://www.continente.pt/produto/tortellini-fresco-de-ricotta-e-espinafres-rana-5060932.html?cgid=home" tabindex="-1">Tortellini Fresco de Ricotta e Espinafres</a>
                    <div class="ct-tile--favorite-top d-sm-none">
                    <button class="wishlist-toggler guest-mode inactive button button--tertiary" data-pid="5060932" data-add-url="https://www.continente.pt/on/demandware.store/Sites-continente-Site/default/Wishlist-AddProduct?pid=5060932" data-toggle="tooltip" aria-label="Adicionar aos favoritos " data-original-title="Adicionar aos favoritos" data-placement="top" tabindex="-1">
                    <svg class="active-content" width="100%" height="100%" viewBox="0 0 20 22" fill="none" xmlns="http://www.w3.org/2000/svg">
                    <path fill-rule="evenodd" clip-rule="evenodd" d="M0 1.53052C0 0.685236 0.692171 0 1.54601 0H15.0736C15.9274 0 16.6196 0.685235 16.6196 1.53052V13.4064L15.8127 13.922L14.2658 14.2658L12.7189 13.4064L10.6054 14.3818C10.4994 14.2451 10.3327 14.157 10.1452 14.157H6.76329C6.4431 14.157 6.18354 14.414 6.18354 14.731C6.18354 15.0479 6.4431 15.3049 6.76329 15.3049H10.1452C10.2478 15.3049 10.3441 15.2785 10.4277 15.2322L10.3126 16.8439L13.2345 20.2793H1.54601C0.69217 20.2793 0 19.5941 0 18.7488V1.53052ZM6.18354 5.5483C6.18354 5.23132 6.4431 4.97436 6.76329 4.97436H12.3676C12.6878 4.97436 12.9473 5.23132 12.9473 5.5483C12.9473 5.86528 12.6878 6.12224 12.3676 6.12224H6.76329C6.4431 6.12224 6.18354 5.86528 6.18354 5.5483ZM6.76329 11.0961C6.4431 11.0961 6.18354 11.3531 6.18354 11.6701C6.18354 11.987 6.4431 12.244 6.76329 12.244H12.3676C12.6878 12.244 12.9473 11.987 12.9473 11.6701C12.9473 11.3531 12.6878 11.0961 12.3676 11.0961H6.76329ZM6.18354 8.60985C6.18354 8.29287 6.4431 8.03591 6.76329 8.03591H12.3676C12.6878 8.03591 12.9473 8.29287 12.9473 8.60985C12.9473 8.92684 12.6878 9.1838 12.3676 9.1838H6.76329C6.4431 9.1838 6.18354 8.92684 6.18354 8.60985ZM3.67118 5.5483C3.67118 5.23132 3.93075 4.97436 4.25093 4.97436H4.63743C4.95762 4.97436 5.21719 5.23132 5.21719 5.5483C5.21719 5.86528 4.95762 6.12224 4.63743 6.12224H4.25093C3.93075 6.12224 3.67118 5.86528 3.67118 5.5483ZM4.25093 11.0961C3.93075 11.0961 3.67118 11.3531 3.67118 11.6701C3.67118 11.987 3.93075 12.244 4.25093 12.244H4.63743C4.95762 12.244 5.21719 11.987 5.21719 11.6701C5.21719 11.3531 4.95762 11.0961 4.63743 11.0961H4.25093ZM3.67118 8.60985C3.67118 8.29287 3.93075 8.03591 4.25093 8.03591H4.63743C4.95762 8.03591 5.21719 8.29287 5.21719 8.60985C5.21719 8.92684 4.95762 9.1838 4.63743 9.1838H4.25093C3.93075 9.1838 3.67118 8.92684 3.67118 8.60985ZM4.25093 14.157C3.93075 14.157 3.67118 14.414 3.67118 14.731C3.67118 15.0479 3.93075 15.3049 4.25093 15.3049H4.63743C4.95762 15.3049 5.21719 15.0479 5.21719 14.731C5.21719 14.414 4.95762 14.157 4.63743 14.157H4.25093Z" fill="#EB0203"></path>
                    <path fill-rule="evenodd" clip-rule="evenodd" d="M14.6252 13.6363C13.4918 12.6215 11.7817 12.5264 10.6569 13.4792C9.12421 14.7764 9.34841 16.8912 10.4409 18.0122L14.0159 21.6742C14.2197 21.8832 14.4928 22 14.7822 22C15.0737 22 15.3448 21.8852 15.5486 21.6762L19.1236 18.0142C20.214 16.8933 20.4423 14.7785 18.9075 13.4792C17.7827 12.5283 16.0724 12.6217 14.9391 13.6365C14.8855 13.6845 14.8331 13.7345 14.7822 13.7866C14.7313 13.7345 14.6789 13.6843 14.6252 13.6363ZM18.1546 14.3522C19.0973 15.1508 18.9962 16.4896 18.2891 17.2173C18.2888 17.2175 18.2886 17.2177 18.2884 17.218L14.7832 20.8084L11.2753 17.2151C11.2752 17.215 11.2751 17.2149 11.2749 17.2148C10.5677 16.4887 10.4678 15.1495 11.4104 14.3518L11.4108 14.3514C12.0745 13.7892 13.2018 13.82 13.9488 14.5846L14.7822 15.4378L15.6157 14.5846C16.3617 13.8211 17.4896 13.79 18.1545 14.3521" fill="#EB0203"></path>
                    </svg>
                    <svg class="inactive-content" width="100%" height="100%" viewBox="0 0 20 23" fill="none" xmlns="http://www.w3.org/2000/svg">
                    <path fill-rule="evenodd" clip-rule="evenodd" d="M6.18408 5.77914C6.18408 5.46223 6.44363 5.20532 6.7638 5.20532H12.3678C12.6879 5.20532 12.9475 5.46223 12.9475 5.77914C12.9475 6.09606 12.6879 6.35297 12.3678 6.35297H6.7638C6.44363 6.35297 6.18408 6.09606 6.18408 5.77914Z" fill="#EB0203"></path>
                    <path fill-rule="evenodd" clip-rule="evenodd" d="M6.18408 11.9034C6.18408 11.5865 6.44363 11.3296 6.7638 11.3296H12.3678C12.6879 11.3296 12.9475 11.5865 12.9475 11.9034C12.9475 12.2202 12.6879 12.4771 12.3678 12.4771H6.7638C6.44363 12.4771 6.18408 12.2202 6.18408 11.9034Z" fill="#EB0203"></path>
                    <path fill-rule="evenodd" clip-rule="evenodd" d="M6.18408 8.84116C6.18408 8.52424 6.44363 8.26733 6.7638 8.26733H12.3678C12.6879 8.26733 12.9475 8.52424 12.9475 8.84116C12.9475 9.15807 12.6879 9.41498 12.3678 9.41498H6.7638C6.44363 9.41498 6.18408 9.15807 6.18408 8.84116Z" fill="#EB0203"></path>
                    <path fill-rule="evenodd" clip-rule="evenodd" d="M6.18408 14.9655C6.18408 14.6486 6.44363 14.3917 6.7638 14.3917H10.1455C10.4657 14.3917 10.7252 14.6486 10.7252 14.9655C10.7252 15.2825 10.4657 15.5394 10.1455 15.5394H6.7638C6.44363 15.5394 6.18408 15.2825 6.18408 14.9655Z" fill="#EB0203"></path>
                    <path fill-rule="evenodd" clip-rule="evenodd" d="M3.67139 5.77914C3.67139 5.46223 3.93094 5.20532 4.25111 5.20532H4.63759C4.95776 5.20532 5.21731 5.46223 5.21731 5.77914C5.21731 6.09606 4.95776 6.35297 4.63759 6.35297H4.25111C3.93094 6.35297 3.67139 6.09606 3.67139 5.77914Z" fill="#EB0203"></path>
                    <path fill-rule="evenodd" clip-rule="evenodd" d="M3.67139 11.9034C3.67139 11.5865 3.93094 11.3296 4.25111 11.3296H4.63759C4.95776 11.3296 5.21731 11.5865 5.21731 11.9034C5.21731 12.2202 4.95776 12.4771 4.63759 12.4771H4.25111C3.93094 12.4771 3.67139 12.2202 3.67139 11.9034Z" fill="#EB0203"></path>
                    <path fill-rule="evenodd" clip-rule="evenodd" d="M3.67139 8.84116C3.67139 8.52424 3.93094 8.26733 4.25111 8.26733H4.63759C4.95776 8.26733 5.21731 8.52424 5.21731 8.84116C5.21731 9.15807 4.95776 9.41498 4.63759 9.41498H4.25111C3.93094 9.41498 3.67139 9.15807 3.67139 8.84116Z" fill="#EB0203"></path>
                    <path fill-rule="evenodd" clip-rule="evenodd" d="M3.67139 14.9655C3.67139 14.6486 3.93094 14.3917 4.25111 14.3917H4.63759C4.95776 14.3917 5.21731 14.6486 5.21731 14.9655C5.21731 15.2825 4.95776 15.5394 4.63759 15.5394H4.25111C3.93094 15.5394 3.67139 15.2825 3.67139 14.9655Z" fill="#EB0203"></path>
                    <path fill-rule="evenodd" clip-rule="evenodd" d="M0 1.76033C0 0.914738 0.692131 0.229248 1.54592 0.229248H15.0727C15.9265 0.229248 16.6186 0.914738 16.6186 1.76033V11.2818C16.6186 11.5989 16.3591 11.8559 16.0389 11.8559C15.7187 11.8559 15.4592 11.5989 15.4592 11.2818V1.76033C15.4592 1.54893 15.2862 1.37756 15.0727 1.37756H1.54592C1.33247 1.37756 1.15944 1.54893 1.15944 1.76033V18.985C1.15944 19.1964 1.33247 19.3678 1.54592 19.3678H9.27551C9.59568 19.3678 9.85523 19.6249 9.85523 19.942C9.85523 20.2591 9.59568 20.5161 9.27551 20.5161H1.54592C0.692131 20.5161 0 19.8306 0 18.985V1.76033Z" fill="#EB0203"></path>
                    <path fill-rule="evenodd" clip-rule="evenodd" d="M14.6254 13.8718C13.4921 12.8567 11.7821 12.7615 10.6574 13.7147C9.12472 15.0124 9.34891 17.128 10.4413 18.2493L14.0161 21.9126C14.2199 22.1217 14.493 22.2386 14.7824 22.2386C15.0739 22.2386 15.3449 22.1238 15.5487 21.9147L19.1235 18.2514C20.2139 17.13 20.4422 15.0144 18.9075 13.7147C17.7827 12.7634 16.0726 12.8569 14.9392 13.872C14.8856 13.92 14.8333 13.9701 14.7824 14.0222C14.7314 13.97 14.6791 13.9199 14.6254 13.8718ZM18.1546 14.588C19.0972 15.3869 18.9961 16.7262 18.2891 17.4541C18.2888 17.4543 18.2886 17.4546 18.2884 17.4548L14.7834 21.0466L11.2757 17.452C11.2756 17.4519 11.2755 17.4517 11.2753 17.4516C10.5681 16.7252 10.4682 15.3856 11.4108 14.5876L11.4112 14.5872C12.0748 14.0248 13.202 14.0556 13.949 14.8205L14.7824 15.674L15.6158 14.8205C16.3618 14.0567 17.4896 14.0256 18.1545 14.5879" fill="#EB0203"></path>
                    </svg>
                    </button>
                    </div>
                    </div>
                    <p class="ct-tile--brand">Rana</p>
                    <p class="ct-tile--quantity">emb. 250 gr</p>
                    </div>
                    <div class="ct-tile-bottom row no-gutters justify-content-between">
                    <div class="ct-price-wrap col-8 col-sm-12">
                    <div class="price js-product-price">
                    <div class="prices-wrapper">
                    <span class="sales ct-tile--price-primary ">
                    <span class="value" content="3.69">
                    <span class="ct-price-formatted">
                    €3,69
                    </span>
                    <span class="ct-m-unit">
                    /un
                    </span>
                    </span>
                    </span>
                    </div>
                    <div class="ct-tile--price-secondary">
                    <span class="ct-price-value">
                    €14,76
                    </span>
                    <span class="ct-m-unit">
                    /kg
                    </span>
                    </div>
                    </div>
                    </div>
                    <div class="ct-tile-buy-section d-flex justify-content-center no-gutters col-auto col-sm-12">
                    <div class="col-2 d-sm-flex d-none">
                    
                    <button class="wishlist-toggler guest-mode inactive button button--tertiary" data-pid="5060932" data-add-url="https://www.continente.pt/on/demandware.store/Sites-continente-Site/default/Wishlist-AddProduct?pid=5060932" data-toggle="tooltip" aria-label="Adicionar aos favoritos " data-original-title="Adicionar aos favoritos" data-placement="top" tabindex="-1">
                    <svg class="active-content" width="100%" height="100%" viewBox="0 0 20 22" fill="none" xmlns="http://www.w3.org/2000/svg">
                    <path fill-rule="evenodd" clip-rule="evenodd" d="M0 1.53052C0 0.685236 0.692171 0 1.54601 0H15.0736C15.9274 0 16.6196 0.685235 16.6196 1.53052V13.4064L15.8127 13.922L14.2658 14.2658L12.7189 13.4064L10.6054 14.3818C10.4994 14.2451 10.3327 14.157 10.1452 14.157H6.76329C6.4431 14.157 6.18354 14.414 6.18354 14.731C6.18354 15.0479 6.4431 15.3049 6.76329 15.3049H10.1452C10.2478 15.3049 10.3441 15.2785 10.4277 15.2322L10.3126 16.8439L13.2345 20.2793H1.54601C0.69217 20.2793 0 19.5941 0 18.7488V1.53052ZM6.18354 5.5483C6.18354 5.23132 6.4431 4.97436 6.76329 4.97436H12.3676C12.6878 4.97436 12.9473 5.23132 12.9473 5.5483C12.9473 5.86528 12.6878 6.12224 12.3676 6.12224H6.76329C6.4431 6.12224 6.18354 5.86528 6.18354 5.5483ZM6.76329 11.0961C6.4431 11.0961 6.18354 11.3531 6.18354 11.6701C6.18354 11.987 6.4431 12.244 6.76329 12.244H12.3676C12.6878 12.244 12.9473 11.987 12.9473 11.6701C12.9473 11.3531 12.6878 11.0961 12.3676 11.0961H6.76329ZM6.18354 8.60985C6.18354 8.29287 6.4431 8.03591 6.76329 8.03591H12.3676C12.6878 8.03591 12.9473 8.29287 12.9473 8.60985C12.9473 8.92684 12.6878 9.1838 12.3676 9.1838H6.76329C6.4431 9.1838 6.18354 8.92684 6.18354 8.60985ZM3.67118 5.5483C3.67118 5.23132 3.93075 4.97436 4.25093 4.97436H4.63743C4.95762 4.97436 5.21719 5.23132 5.21719 5.5483C5.21719 5.86528 4.95762 6.12224 4.63743 6.12224H4.25093C3.93075 6.12224 3.67118 5.86528 3.67118 5.5483ZM4.25093 11.0961C3.93075 11.0961 3.67118 11.3531 3.67118 11.6701C3.67118 11.987 3.93075 12.244 4.25093 12.244H4.63743C4.95762 12.244 5.21719 11.987 5.21719 11.6701C5.21719 11.3531 4.95762 11.0961 4.63743 11.0961H4.25093ZM3.67118 8.60985C3.67118 8.29287 3.93075 8.03591 4.25093 8.03591H4.63743C4.95762 8.03591 5.21719 8.29287 5.21719 8.60985C5.21719 8.92684 4.95762 9.1838 4.63743 9.1838H4.25093C3.93075 9.1838 3.67118 8.92684 3.67118 8.60985ZM4.25093 14.157C3.93075 14.157 3.67118 14.414 3.67118 14.731C3.67118 15.0479 3.93075 15.3049 4.25093 15.3049H4.63743C4.95762 15.3049 5.21719 15.0479 5.21719 14.731C5.21719 14.414 4.95762 14.157 4.63743 14.157H4.25093Z" fill="#EB0203"></path>
                    <path fill-rule="evenodd" clip-rule="evenodd" d="M14.6252 13.6363C13.4918 12.6215 11.7817 12.5264 10.6569 13.4792C9.12421 14.7764 9.34841 16.8912 10.4409 18.0122L14.0159 21.6742C14.2197 21.8832 14.4928 22 14.7822 22C15.0737 22 15.3448 21.8852 15.5486 21.6762L19.1236 18.0142C20.214 16.8933 20.4423 14.7785 18.9075 13.4792C17.7827 12.5283 16.0724 12.6217 14.9391 13.6365C14.8855 13.6845 14.8331 13.7345 14.7822 13.7866C14.7313 13.7345 14.6789 13.6843 14.6252 13.6363ZM18.1546 14.3522C19.0973 15.1508 18.9962 16.4896 18.2891 17.2173C18.2888 17.2175 18.2886 17.2177 18.2884 17.218L14.7832 20.8084L11.2753 17.2151C11.2752 17.215 11.2751 17.2149 11.2749 17.2148C10.5677 16.4887 10.4678 15.1495 11.4104 14.3518L11.4108 14.3514C12.0745 13.7892 13.2018 13.82 13.9488 14.5846L14.7822 15.4378L15.6157 14.5846C16.3617 13.8211 17.4896 13.79 18.1545 14.3521" fill="#EB0203"></path>
                    </svg>
                    <svg class="inactive-content" width="100%" height="100%" viewBox="0 0 20 23" fill="none" xmlns="http://www.w3.org/2000/svg">
                    <path fill-rule="evenodd" clip-rule="evenodd" d="M6.18408 5.77914C6.18408 5.46223 6.44363 5.20532 6.7638 5.20532H12.3678C12.6879 5.20532 12.9475 5.46223 12.9475 5.77914C12.9475 6.09606 12.6879 6.35297 12.3678 6.35297H6.7638C6.44363 6.35297 6.18408 6.09606 6.18408 5.77914Z" fill="#EB0203"></path>
                    <path fill-rule="evenodd" clip-rule="evenodd" d="M6.18408 11.9034C6.18408 11.5865 6.44363 11.3296 6.7638 11.3296H12.3678C12.6879 11.3296 12.9475 11.5865 12.9475 11.9034C12.9475 12.2202 12.6879 12.4771 12.3678 12.4771H6.7638C6.44363 12.4771 6.18408 12.2202 6.18408 11.9034Z" fill="#EB0203"></path>
                    <path fill-rule="evenodd" clip-rule="evenodd" d="M6.18408 8.84116C6.18408 8.52424 6.44363 8.26733 6.7638 8.26733H12.3678C12.6879 8.26733 12.9475 8.52424 12.9475 8.84116C12.9475 9.15807 12.6879 9.41498 12.3678 9.41498H6.7638C6.44363 9.41498 6.18408 9.15807 6.18408 8.84116Z" fill="#EB0203"></path>
                    <path fill-rule="evenodd" clip-rule="evenodd" d="M6.18408 14.9655C6.18408 14.6486 6.44363 14.3917 6.7638 14.3917H10.1455C10.4657 14.3917 10.7252 14.6486 10.7252 14.9655C10.7252 15.2825 10.4657 15.5394 10.1455 15.5394H6.7638C6.44363 15.5394 6.18408 15.2825 6.18408 14.9655Z" fill="#EB0203"></path>
                    <path fill-rule="evenodd" clip-rule="evenodd" d="M3.67139 5.77914C3.67139 5.46223 3.93094 5.20532 4.25111 5.20532H4.63759C4.95776 5.20532 5.21731 5.46223 5.21731 5.77914C5.21731 6.09606 4.95776 6.35297 4.63759 6.35297H4.25111C3.93094 6.35297 3.67139 6.09606 3.67139 5.77914Z" fill="#EB0203"></path>
                    <path fill-rule="evenodd" clip-rule="evenodd" d="M3.67139 11.9034C3.67139 11.5865 3.93094 11.3296 4.25111 11.3296H4.63759C4.95776 11.3296 5.21731 11.5865 5.21731 11.9034C5.21731 12.2202 4.95776 12.4771 4.63759 12.4771H4.25111C3.93094 12.4771 3.67139 12.2202 3.67139 11.9034Z" fill="#EB0203"></path>
                    <path fill-rule="evenodd" clip-rule="evenodd" d="M3.67139 8.84116C3.67139 8.52424 3.93094 8.26733 4.25111 8.26733H4.63759C4.95776 8.26733 5.21731 8.52424 5.21731 8.84116C5.21731 9.15807 4.95776 9.41498 4.63759 9.41498H4.25111C3.93094 9.41498 3.67139 9.15807 3.67139 8.84116Z" fill="#EB0203"></path>
                    <path fill-rule="evenodd" clip-rule="evenodd" d="M3.67139 14.9655C3.67139 14.6486 3.93094 14.3917 4.25111 14.3917H4.63759C4.95776 14.3917 5.21731 14.6486 5.21731 14.9655C5.21731 15.2825 4.95776 15.5394 4.63759 15.5394H4.25111C3.93094 15.5394 3.67139 15.2825 3.67139 14.9655Z" fill="#EB0203"></path>
                    <path fill-rule="evenodd" clip-rule="evenodd" d="M0 1.76033C0 0.914738 0.692131 0.229248 1.54592 0.229248H15.0727C15.9265 0.229248 16.6186 0.914738 16.6186 1.76033V11.2818C16.6186 11.5989 16.3591 11.8559 16.0389 11.8559C15.7187 11.8559 15.4592 11.5989 15.4592 11.2818V1.76033C15.4592 1.54893 15.2862 1.37756 15.0727 1.37756H1.54592C1.33247 1.37756 1.15944 1.54893 1.15944 1.76033V18.985C1.15944 19.1964 1.33247 19.3678 1.54592 19.3678H9.27551C9.59568 19.3678 9.85523 19.6249 9.85523 19.942C9.85523 20.2591 9.59568 20.5161 9.27551 20.5161H1.54592C0.692131 20.5161 0 19.8306 0 18.985V1.76033Z" fill="#EB0203"></path>
                    <path fill-rule="evenodd" clip-rule="evenodd" d="M14.6254 13.8718C13.4921 12.8567 11.7821 12.7615 10.6574 13.7147C9.12472 15.0124 9.34891 17.128 10.4413 18.2493L14.0161 21.9126C14.2199 22.1217 14.493 22.2386 14.7824 22.2386C15.0739 22.2386 15.3449 22.1238 15.5487 21.9147L19.1235 18.2514C20.2139 17.13 20.4422 15.0144 18.9075 13.7147C17.7827 12.7634 16.0726 12.8569 14.9392 13.872C14.8856 13.92 14.8333 13.9701 14.7824 14.0222C14.7314 13.97 14.6791 13.9199 14.6254 13.8718ZM18.1546 14.588C19.0972 15.3869 18.9961 16.7262 18.2891 17.4541C18.2888 17.4543 18.2886 17.4546 18.2884 17.4548L14.7834 21.0466L11.2757 17.452C11.2756 17.4519 11.2755 17.4517 11.2753 17.4516C10.5681 16.7252 10.4682 15.3856 11.4108 14.5876L11.4112 14.5872C12.0748 14.0248 13.202 14.0556 13.949 14.8205L14.7824 15.674L15.6158 14.8205C16.3618 14.0567 17.4896 14.0256 18.1545 14.5879" fill="#EB0203"></path>
                    </svg>
                    </button>
                    </div>
                    <div class="col-sm-10 col-12">
                    <div class="ct-tile-quantity d-none" data-pid="5060932">
                    <input type="hidden" class="add-to-cart-url" value="https://www.continente.pt/on/demandware.store/Sites-continente-Site/default/Cart-AddProduct" tabindex="-1">
                    <div class="d-none tile-delete-confirmation-btn" data-pid="5060932" data-delay-time="3000" data-in-cart-msg="no carrinho" data-one-product-added="Adicionado ao carrinho" data-remove-from-cart-msg="Removido do carrinho" data-stay-open="6000.0" data-confirmation-image="{&quot;url&quot;:&quot;https://www.continente.pt/dw/image/v2/BDVS_PRD/on/demandware.static/-/Sites-col-master-catalog/default/dw55ce229d/images/col/506/5060932-frente.jpg?sw=87&amp;sh=80&quot;,&quot;fallbackimage&quot;:{&quot;url&quot;:&quot;https://www.continente.pt/dw/image/v2/BDVS_PRD/on/demandware.static/Sites-continente-Site/-/default/dw7c42b4da/images/noimagelarge_product.png?sw=87&amp;sh=80&quot;,&quot;title&quot;:&quot;Tortellini Fresco de Ricotta e Espinafres&quot;,&quot;alt&quot;:&quot;Tortellini Fresco de Ricotta e Espinafres&quot;},&quot;title&quot;:&quot;Tortellini Fresco de Ricotta e Espinafres&quot;,&quot;alt&quot;:&quot;Tortellini Fresco de Ricotta e Espinafres&quot;}"></div>
                    <div class="ct-tile-quantity-update quantity-update product-qty-vue" data-remove-action="https://www.continente.pt/on/demandware.store/Sites-continente-Site/default/Cart-RemoveProductLineItem" data-action="https://www.continente.pt/on/demandware.store/Sites-continente-Site/default/Cart-UpdateQuantity" data-dimension-update="https://www.continente.pt/on/demandware.store/Sites-continente-Site/default/Cart-DimensionUpdate" data-pid="5060932" data-uuid="e2c7bf375d6ec2c89374a89424" data-add-delay="500.0" data-measure-options="{&quot;hasConversionRate&quot;:true,&quot;hasAlternativeSaleUnit&quot;:false,&quot;primaryToSecondary&quot;:1,&quot;secondaryToPrimary&quot;:1,&quot;unitConversionRate&quot;:1,&quot;minOrderQuantity&quot;:1,&quot;stepQuantity&quot;:1,&quot;primaryunit&quot;:&quot;un&quot;,&quot;secondaryunit&quot;:&quot;kg&quot;,&quot;selectedunit&quot;:&quot;primary&quot;,&quot;maxNumberOfUnitsPerSale&quot;:50}" data-price-available="null" :data-has-error="isMaxQtyReached || isMinQtyReached || qtySelectedMoreThanOne">
                    <template v-show="prodUnits">
                    <div class="quantity-input-wrapper has-units">
                    <label class="visually-hidden" :for="'quantity-' + pid + additionalTag">
                    Quantidade no carrinho
                    </label>
                    <input :ref="'quantityInput-' + pid + additionalTag" class="add-to-cart-quantity form-control ct-form-input text-center" inputmode="numeric" :class="{'is-invalid': isInvalid}" :data-pid="pid + additionalTag" :name="'quantity-' + pid + additionalTag" type="text" aria-label="Insira a quantidade" title="" v-model="displayValue" @change="updateQuantity" @focus="updateQtyFormat" @blur="restoreQtyFormat" :disabled="!isPriceAvailable">
                    <span class="quantity-icon quantity-icon--minus">
                    <button class="decrease-quantity-btn" @click="updateQuantity" :disabled="!isPriceAvailable" role="button" aria-label="Reduzir quantidade">
                    <i class="css-math-minus"></i>
                    </button>
                    </span>
                    <span class="quantity-icon quantity-icon--plus">
                    <button class="increase-quantity-btn" @click="updateQuantity" :disabled="isMaxQtyReached || !isPriceAvailable" role="button" aria-label="Aumentar quantidade">
                    <i class="css-math-plus"></i>
                    </button>
                    <span class="quantity-btn-disabled-placeholder"></span>
                    </span>
                    <template v-if="isPDP">
                    <span class="quantity-error ct-span-error text-sm-center product-max-allocation" v-if="isMaxQtyReached">
                    Quantidade máxima atingida
                    </span>
                    <span class="quantity-error ct-span-product text-sm-center product-allocation" v-if="!isMinQtyReached &amp;&amp; !isMaxQtyReached">
                    {{quantitySelected}} no carrinho
                    </span>
                    <span class="quantity-error ct-span-error text-sm-center product-min-allocation" :data-pid="pid" v-if="isMinQtyReached &amp;&amp; !isMaxQtyReached">
                    Quantidade mínima atingida
                    </span>
                    </template>
                    </div>
                    <template v-if="showNotes">
                    <div class="add-note-link-container ">
                    <div class="add-note">
                    <a href="/produto/tortellini-fresco-de-ricotta-e-espinafres-rana-5060932.html?showNote=true" class="ct-add-note-redirect-pdp" aria-label="Adicionar comentário">
                    <span class="svg-wrapper svg-icon-notes" style="width:19px; height:20px">
                    <svg class="svg-inline icon-notes" viewBox="0 0 28 30" xmlns="http://www.w3.org/2000/svg" width="100%" height="100%"><path d="M21.738 0C22.985 0 24 1.04 24 2.319V12.47c0 .469-.37.848-.828.848-.457 0-.827-.38-.827-.848V2.32c0-.343-.273-.622-.607-.622H2.262c-.334 0-.607.279-.607.622V27.68c0 .343.273.622.607.622h7.81c.457 0 .827.38.827.849 0 .468-.37.848-.827.848h-7.81C1.015 30 0 28.96 0 27.681V2.32C0 1.04 1.015 0 2.262 0h19.476zm2.844 16.004l.227.007c.823.053 1.589.39 2.176.964.64.627.993 1.46.993 2.349 0 .888-.353 1.722-.993 2.348l-6.83 6.665c-.11.108-.247.186-.397.226l-5.032 1.363c-.078.021-.16.032-.241.032-.242 0-.478-.097-.647-.266-.23-.231-.314-.566-.218-.874l1.49-4.798c.044-.139.122-.266.227-.369l6.844-6.677c.64-.625 1.493-.97 2.401-.97zm-2.886 3.94l-4.922 4.802-.947 3.048 3.22-.872 4.897-4.78-2.248-2.197zm2.887-2.174c-.425 0-.824.162-1.124.455l-.484.472 2.248 2.197.484-.472c.62-.606.62-1.591 0-2.197l-.117-.104c-.283-.227-.636-.35-1.007-.35zm-10.839.022c.498 0 .904.396.904.883 0 .488-.406.884-.904.884H5.946c-.499 0-.904-.396-.904-.884 0-.487.405-.883.904-.883zm5.042-4.876c.498 0 .904.397.904.884s-.406.884-.904.884H5.946c-.499 0-.904-.397-.904-.884s.405-.884.904-.884zm0-4.875c.498 0 .904.396.904.884 0 .487-.406.883-.904.883H5.946c-.499 0-.904-.396-.904-.883 0-.488.405-.884.904-.884z" fill="#EB0203" fill-rule="evenodd"></path></svg>
                    </span>
                    <div class="available-note d-none"></div>
                    </a>
                    </div>
                    </div>
                    </template>
                    <div class="measurement-unit-section" v-if="isPriceAvailable &amp;&amp; prodUnits ? prodUnits.hasAlternativeUnit : false">
                    <div class="ct-form-radio" @click="setDimension">
                    <input type="radio" title="" class="ct-form-check-input product-measurement-unit" :data-type="prodUnits.selectedUnit == prodUnits.secondaryUnit ? 'primary' : ''" :id="prodUnits.secondaryUnit + '-' + pid + '-measurement-unit-ptile' + additionalTag" :name="'measurement-unit-' + pid + '-ptile' + additionalTag" :value="prodUnits.secondaryUnit" v-model="prodUnits.selectedUnit">
                    <label :class="prodUnits.secondaryUnit + '-label ct-form-check-label mb-0'" :for="prodUnits.secondaryUnit + '-' + pid + '-measurement-unit-ptile' + additionalTag">
                    {{prodUnits.secondaryUnit}}
                    </label>
                    <span class="checkmark"></span>
                    </div>
                    <div class="ct-form-radio" @click="setDimension">
                    <input type="radio" title="" class="ct-form-check-input product-measurement-unit" :data-type="prodUnits.selectedUnit == prodUnits.primaryUnit ? 'primary' : ''" :id="prodUnits.primaryUnit + '-' + pid + '-measurement-unit-ptile' + additionalTag" :name="'measurement-unit-' + pid + '-ptile' + additionalTag" :value="prodUnits.primaryUnit" v-model="prodUnits.selectedUnit">
                    <label :class="prodUnits.primaryUnit + '-label ct-form-check-label mb-0'" :for="prodUnits.primaryUnit + '-' + pid + '-measurement-unit-ptile' + additionalTag">
                    {{prodUnits.primaryUnit}}
                    </label>
                    <span class="checkmark"></span>
                    </div>
                    </div>
                    <template v-if="!isPDP &amp;&amp; isPriceAvailable">
                    <span class="quantity-error ct-span-error product-max-allocation" v-if="isMaxQtyReached">
                    Quantidade máxima atingida
                    </span>
                    <span class="quantity-error ct-span-product product-allocation" v-if="!isMinQtyReached &amp;&amp; !isMaxQtyReached">
                    {{quantitySelected}} no carrinho
                    </span>
                    <span class="quantity-error ct-span-error product-min-allocation" :data-pid="pid" v-if="isMinQtyReached &amp;&amp; !isMaxQtyReached">
                    Quantidade mínima atingida
                    </span>
                    </template>
                    </template>
                    </div>
                    <input class="quantity-value-mask d-none" name="quantity" type="number" min="0" value="" tabindex="-1">
                    </div>
                    <button type="button" class="add-to-cart button js-add-to-cart js-add-to-cart-tile 5060932 button--primary dynamic-layout-btn" data-toggle="modal" data-target="#chooseBonusProductModal" data-pid="5060932" data-quantity-value="null" aria-label="Carrinho" tabindex="-1">
                    <span class="d-block d-sm-none">
                    <span class="svg-wrapper svg-icon-cart" style="width:20px; height:20px">
                    <svg class="svg-inline icon-cart" xmlns="http://www.w3.org/2000/svg" viewBox="0 0 500 500" width="100%" height="100%"><path fill="#EB0203" fill-rule="evenodd" d="M 485.67317,94.386311 C 476.37798,83.847129 463.09468,78.03348 448.30404,78.03348 H 90.690813 L 87.079511,51.327997 C 83.185582,22.539551 62.962285,0 41.011841,0 H 14.727836 C 6.563151,0 0,6.5286975 0,14.580758 c 0,8.05206 6.5945535,14.580758 14.727836,14.580758 h 26.284005 c 4.710398,0 14.696435,9.855222 16.894619,26.021523 L 100.01739,368.0631 c 1.88416,13.77244 9.01256,26.70549 20.1605,36.37417 8.25889,7.15046 18.02511,11.9071 28.26237,13.89679 -4.17655,7.58572 -6.53175,16.25957 -6.53175,25.493 0,29.53459 24.27424,53.59751 54.13815,53.59751 29.8325,0 54.13814,-24.03184 54.13814,-53.59751 0,-8.79818 -2.19818,-17.09897 -5.9979,-24.43598 h 77.12488 c -3.79973,7.33701 -5.96652,15.6378 -5.96652,24.43598 0,29.53459 24.27424,53.59751 54.13817,53.59751 29.83249,0 54.13814,-24.03184 54.13814,-53.59751 0,-8.79818 -2.1982,-17.09897 -5.9979,-24.43598 h 38.56243 c 8.13328,0 14.72783,-6.5287 14.72783,-14.61183 0,-8.02098 -6.59455,-14.54967 -14.72783,-14.54967 H 159.24277 c -14.38241,0 -28.13677,-11.90711 -30.02092,-26.02153 l -3.07746,-22.88154 h 290.6314 c 14.03698,0 27.94834,-5.28513 39.06488,-14.95381 11.11652,-9.6376 18.27632,-22.57065 20.16048,-36.37417 l 21.10259,-156.78201 c 1.94694,-14.51858 -2.10398,-28.29103 -11.43057,-38.861299 z M 220.76053,443.82706 c 0,13.49265 -11.08513,24.46709 -24.68247,24.46709 -13.62874,0 -24.71387,-10.97444 -24.71387,-24.46709 0,-13.49262 11.08513,-24.43598 24.71387,-24.43598 13.59734,0 24.68247,10.94336 24.68247,24.43598 z m 173.43675,0 c 0,13.49265 -11.08512,24.46709 -24.68245,24.46709 -13.62876,0 -24.71388,-10.97444 -24.71388,-24.46709 0,-13.49262 11.08512,-24.43598 24.71388,-24.43598 13.59733,0 24.68245,10.94336 24.68245,24.43598 z m 73.7648,-314.46558 -21.13397,156.782 c -1.88416,14.11442 -15.63851,26.05261 -30.02091,26.05261 H 122.25046 L 94.616142,107.19499 H 448.33544 c 6.18632,0 11.61896,2.2695 15.23028,6.37326 3.64269,4.13484 5.21283,9.73086 4.39636,15.79323 z"></path></svg>
                    </span>
                    </span>
                    <span class="add-to-cart--text d-none d-sm-block">Carrinho</span>
                    </button>
                    </div>
                    </div>
                    </div>
                    </div>
                    
                    <div class="col-12 d-sm-none">
                    </div>
                    </div>
                    </div>
                    </div>
                    </div><div class="pd-tile-wrap slick-slide" data-idx="5" style="width: 276px; height: auto;" data-slick-index="4" aria-hidden="true" tabindex="-1" role="tabpanel" id="slick-slide04" aria-describedby="slick-slide-control01">
                    
                    <script type="text/javascript">//<!--
                    /* <![CDATA[ */
                    (function(){
                    try {
                        if(window.CQuotient) {
                            var cq_params = {};
                            cq_params.cookieId = window.CQuotient.getCQCookieId();
                            cq_params.userId = window.CQuotient.getCQUserId();
                            cq_params.emailId = CQuotient.getCQHashedEmail();
                            cq_params.loginId = CQuotient.getCQHashedLogin();
                            cq_params.accumulate = true;
                            cq_params.products = [{
                                id: '5119470',
                                sku: '',
                                type: '',
                                alt_id: ''
                            }];
                            cq_params.recommenderName = '__UNDEFINED__';
                            cq_params.realm = "BDVS";
                            cq_params.siteId = "continente";
                            cq_params.instanceType = "prd";
                            cq_params.locale = window.CQuotient.locale;
                            cq_params.slotId = '';
                            cq_params.slotConfigId = '';
                            cq_params.slotConfigTemplate = '';
                            if(window.CQuotient.sendActivity)
                                window.CQuotient.sendActivity( CQuotient.clientId, 'viewReco', cq_params );
                            else
                                window.CQuotient.activities.push( {activityType: 'viewReco', parameters: cq_params} );
                        }
                    } catch(err) {}
                    })();
                    /* ]]> */
                    // -->
                    </script>
                    <script type="text/javascript">//<!--
                    /* <![CDATA[ (viewProduct-active_data.js) */
                    dw.ac._capture({id: "5119470", type: "recommendation"});
                    /* ]]> */
                    // -->
                    </script>
                    <div class="product" data-pid="5119470">
                    <div class="product-tile pid-5119470   ct-product-tile " data-delay-time="3000" data-variants-mapping="[]" data-in-cart-msg="no carrinho" data-one-product-added="Adicionado ao carrinho" data-remove-from-cart-msg="Removido do carrinho" data-stay-open="6000.0" data-product-tile-impression="{&quot;name&quot;:&quot;5119470&quot;,&quot;id&quot;:&quot;5119470&quot;,&quot;price&quot;:1.99,&quot;brand&quot;:&quot;Continente Fácil &amp; Bom&quot;,&quot;category&quot;:[{&quot;category_level_1&quot;:&quot;Take-Away&quot;},{&quot;category_level_2&quot;:&quot;Sopas&quot;},{&quot;category_level_3&quot;:&quot;Tradicionais&quot;}],&quot;variant&quot;:&quot;&quot;}">
                    <div class="ct-inner-tile-wrap row no-gutters justify-content-center align-content-start">
                    
                    <div class="ct-image-container col-4 col-sm" data-confirmation-image="{&quot;url&quot;:&quot;https://www.continente.pt/dw/image/v2/BDVS_PRD/on/demandware.static/-/Sites-col-master-catalog/default/dwccc496c6/images/col/511/5119470-frente.jpg?sw=87&amp;sh=80&quot;,&quot;fallbackimage&quot;:{&quot;url&quot;:&quot;https://www.continente.pt/dw/image/v2/BDVS_PRD/on/demandware.static/Sites-continente-Site/-/default/dw7c42b4da/images/noimagelarge_product.png?sw=87&amp;sh=80&quot;,&quot;title&quot;:&quot;Sopa de Agrião&quot;,&quot;alt&quot;:&quot;Sopa de Agrião&quot;},&quot;title&quot;:&quot;Sopa de Agrião&quot;,&quot;alt&quot;:&quot;Sopa de Agrião&quot;}">
                    <a href="https://www.continente.pt/produto/sopa-de-agriao-continente-facil-bom-5119470.html?cgid=home" tabindex="-1">
                    <picture class="intrinsic intrinsic--square">
                    <img class="ct-tile-image lazyloaded" loading="lazy" onerror="this.onerror=null;this.src='/on/demandware.static/Sites-continente-Site/-/default/dw7c42b4da/images/noimagelarge_product.png';" data-src="https://www.continente.pt/dw/image/v2/BDVS_PRD/on/demandware.static/-/Sites-col-master-catalog/default/dwccc496c6/images/col/511/5119470-frente.jpg?sw=280&amp;sh=280" alt="Sopa de Agrião" title="Sopa de Agrião" src="https://www.continente.pt/dw/image/v2/BDVS_PRD/on/demandware.static/-/Sites-col-master-catalog/default/dwccc496c6/images/col/511/5119470-frente.jpg?sw=280&amp;sh=280">
                    </picture>
                    </a>
                    <div class="color-swatches d-flex" style="margin-left: 5px;">
                    <div class="swatches d-flex">
                    </div>
                    </div>
                    </div>
                    <div class="ct-tile-body col col-sm-auto ">
                    <div class="ct-pdp-details">
                    <div class="ct-pdp-link">
                    <a class="ct-tile--description" href="https://www.continente.pt/produto/sopa-de-agriao-continente-facil-bom-5119470.html?cgid=home" tabindex="-1">Sopa de Agrião</a>
                    <div class="ct-tile--favorite-top d-sm-none">
                    <button class="wishlist-toggler guest-mode inactive button button--tertiary" data-pid="5119470" data-add-url="https://www.continente.pt/on/demandware.store/Sites-continente-Site/default/Wishlist-AddProduct?pid=5119470" data-toggle="tooltip" aria-label="Adicionar aos favoritos " data-original-title="Adicionar aos favoritos" data-placement="top" tabindex="-1">
                    <svg class="active-content" width="100%" height="100%" viewBox="0 0 20 22" fill="none" xmlns="http://www.w3.org/2000/svg">
                    <path fill-rule="evenodd" clip-rule="evenodd" d="M0 1.53052C0 0.685236 0.692171 0 1.54601 0H15.0736C15.9274 0 16.6196 0.685235 16.6196 1.53052V13.4064L15.8127 13.922L14.2658 14.2658L12.7189 13.4064L10.6054 14.3818C10.4994 14.2451 10.3327 14.157 10.1452 14.157H6.76329C6.4431 14.157 6.18354 14.414 6.18354 14.731C6.18354 15.0479 6.4431 15.3049 6.76329 15.3049H10.1452C10.2478 15.3049 10.3441 15.2785 10.4277 15.2322L10.3126 16.8439L13.2345 20.2793H1.54601C0.69217 20.2793 0 19.5941 0 18.7488V1.53052ZM6.18354 5.5483C6.18354 5.23132 6.4431 4.97436 6.76329 4.97436H12.3676C12.6878 4.97436 12.9473 5.23132 12.9473 5.5483C12.9473 5.86528 12.6878 6.12224 12.3676 6.12224H6.76329C6.4431 6.12224 6.18354 5.86528 6.18354 5.5483ZM6.76329 11.0961C6.4431 11.0961 6.18354 11.3531 6.18354 11.6701C6.18354 11.987 6.4431 12.244 6.76329 12.244H12.3676C12.6878 12.244 12.9473 11.987 12.9473 11.6701C12.9473 11.3531 12.6878 11.0961 12.3676 11.0961H6.76329ZM6.18354 8.60985C6.18354 8.29287 6.4431 8.03591 6.76329 8.03591H12.3676C12.6878 8.03591 12.9473 8.29287 12.9473 8.60985C12.9473 8.92684 12.6878 9.1838 12.3676 9.1838H6.76329C6.4431 9.1838 6.18354 8.92684 6.18354 8.60985ZM3.67118 5.5483C3.67118 5.23132 3.93075 4.97436 4.25093 4.97436H4.63743C4.95762 4.97436 5.21719 5.23132 5.21719 5.5483C5.21719 5.86528 4.95762 6.12224 4.63743 6.12224H4.25093C3.93075 6.12224 3.67118 5.86528 3.67118 5.5483ZM4.25093 11.0961C3.93075 11.0961 3.67118 11.3531 3.67118 11.6701C3.67118 11.987 3.93075 12.244 4.25093 12.244H4.63743C4.95762 12.244 5.21719 11.987 5.21719 11.6701C5.21719 11.3531 4.95762 11.0961 4.63743 11.0961H4.25093ZM3.67118 8.60985C3.67118 8.29287 3.93075 8.03591 4.25093 8.03591H4.63743C4.95762 8.03591 5.21719 8.29287 5.21719 8.60985C5.21719 8.92684 4.95762 9.1838 4.63743 9.1838H4.25093C3.93075 9.1838 3.67118 8.92684 3.67118 8.60985ZM4.25093 14.157C3.93075 14.157 3.67118 14.414 3.67118 14.731C3.67118 15.0479 3.93075 15.3049 4.25093 15.3049H4.63743C4.95762 15.3049 5.21719 15.0479 5.21719 14.731C5.21719 14.414 4.95762 14.157 4.63743 14.157H4.25093Z" fill="#EB0203"></path>
                    <path fill-rule="evenodd" clip-rule="evenodd" d="M14.6252 13.6363C13.4918 12.6215 11.7817 12.5264 10.6569 13.4792C9.12421 14.7764 9.34841 16.8912 10.4409 18.0122L14.0159 21.6742C14.2197 21.8832 14.4928 22 14.7822 22C15.0737 22 15.3448 21.8852 15.5486 21.6762L19.1236 18.0142C20.214 16.8933 20.4423 14.7785 18.9075 13.4792C17.7827 12.5283 16.0724 12.6217 14.9391 13.6365C14.8855 13.6845 14.8331 13.7345 14.7822 13.7866C14.7313 13.7345 14.6789 13.6843 14.6252 13.6363ZM18.1546 14.3522C19.0973 15.1508 18.9962 16.4896 18.2891 17.2173C18.2888 17.2175 18.2886 17.2177 18.2884 17.218L14.7832 20.8084L11.2753 17.2151C11.2752 17.215 11.2751 17.2149 11.2749 17.2148C10.5677 16.4887 10.4678 15.1495 11.4104 14.3518L11.4108 14.3514C12.0745 13.7892 13.2018 13.82 13.9488 14.5846L14.7822 15.4378L15.6157 14.5846C16.3617 13.8211 17.4896 13.79 18.1545 14.3521" fill="#EB0203"></path>
                    </svg>
                    <svg class="inactive-content" width="100%" height="100%" viewBox="0 0 20 23" fill="none" xmlns="http://www.w3.org/2000/svg">
                    <path fill-rule="evenodd" clip-rule="evenodd" d="M6.18408 5.77914C6.18408 5.46223 6.44363 5.20532 6.7638 5.20532H12.3678C12.6879 5.20532 12.9475 5.46223 12.9475 5.77914C12.9475 6.09606 12.6879 6.35297 12.3678 6.35297H6.7638C6.44363 6.35297 6.18408 6.09606 6.18408 5.77914Z" fill="#EB0203"></path>
                    <path fill-rule="evenodd" clip-rule="evenodd" d="M6.18408 11.9034C6.18408 11.5865 6.44363 11.3296 6.7638 11.3296H12.3678C12.6879 11.3296 12.9475 11.5865 12.9475 11.9034C12.9475 12.2202 12.6879 12.4771 12.3678 12.4771H6.7638C6.44363 12.4771 6.18408 12.2202 6.18408 11.9034Z" fill="#EB0203"></path>
                    <path fill-rule="evenodd" clip-rule="evenodd" d="M6.18408 8.84116C6.18408 8.52424 6.44363 8.26733 6.7638 8.26733H12.3678C12.6879 8.26733 12.9475 8.52424 12.9475 8.84116C12.9475 9.15807 12.6879 9.41498 12.3678 9.41498H6.7638C6.44363 9.41498 6.18408 9.15807 6.18408 8.84116Z" fill="#EB0203"></path>
                    <path fill-rule="evenodd" clip-rule="evenodd" d="M6.18408 14.9655C6.18408 14.6486 6.44363 14.3917 6.7638 14.3917H10.1455C10.4657 14.3917 10.7252 14.6486 10.7252 14.9655C10.7252 15.2825 10.4657 15.5394 10.1455 15.5394H6.7638C6.44363 15.5394 6.18408 15.2825 6.18408 14.9655Z" fill="#EB0203"></path>
                    <path fill-rule="evenodd" clip-rule="evenodd" d="M3.67139 5.77914C3.67139 5.46223 3.93094 5.20532 4.25111 5.20532H4.63759C4.95776 5.20532 5.21731 5.46223 5.21731 5.77914C5.21731 6.09606 4.95776 6.35297 4.63759 6.35297H4.25111C3.93094 6.35297 3.67139 6.09606 3.67139 5.77914Z" fill="#EB0203"></path>
                    <path fill-rule="evenodd" clip-rule="evenodd" d="M3.67139 11.9034C3.67139 11.5865 3.93094 11.3296 4.25111 11.3296H4.63759C4.95776 11.3296 5.21731 11.5865 5.21731 11.9034C5.21731 12.2202 4.95776 12.4771 4.63759 12.4771H4.25111C3.93094 12.4771 3.67139 12.2202 3.67139 11.9034Z" fill="#EB0203"></path>
                    <path fill-rule="evenodd" clip-rule="evenodd" d="M3.67139 8.84116C3.67139 8.52424 3.93094 8.26733 4.25111 8.26733H4.63759C4.95776 8.26733 5.21731 8.52424 5.21731 8.84116C5.21731 9.15807 4.95776 9.41498 4.63759 9.41498H4.25111C3.93094 9.41498 3.67139 9.15807 3.67139 8.84116Z" fill="#EB0203"></path>
                    <path fill-rule="evenodd" clip-rule="evenodd" d="M3.67139 14.9655C3.67139 14.6486 3.93094 14.3917 4.25111 14.3917H4.63759C4.95776 14.3917 5.21731 14.6486 5.21731 14.9655C5.21731 15.2825 4.95776 15.5394 4.63759 15.5394H4.25111C3.93094 15.5394 3.67139 15.2825 3.67139 14.9655Z" fill="#EB0203"></path>
                    <path fill-rule="evenodd" clip-rule="evenodd" d="M0 1.76033C0 0.914738 0.692131 0.229248 1.54592 0.229248H15.0727C15.9265 0.229248 16.6186 0.914738 16.6186 1.76033V11.2818C16.6186 11.5989 16.3591 11.8559 16.0389 11.8559C15.7187 11.8559 15.4592 11.5989 15.4592 11.2818V1.76033C15.4592 1.54893 15.2862 1.37756 15.0727 1.37756H1.54592C1.33247 1.37756 1.15944 1.54893 1.15944 1.76033V18.985C1.15944 19.1964 1.33247 19.3678 1.54592 19.3678H9.27551C9.59568 19.3678 9.85523 19.6249 9.85523 19.942C9.85523 20.2591 9.59568 20.5161 9.27551 20.5161H1.54592C0.692131 20.5161 0 19.8306 0 18.985V1.76033Z" fill="#EB0203"></path>
                    <path fill-rule="evenodd" clip-rule="evenodd" d="M14.6254 13.8718C13.4921 12.8567 11.7821 12.7615 10.6574 13.7147C9.12472 15.0124 9.34891 17.128 10.4413 18.2493L14.0161 21.9126C14.2199 22.1217 14.493 22.2386 14.7824 22.2386C15.0739 22.2386 15.3449 22.1238 15.5487 21.9147L19.1235 18.2514C20.2139 17.13 20.4422 15.0144 18.9075 13.7147C17.7827 12.7634 16.0726 12.8569 14.9392 13.872C14.8856 13.92 14.8333 13.9701 14.7824 14.0222C14.7314 13.97 14.6791 13.9199 14.6254 13.8718ZM18.1546 14.588C19.0972 15.3869 18.9961 16.7262 18.2891 17.4541C18.2888 17.4543 18.2886 17.4546 18.2884 17.4548L14.7834 21.0466L11.2757 17.452C11.2756 17.4519 11.2755 17.4517 11.2753 17.4516C10.5681 16.7252 10.4682 15.3856 11.4108 14.5876L11.4112 14.5872C12.0748 14.0248 13.202 14.0556 13.949 14.8205L14.7824 15.674L15.6158 14.8205C16.3618 14.0567 17.4896 14.0256 18.1545 14.5879" fill="#EB0203"></path>
                    </svg>
                    </button>
                    </div>
                    </div>
                    <p class="ct-tile--brand">Continente Fácil &amp; Bom</p>
                    <p class="ct-tile--quantity">emb. 800 gr</p>
                    </div>
                    <div class="ct-tile-bottom row no-gutters justify-content-between">
                    <div class="ct-price-wrap col-8 col-sm-12">
                    <div class="price js-product-price">
                    <div class="prices-wrapper">
                    <span class="sales ct-tile--price-primary ">
                    <span class="value" content="1.99">
                    <span class="ct-price-formatted">
                    €1,99
                    </span>
                    <span class="ct-m-unit">
                    /un
                    </span>
                    </span>
                    </span>
                    </div>
                    <div class="ct-tile--price-secondary">
                    <span class="ct-price-value">
                    €2,49
                    </span>
                    <span class="ct-m-unit">
                    /kg
                    </span>
                    </div>
                    </div>
                    </div>
                    <div class="ct-tile-buy-section d-flex justify-content-center no-gutters col-auto col-sm-12">
                    <div class="col-2 d-sm-flex d-none">
                    <button class="wishlist-toggler guest-mode inactive button button--tertiary" data-pid="5119470" data-add-url="https://www.continente.pt/on/demandware.store/Sites-continente-Site/default/Wishlist-AddProduct?pid=5119470" data-toggle="tooltip" aria-label="Adicionar aos favoritos " data-original-title="Adicionar aos favoritos" data-placement="top" tabindex="-1">
                    <svg class="active-content" width="100%" height="100%" viewBox="0 0 20 22" fill="none" xmlns="http://www.w3.org/2000/svg">
                    <path fill-rule="evenodd" clip-rule="evenodd" d="M0 1.53052C0 0.685236 0.692171 0 1.54601 0H15.0736C15.9274 0 16.6196 0.685235 16.6196 1.53052V13.4064L15.8127 13.922L14.2658 14.2658L12.7189 13.4064L10.6054 14.3818C10.4994 14.2451 10.3327 14.157 10.1452 14.157H6.76329C6.4431 14.157 6.18354 14.414 6.18354 14.731C6.18354 15.0479 6.4431 15.3049 6.76329 15.3049H10.1452C10.2478 15.3049 10.3441 15.2785 10.4277 15.2322L10.3126 16.8439L13.2345 20.2793H1.54601C0.69217 20.2793 0 19.5941 0 18.7488V1.53052ZM6.18354 5.5483C6.18354 5.23132 6.4431 4.97436 6.76329 4.97436H12.3676C12.6878 4.97436 12.9473 5.23132 12.9473 5.5483C12.9473 5.86528 12.6878 6.12224 12.3676 6.12224H6.76329C6.4431 6.12224 6.18354 5.86528 6.18354 5.5483ZM6.76329 11.0961C6.4431 11.0961 6.18354 11.3531 6.18354 11.6701C6.18354 11.987 6.4431 12.244 6.76329 12.244H12.3676C12.6878 12.244 12.9473 11.987 12.9473 11.6701C12.9473 11.3531 12.6878 11.0961 12.3676 11.0961H6.76329ZM6.18354 8.60985C6.18354 8.29287 6.4431 8.03591 6.76329 8.03591H12.3676C12.6878 8.03591 12.9473 8.29287 12.9473 8.60985C12.9473 8.92684 12.6878 9.1838 12.3676 9.1838H6.76329C6.4431 9.1838 6.18354 8.92684 6.18354 8.60985ZM3.67118 5.5483C3.67118 5.23132 3.93075 4.97436 4.25093 4.97436H4.63743C4.95762 4.97436 5.21719 5.23132 5.21719 5.5483C5.21719 5.86528 4.95762 6.12224 4.63743 6.12224H4.25093C3.93075 6.12224 3.67118 5.86528 3.67118 5.5483ZM4.25093 11.0961C3.93075 11.0961 3.67118 11.3531 3.67118 11.6701C3.67118 11.987 3.93075 12.244 4.25093 12.244H4.63743C4.95762 12.244 5.21719 11.987 5.21719 11.6701C5.21719 11.3531 4.95762 11.0961 4.63743 11.0961H4.25093ZM3.67118 8.60985C3.67118 8.29287 3.93075 8.03591 4.25093 8.03591H4.63743C4.95762 8.03591 5.21719 8.29287 5.21719 8.60985C5.21719 8.92684 4.95762 9.1838 4.63743 9.1838H4.25093C3.93075 9.1838 3.67118 8.92684 3.67118 8.60985ZM4.25093 14.157C3.93075 14.157 3.67118 14.414 3.67118 14.731C3.67118 15.0479 3.93075 15.3049 4.25093 15.3049H4.63743C4.95762 15.3049 5.21719 15.0479 5.21719 14.731C5.21719 14.414 4.95762 14.157 4.63743 14.157H4.25093Z" fill="#EB0203"></path>
                    <path fill-rule="evenodd" clip-rule="evenodd" d="M14.6252 13.6363C13.4918 12.6215 11.7817 12.5264 10.6569 13.4792C9.12421 14.7764 9.34841 16.8912 10.4409 18.0122L14.0159 21.6742C14.2197 21.8832 14.4928 22 14.7822 22C15.0737 22 15.3448 21.8852 15.5486 21.6762L19.1236 18.0142C20.214 16.8933 20.4423 14.7785 18.9075 13.4792C17.7827 12.5283 16.0724 12.6217 14.9391 13.6365C14.8855 13.6845 14.8331 13.7345 14.7822 13.7866C14.7313 13.7345 14.6789 13.6843 14.6252 13.6363ZM18.1546 14.3522C19.0973 15.1508 18.9962 16.4896 18.2891 17.2173C18.2888 17.2175 18.2886 17.2177 18.2884 17.218L14.7832 20.8084L11.2753 17.2151C11.2752 17.215 11.2751 17.2149 11.2749 17.2148C10.5677 16.4887 10.4678 15.1495 11.4104 14.3518L11.4108 14.3514C12.0745 13.7892 13.2018 13.82 13.9488 14.5846L14.7822 15.4378L15.6157 14.5846C16.3617 13.8211 17.4896 13.79 18.1545 14.3521" fill="#EB0203"></path>
                    </svg>
                    <svg class="inactive-content" width="100%" height="100%" viewBox="0 0 20 23" fill="none" xmlns="http://www.w3.org/2000/svg">
                    <path fill-rule="evenodd" clip-rule="evenodd" d="M6.18408 5.77914C6.18408 5.46223 6.44363 5.20532 6.7638 5.20532H12.3678C12.6879 5.20532 12.9475 5.46223 12.9475 5.77914C12.9475 6.09606 12.6879 6.35297 12.3678 6.35297H6.7638C6.44363 6.35297 6.18408 6.09606 6.18408 5.77914Z" fill="#EB0203"></path>
                    <path fill-rule="evenodd" clip-rule="evenodd" d="M6.18408 11.9034C6.18408 11.5865 6.44363 11.3296 6.7638 11.3296H12.3678C12.6879 11.3296 12.9475 11.5865 12.9475 11.9034C12.9475 12.2202 12.6879 12.4771 12.3678 12.4771H6.7638C6.44363 12.4771 6.18408 12.2202 6.18408 11.9034Z" fill="#EB0203"></path>
                    <path fill-rule="evenodd" clip-rule="evenodd" d="M6.18408 8.84116C6.18408 8.52424 6.44363 8.26733 6.7638 8.26733H12.3678C12.6879 8.26733 12.9475 8.52424 12.9475 8.84116C12.9475 9.15807 12.6879 9.41498 12.3678 9.41498H6.7638C6.44363 9.41498 6.18408 9.15807 6.18408 8.84116Z" fill="#EB0203"></path>
                    <path fill-rule="evenodd" clip-rule="evenodd" d="M6.18408 14.9655C6.18408 14.6486 6.44363 14.3917 6.7638 14.3917H10.1455C10.4657 14.3917 10.7252 14.6486 10.7252 14.9655C10.7252 15.2825 10.4657 15.5394 10.1455 15.5394H6.7638C6.44363 15.5394 6.18408 15.2825 6.18408 14.9655Z" fill="#EB0203"></path>
                    <path fill-rule="evenodd" clip-rule="evenodd" d="M3.67139 5.77914C3.67139 5.46223 3.93094 5.20532 4.25111 5.20532H4.63759C4.95776 5.20532 5.21731 5.46223 5.21731 5.77914C5.21731 6.09606 4.95776 6.35297 4.63759 6.35297H4.25111C3.93094 6.35297 3.67139 6.09606 3.67139 5.77914Z" fill="#EB0203"></path>
                    <path fill-rule="evenodd" clip-rule="evenodd" d="M3.67139 11.9034C3.67139 11.5865 3.93094 11.3296 4.25111 11.3296H4.63759C4.95776 11.3296 5.21731 11.5865 5.21731 11.9034C5.21731 12.2202 4.95776 12.4771 4.63759 12.4771H4.25111C3.93094 12.4771 3.67139 12.2202 3.67139 11.9034Z" fill="#EB0203"></path>
                    <path fill-rule="evenodd" clip-rule="evenodd" d="M3.67139 8.84116C3.67139 8.52424 3.93094 8.26733 4.25111 8.26733H4.63759C4.95776 8.26733 5.21731 8.52424 5.21731 8.84116C5.21731 9.15807 4.95776 9.41498 4.63759 9.41498H4.25111C3.93094 9.41498 3.67139 9.15807 3.67139 8.84116Z" fill="#EB0203"></path>
                    <path fill-rule="evenodd" clip-rule="evenodd" d="M3.67139 14.9655C3.67139 14.6486 3.93094 14.3917 4.25111 14.3917H4.63759C4.95776 14.3917 5.21731 14.6486 5.21731 14.9655C5.21731 15.2825 4.95776 15.5394 4.63759 15.5394H4.25111C3.93094 15.5394 3.67139 15.2825 3.67139 14.9655Z" fill="#EB0203"></path>
                    <path fill-rule="evenodd" clip-rule="evenodd" d="M0 1.76033C0 0.914738 0.692131 0.229248 1.54592 0.229248H15.0727C15.9265 0.229248 16.6186 0.914738 16.6186 1.76033V11.2818C16.6186 11.5989 16.3591 11.8559 16.0389 11.8559C15.7187 11.8559 15.4592 11.5989 15.4592 11.2818V1.76033C15.4592 1.54893 15.2862 1.37756 15.0727 1.37756H1.54592C1.33247 1.37756 1.15944 1.54893 1.15944 1.76033V18.985C1.15944 19.1964 1.33247 19.3678 1.54592 19.3678H9.27551C9.59568 19.3678 9.85523 19.6249 9.85523 19.942C9.85523 20.2591 9.59568 20.5161 9.27551 20.5161H1.54592C0.692131 20.5161 0 19.8306 0 18.985V1.76033Z" fill="#EB0203"></path>
                    <path fill-rule="evenodd" clip-rule="evenodd" d="M14.6254 13.8718C13.4921 12.8567 11.7821 12.7615 10.6574 13.7147C9.12472 15.0124 9.34891 17.128 10.4413 18.2493L14.0161 21.9126C14.2199 22.1217 14.493 22.2386 14.7824 22.2386C15.0739 22.2386 15.3449 22.1238 15.5487 21.9147L19.1235 18.2514C20.2139 17.13 20.4422 15.0144 18.9075 13.7147C17.7827 12.7634 16.0726 12.8569 14.9392 13.872C14.8856 13.92 14.8333 13.9701 14.7824 14.0222C14.7314 13.97 14.6791 13.9199 14.6254 13.8718ZM18.1546 14.588C19.0972 15.3869 18.9961 16.7262 18.2891 17.4541C18.2888 17.4543 18.2886 17.4546 18.2884 17.4548L14.7834 21.0466L11.2757 17.452C11.2756 17.4519 11.2755 17.4517 11.2753 17.4516C10.5681 16.7252 10.4682 15.3856 11.4108 14.5876L11.4112 14.5872C12.0748 14.0248 13.202 14.0556 13.949 14.8205L14.7824 15.674L15.6158 14.8205C16.3618 14.0567 17.4896 14.0256 18.1545 14.5879" fill="#EB0203"></path>
                    </svg>
                    </button>
                    </div>
                    <div class="col-sm-10 col-12">
                    <div class="ct-tile-quantity d-none" data-pid="5119470">
                    <input type="hidden" class="add-to-cart-url" value="https://www.continente.pt/on/demandware.store/Sites-continente-Site/default/Cart-AddProduct" tabindex="-1">
                    <div class="d-none tile-delete-confirmation-btn" data-pid="5119470" data-delay-time="3000" data-in-cart-msg="no carrinho" data-one-product-added="Adicionado ao carrinho" data-remove-from-cart-msg="Removido do carrinho" data-stay-open="6000.0" data-confirmation-image="{&quot;url&quot;:&quot;https://www.continente.pt/dw/image/v2/BDVS_PRD/on/demandware.static/-/Sites-col-master-catalog/default/dwccc496c6/images/col/511/5119470-frente.jpg?sw=87&amp;sh=80&quot;,&quot;fallbackimage&quot;:{&quot;url&quot;:&quot;https://www.continente.pt/dw/image/v2/BDVS_PRD/on/demandware.static/Sites-continente-Site/-/default/dw7c42b4da/images/noimagelarge_product.png?sw=87&amp;sh=80&quot;,&quot;title&quot;:&quot;Sopa de Agrião&quot;,&quot;alt&quot;:&quot;Sopa de Agrião&quot;},&quot;title&quot;:&quot;Sopa de Agrião&quot;,&quot;alt&quot;:&quot;Sopa de Agrião&quot;}"></div>
                    <div class="ct-tile-quantity-update quantity-update product-qty-vue" data-remove-action="https://www.continente.pt/on/demandware.store/Sites-continente-Site/default/Cart-RemoveProductLineItem" data-action="https://www.continente.pt/on/demandware.store/Sites-continente-Site/default/Cart-UpdateQuantity" data-dimension-update="https://www.continente.pt/on/demandware.store/Sites-continente-Site/default/Cart-DimensionUpdate" data-pid="5119470" data-uuid="ab06533062ff4f83c3b17c11f2" data-add-delay="500.0" data-measure-options="{&quot;hasConversionRate&quot;:true,&quot;hasAlternativeSaleUnit&quot;:false,&quot;primaryToSecondary&quot;:1,&quot;secondaryToPrimary&quot;:1,&quot;unitConversionRate&quot;:1,&quot;minOrderQuantity&quot;:1,&quot;stepQuantity&quot;:1,&quot;primaryunit&quot;:&quot;un&quot;,&quot;secondaryunit&quot;:&quot;kg&quot;,&quot;selectedunit&quot;:&quot;primary&quot;,&quot;maxNumberOfUnitsPerSale&quot;:50}" data-price-available="null" :data-has-error="isMaxQtyReached || isMinQtyReached || qtySelectedMoreThanOne">
                    <template v-show="prodUnits">
                    <div class="quantity-input-wrapper has-units">
                    <label class="visually-hidden" :for="'quantity-' + pid + additionalTag">
                    Quantidade no carrinho
                    </label>
                    <input :ref="'quantityInput-' + pid + additionalTag" class="add-to-cart-quantity form-control ct-form-input text-center" inputmode="numeric" :class="{'is-invalid': isInvalid}" :data-pid="pid + additionalTag" :name="'quantity-' + pid + additionalTag" type="text" aria-label="Insira a quantidade" title="" v-model="displayValue" @change="updateQuantity" @focus="updateQtyFormat" @blur="restoreQtyFormat" :disabled="!isPriceAvailable">
                    <span class="quantity-icon quantity-icon--minus">
                    <button class="decrease-quantity-btn" @click="updateQuantity" :disabled="!isPriceAvailable" role="button" aria-label="Reduzir quantidade">
                    <i class="css-math-minus"></i>
                    </button>
                    </span>
                    <span class="quantity-icon quantity-icon--plus">
                    <button class="increase-quantity-btn" @click="updateQuantity" :disabled="isMaxQtyReached || !isPriceAvailable" role="button" aria-label="Aumentar quantidade">
                    <i class="css-math-plus"></i>
                    </button>
                    <span class="quantity-btn-disabled-placeholder"></span>
                    </span>
                    <template v-if="isPDP">
                    <span class="quantity-error ct-span-error text-sm-center product-max-allocation" v-if="isMaxQtyReached">
                    Quantidade máxima atingida
                    </span>
                    <span class="quantity-error ct-span-product text-sm-center product-allocation" v-if="!isMinQtyReached &amp;&amp; !isMaxQtyReached">
                    {{quantitySelected}} no carrinho
                    </span>
                    <span class="quantity-error ct-span-error text-sm-center product-min-allocation" :data-pid="pid" v-if="isMinQtyReached &amp;&amp; !isMaxQtyReached">
                    Quantidade mínima atingida
                    </span>
                    </template>
                    </div>
                    <template v-if="showNotes">
                    <div class="add-note-link-container ">
                    <div class="add-note">
                    <a href="/produto/sopa-de-agriao-continente-facil-bom-5119470.html?showNote=true" class="ct-add-note-redirect-pdp" aria-label="Adicionar comentário">
                    <span class="svg-wrapper svg-icon-notes" style="width:19px; height:20px">
                    <svg class="svg-inline icon-notes" viewBox="0 0 28 30" xmlns="http://www.w3.org/2000/svg" width="100%" height="100%"><path d="M21.738 0C22.985 0 24 1.04 24 2.319V12.47c0 .469-.37.848-.828.848-.457 0-.827-.38-.827-.848V2.32c0-.343-.273-.622-.607-.622H2.262c-.334 0-.607.279-.607.622V27.68c0 .343.273.622.607.622h7.81c.457 0 .827.38.827.849 0 .468-.37.848-.827.848h-7.81C1.015 30 0 28.96 0 27.681V2.32C0 1.04 1.015 0 2.262 0h19.476zm2.844 16.004l.227.007c.823.053 1.589.39 2.176.964.64.627.993 1.46.993 2.349 0 .888-.353 1.722-.993 2.348l-6.83 6.665c-.11.108-.247.186-.397.226l-5.032 1.363c-.078.021-.16.032-.241.032-.242 0-.478-.097-.647-.266-.23-.231-.314-.566-.218-.874l1.49-4.798c.044-.139.122-.266.227-.369l6.844-6.677c.64-.625 1.493-.97 2.401-.97zm-2.886 3.94l-4.922 4.802-.947 3.048 3.22-.872 4.897-4.78-2.248-2.197zm2.887-2.174c-.425 0-.824.162-1.124.455l-.484.472 2.248 2.197.484-.472c.62-.606.62-1.591 0-2.197l-.117-.104c-.283-.227-.636-.35-1.007-.35zm-10.839.022c.498 0 .904.396.904.883 0 .488-.406.884-.904.884H5.946c-.499 0-.904-.396-.904-.884 0-.487.405-.883.904-.883zm5.042-4.876c.498 0 .904.397.904.884s-.406.884-.904.884H5.946c-.499 0-.904-.397-.904-.884s.405-.884.904-.884zm0-4.875c.498 0 .904.396.904.884 0 .487-.406.883-.904.883H5.946c-.499 0-.904-.396-.904-.883 0-.488.405-.884.904-.884z" fill="#EB0203" fill-rule="evenodd"></path></svg>
                    </span>
                    <div class="available-note d-none"></div>
                    </a>
                    </div>
                    </div>
                    </template>
                    <div class="measurement-unit-section" v-if="isPriceAvailable &amp;&amp; prodUnits ? prodUnits.hasAlternativeUnit : false">
                    <div class="ct-form-radio" @click="setDimension">
                    <input type="radio" title="" class="ct-form-check-input product-measurement-unit" :data-type="prodUnits.selectedUnit == prodUnits.secondaryUnit ? 'primary' : ''" :id="prodUnits.secondaryUnit + '-' + pid + '-measurement-unit-ptile' + additionalTag" :name="'measurement-unit-' + pid + '-ptile' + additionalTag" :value="prodUnits.secondaryUnit" v-model="prodUnits.selectedUnit">
                    <label :class="prodUnits.secondaryUnit + '-label ct-form-check-label mb-0'" :for="prodUnits.secondaryUnit + '-' + pid + '-measurement-unit-ptile' + additionalTag">
                    {{prodUnits.secondaryUnit}}
                    </label>
                    <span class="checkmark"></span>
                    </div>
                    <div class="ct-form-radio" @click="setDimension">
                    <input type="radio" title="" class="ct-form-check-input product-measurement-unit" :data-type="prodUnits.selectedUnit == prodUnits.primaryUnit ? 'primary' : ''" :id="prodUnits.primaryUnit + '-' + pid + '-measurement-unit-ptile' + additionalTag" :name="'measurement-unit-' + pid + '-ptile' + additionalTag" :value="prodUnits.primaryUnit" v-model="prodUnits.selectedUnit">
                    <label :class="prodUnits.primaryUnit + '-label ct-form-check-label mb-0'" :for="prodUnits.primaryUnit + '-' + pid + '-measurement-unit-ptile' + additionalTag">
                    {{prodUnits.primaryUnit}}
                    </label>
                    <span class="checkmark"></span>
                    </div>
                    </div>
                    <template v-if="!isPDP &amp;&amp; isPriceAvailable">
                    <span class="quantity-error ct-span-error product-max-allocation" v-if="isMaxQtyReached">
                    Quantidade máxima atingida
                    </span>
                    <span class="quantity-error ct-span-product product-allocation" v-if="!isMinQtyReached &amp;&amp; !isMaxQtyReached">
                    {{quantitySelected}} no carrinho
                    </span>
                    <span class="quantity-error ct-span-error product-min-allocation" :data-pid="pid" v-if="isMinQtyReached &amp;&amp; !isMaxQtyReached">
                    Quantidade mínima atingida
                    </span>
                    </template>
                    </template>
                    </div>
                    <input class="quantity-value-mask d-none" name="quantity" type="number" min="0" value="" tabindex="-1">
                    </div>
                    <button type="button" class="add-to-cart button js-add-to-cart js-add-to-cart-tile 5119470 button--primary dynamic-layout-btn" data-toggle="modal" data-target="#chooseBonusProductModal" data-pid="5119470" data-quantity-value="null" aria-label="Carrinho" tabindex="-1">
                    <span class="d-block d-sm-none">
                    <span class="svg-wrapper svg-icon-cart" style="width:20px; height:20px">
                    <svg class="svg-inline icon-cart" xmlns="http://www.w3.org/2000/svg" viewBox="0 0 500 500" width="100%" height="100%"><path fill="#EB0203" fill-rule="evenodd" d="M 485.67317,94.386311 C 476.37798,83.847129 463.09468,78.03348 448.30404,78.03348 H 90.690813 L 87.079511,51.327997 C 83.185582,22.539551 62.962285,0 41.011841,0 H 14.727836 C 6.563151,0 0,6.5286975 0,14.580758 c 0,8.05206 6.5945535,14.580758 14.727836,14.580758 h 26.284005 c 4.710398,0 14.696435,9.855222 16.894619,26.021523 L 100.01739,368.0631 c 1.88416,13.77244 9.01256,26.70549 20.1605,36.37417 8.25889,7.15046 18.02511,11.9071 28.26237,13.89679 -4.17655,7.58572 -6.53175,16.25957 -6.53175,25.493 0,29.53459 24.27424,53.59751 54.13815,53.59751 29.8325,0 54.13814,-24.03184 54.13814,-53.59751 0,-8.79818 -2.19818,-17.09897 -5.9979,-24.43598 h 77.12488 c -3.79973,7.33701 -5.96652,15.6378 -5.96652,24.43598 0,29.53459 24.27424,53.59751 54.13817,53.59751 29.83249,0 54.13814,-24.03184 54.13814,-53.59751 0,-8.79818 -2.1982,-17.09897 -5.9979,-24.43598 h 38.56243 c 8.13328,0 14.72783,-6.5287 14.72783,-14.61183 0,-8.02098 -6.59455,-14.54967 -14.72783,-14.54967 H 159.24277 c -14.38241,0 -28.13677,-11.90711 -30.02092,-26.02153 l -3.07746,-22.88154 h 290.6314 c 14.03698,0 27.94834,-5.28513 39.06488,-14.95381 11.11652,-9.6376 18.27632,-22.57065 20.16048,-36.37417 l 21.10259,-156.78201 c 1.94694,-14.51858 -2.10398,-28.29103 -11.43057,-38.861299 z M 220.76053,443.82706 c 0,13.49265 -11.08513,24.46709 -24.68247,24.46709 -13.62874,0 -24.71387,-10.97444 -24.71387,-24.46709 0,-13.49262 11.08513,-24.43598 24.71387,-24.43598 13.59734,0 24.68247,10.94336 24.68247,24.43598 z m 173.43675,0 c 0,13.49265 -11.08512,24.46709 -24.68245,24.46709 -13.62876,0 -24.71388,-10.97444 -24.71388,-24.46709 0,-13.49262 11.08512,-24.43598 24.71388,-24.43598 13.59733,0 24.68245,10.94336 24.68245,24.43598 z m 73.7648,-314.46558 -21.13397,156.782 c -1.88416,14.11442 -15.63851,26.05261 -30.02091,26.05261 H 122.25046 L 94.616142,107.19499 H 448.33544 c 6.18632,0 11.61896,2.2695 15.23028,6.37326 3.64269,4.13484 5.21283,9.73086 4.39636,15.79323 z"></path></svg>
                    </span>
                    </span>
                    <span class="add-to-cart--text d-none d-sm-block">Carrinho</span>
                    </button>
                    </div>
                    </div>
                    </div>
                    </div>
                    
                    <div class="col-12 d-sm-none">
                    </div>
                    </div>
                    </div>
                    </div>
                    </div><div class="pd-tile-wrap slick-slide" data-idx="6" style="width: 276px; height: auto;" data-slick-index="5" aria-hidden="true" tabindex="-1" role="tabpanel" id="slick-slide05">
                    
                    <script type="text/javascript">//<!--
                    /* <![CDATA[ */
                    (function(){
                    try {
                        if(window.CQuotient) {
                            var cq_params = {};
                            cq_params.cookieId = window.CQuotient.getCQCookieId();
                            cq_params.userId = window.CQuotient.getCQUserId();
                            cq_params.emailId = CQuotient.getCQHashedEmail();
                            cq_params.loginId = CQuotient.getCQHashedLogin();
                            cq_params.accumulate = true;
                            cq_params.products = [{
                                id: '4999997',
                                sku: '',
                                type: '',
                                alt_id: ''
                            }];
                            cq_params.recommenderName = '__UNDEFINED__';
                            cq_params.realm = "BDVS";
                            cq_params.siteId = "continente";
                            cq_params.instanceType = "prd";
                            cq_params.locale = window.CQuotient.locale;
                            cq_params.slotId = '';
                            cq_params.slotConfigId = '';
                            cq_params.slotConfigTemplate = '';
                            if(window.CQuotient.sendActivity)
                                window.CQuotient.sendActivity( CQuotient.clientId, 'viewReco', cq_params );
                            else
                                window.CQuotient.activities.push( {activityType: 'viewReco', parameters: cq_params} );
                        }
                    } catch(err) {}
                    })();
                    /* ]]> */
                    // -->
                    </script>
                    <script type="text/javascript">//<!--
                    /* <![CDATA[ (viewProduct-active_data.js) */
                    dw.ac._capture({id: "4999997", type: "recommendation"});
                    /* ]]> */
                    // -->
                    </script>
                    <div class="product" data-pid="4999997">
                    <div class="product-tile pid-4999997   ct-product-tile " data-delay-time="3000" data-variants-mapping="[]" data-in-cart-msg="no carrinho" data-one-product-added="Adicionado ao carrinho" data-remove-from-cart-msg="Removido do carrinho" data-stay-open="6000.0" data-product-tile-impression="{&quot;name&quot;:&quot;4999997&quot;,&quot;id&quot;:&quot;4999997&quot;,&quot;price&quot;:2.99,&quot;brand&quot;:&quot;Continente Fácil &amp; Bom&quot;,&quot;category&quot;:[{&quot;category_level_1&quot;:&quot;Take-Away&quot;},{&quot;category_level_2&quot;:&quot;Refeições Prontas&quot;},{&quot;category_level_3&quot;:&quot;Carne&quot;}],&quot;variant&quot;:&quot;&quot;}">
                    <div class="ct-inner-tile-wrap row no-gutters justify-content-center align-content-start">
                    
                    <div class="ct-image-container col-4 col-sm" data-confirmation-image="{&quot;url&quot;:&quot;https://www.continente.pt/dw/image/v2/BDVS_PRD/on/demandware.static/-/Sites-col-master-catalog/default/dw142738c3/images/col/499/4999997-frente.jpg?sw=87&amp;sh=80&quot;,&quot;fallbackimage&quot;:{&quot;url&quot;:&quot;https://www.continente.pt/dw/image/v2/BDVS_PRD/on/demandware.static/Sites-continente-Site/-/default/dw7c42b4da/images/noimagelarge_product.png?sw=87&amp;sh=80&quot;,&quot;title&quot;:&quot;Arroz de Pato&quot;,&quot;alt&quot;:&quot;Arroz de Pato&quot;},&quot;title&quot;:&quot;Arroz de Pato&quot;,&quot;alt&quot;:&quot;Arroz de Pato&quot;}">
                    <a href="https://www.continente.pt/produto/arroz-de-pato-continente-facil-bom-4999997.html?cgid=home" tabindex="-1">
                    <picture class="intrinsic intrinsic--square">
                    <img class="ct-tile-image lazyloaded" loading="lazy" onerror="this.onerror=null;this.src='/on/demandware.static/Sites-continente-Site/-/default/dw7c42b4da/images/noimagelarge_product.png';" data-src="https://www.continente.pt/dw/image/v2/BDVS_PRD/on/demandware.static/-/Sites-col-master-catalog/default/dw142738c3/images/col/499/4999997-frente.jpg?sw=280&amp;sh=280" alt="Arroz de Pato" title="Arroz de Pato" src="https://www.continente.pt/dw/image/v2/BDVS_PRD/on/demandware.static/-/Sites-col-master-catalog/default/dw142738c3/images/col/499/4999997-frente.jpg?sw=280&amp;sh=280">
                    </picture>
                    </a>
                    <div class="color-swatches d-flex" style="margin-left: 5px;">
                    <div class="swatches d-flex">
                    </div>
                    </div>
                    </div>
                    <div class="ct-tile-body col col-sm-auto ">
                    <div class="ct-pdp-details">
                    <div class="ct-pdp-link">
                    <a class="ct-tile--description" href="https://www.continente.pt/produto/arroz-de-pato-continente-facil-bom-4999997.html?cgid=home" tabindex="-1">Arroz de Pato</a>
                    <div class="ct-tile--favorite-top d-sm-none">
                    <button class="wishlist-toggler guest-mode inactive button button--tertiary" data-pid="4999997" data-add-url="https://www.continente.pt/on/demandware.store/Sites-continente-Site/default/Wishlist-AddProduct?pid=4999997" data-toggle="tooltip" aria-label="Adicionar aos favoritos " data-original-title="Adicionar aos favoritos" data-placement="top" tabindex="-1">
                    <svg class="active-content" width="100%" height="100%" viewBox="0 0 20 22" fill="none" xmlns="http://www.w3.org/2000/svg">
                    <path fill-rule="evenodd" clip-rule="evenodd" d="M0 1.53052C0 0.685236 0.692171 0 1.54601 0H15.0736C15.9274 0 16.6196 0.685235 16.6196 1.53052V13.4064L15.8127 13.922L14.2658 14.2658L12.7189 13.4064L10.6054 14.3818C10.4994 14.2451 10.3327 14.157 10.1452 14.157H6.76329C6.4431 14.157 6.18354 14.414 6.18354 14.731C6.18354 15.0479 6.4431 15.3049 6.76329 15.3049H10.1452C10.2478 15.3049 10.3441 15.2785 10.4277 15.2322L10.3126 16.8439L13.2345 20.2793H1.54601C0.69217 20.2793 0 19.5941 0 18.7488V1.53052ZM6.18354 5.5483C6.18354 5.23132 6.4431 4.97436 6.76329 4.97436H12.3676C12.6878 4.97436 12.9473 5.23132 12.9473 5.5483C12.9473 5.86528 12.6878 6.12224 12.3676 6.12224H6.76329C6.4431 6.12224 6.18354 5.86528 6.18354 5.5483ZM6.76329 11.0961C6.4431 11.0961 6.18354 11.3531 6.18354 11.6701C6.18354 11.987 6.4431 12.244 6.76329 12.244H12.3676C12.6878 12.244 12.9473 11.987 12.9473 11.6701C12.9473 11.3531 12.6878 11.0961 12.3676 11.0961H6.76329ZM6.18354 8.60985C6.18354 8.29287 6.4431 8.03591 6.76329 8.03591H12.3676C12.6878 8.03591 12.9473 8.29287 12.9473 8.60985C12.9473 8.92684 12.6878 9.1838 12.3676 9.1838H6.76329C6.4431 9.1838 6.18354 8.92684 6.18354 8.60985ZM3.67118 5.5483C3.67118 5.23132 3.93075 4.97436 4.25093 4.97436H4.63743C4.95762 4.97436 5.21719 5.23132 5.21719 5.5483C5.21719 5.86528 4.95762 6.12224 4.63743 6.12224H4.25093C3.93075 6.12224 3.67118 5.86528 3.67118 5.5483ZM4.25093 11.0961C3.93075 11.0961 3.67118 11.3531 3.67118 11.6701C3.67118 11.987 3.93075 12.244 4.25093 12.244H4.63743C4.95762 12.244 5.21719 11.987 5.21719 11.6701C5.21719 11.3531 4.95762 11.0961 4.63743 11.0961H4.25093ZM3.67118 8.60985C3.67118 8.29287 3.93075 8.03591 4.25093 8.03591H4.63743C4.95762 8.03591 5.21719 8.29287 5.21719 8.60985C5.21719 8.92684 4.95762 9.1838 4.63743 9.1838H4.25093C3.93075 9.1838 3.67118 8.92684 3.67118 8.60985ZM4.25093 14.157C3.93075 14.157 3.67118 14.414 3.67118 14.731C3.67118 15.0479 3.93075 15.3049 4.25093 15.3049H4.63743C4.95762 15.3049 5.21719 15.0479 5.21719 14.731C5.21719 14.414 4.95762 14.157 4.63743 14.157H4.25093Z" fill="#EB0203"></path>
                    <path fill-rule="evenodd" clip-rule="evenodd" d="M14.6252 13.6363C13.4918 12.6215 11.7817 12.5264 10.6569 13.4792C9.12421 14.7764 9.34841 16.8912 10.4409 18.0122L14.0159 21.6742C14.2197 21.8832 14.4928 22 14.7822 22C15.0737 22 15.3448 21.8852 15.5486 21.6762L19.1236 18.0142C20.214 16.8933 20.4423 14.7785 18.9075 13.4792C17.7827 12.5283 16.0724 12.6217 14.9391 13.6365C14.8855 13.6845 14.8331 13.7345 14.7822 13.7866C14.7313 13.7345 14.6789 13.6843 14.6252 13.6363ZM18.1546 14.3522C19.0973 15.1508 18.9962 16.4896 18.2891 17.2173C18.2888 17.2175 18.2886 17.2177 18.2884 17.218L14.7832 20.8084L11.2753 17.2151C11.2752 17.215 11.2751 17.2149 11.2749 17.2148C10.5677 16.4887 10.4678 15.1495 11.4104 14.3518L11.4108 14.3514C12.0745 13.7892 13.2018 13.82 13.9488 14.5846L14.7822 15.4378L15.6157 14.5846C16.3617 13.8211 17.4896 13.79 18.1545 14.3521" fill="#EB0203"></path>
                    </svg>
                    <svg class="inactive-content" width="100%" height="100%" viewBox="0 0 20 23" fill="none" xmlns="http://www.w3.org/2000/svg">
                    <path fill-rule="evenodd" clip-rule="evenodd" d="M6.18408 5.77914C6.18408 5.46223 6.44363 5.20532 6.7638 5.20532H12.3678C12.6879 5.20532 12.9475 5.46223 12.9475 5.77914C12.9475 6.09606 12.6879 6.35297 12.3678 6.35297H6.7638C6.44363 6.35297 6.18408 6.09606 6.18408 5.77914Z" fill="#EB0203"></path>
                    <path fill-rule="evenodd" clip-rule="evenodd" d="M6.18408 11.9034C6.18408 11.5865 6.44363 11.3296 6.7638 11.3296H12.3678C12.6879 11.3296 12.9475 11.5865 12.9475 11.9034C12.9475 12.2202 12.6879 12.4771 12.3678 12.4771H6.7638C6.44363 12.4771 6.18408 12.2202 6.18408 11.9034Z" fill="#EB0203"></path>
                    <path fill-rule="evenodd" clip-rule="evenodd" d="M6.18408 8.84116C6.18408 8.52424 6.44363 8.26733 6.7638 8.26733H12.3678C12.6879 8.26733 12.9475 8.52424 12.9475 8.84116C12.9475 9.15807 12.6879 9.41498 12.3678 9.41498H6.7638C6.44363 9.41498 6.18408 9.15807 6.18408 8.84116Z" fill="#EB0203"></path>
                    <path fill-rule="evenodd" clip-rule="evenodd" d="M6.18408 14.9655C6.18408 14.6486 6.44363 14.3917 6.7638 14.3917H10.1455C10.4657 14.3917 10.7252 14.6486 10.7252 14.9655C10.7252 15.2825 10.4657 15.5394 10.1455 15.5394H6.7638C6.44363 15.5394 6.18408 15.2825 6.18408 14.9655Z" fill="#EB0203"></path>
                    <path fill-rule="evenodd" clip-rule="evenodd" d="M3.67139 5.77914C3.67139 5.46223 3.93094 5.20532 4.25111 5.20532H4.63759C4.95776 5.20532 5.21731 5.46223 5.21731 5.77914C5.21731 6.09606 4.95776 6.35297 4.63759 6.35297H4.25111C3.93094 6.35297 3.67139 6.09606 3.67139 5.77914Z" fill="#EB0203"></path>
                    <path fill-rule="evenodd" clip-rule="evenodd" d="M3.67139 11.9034C3.67139 11.5865 3.93094 11.3296 4.25111 11.3296H4.63759C4.95776 11.3296 5.21731 11.5865 5.21731 11.9034C5.21731 12.2202 4.95776 12.4771 4.63759 12.4771H4.25111C3.93094 12.4771 3.67139 12.2202 3.67139 11.9034Z" fill="#EB0203"></path>
                    <path fill-rule="evenodd" clip-rule="evenodd" d="M3.67139 8.84116C3.67139 8.52424 3.93094 8.26733 4.25111 8.26733H4.63759C4.95776 8.26733 5.21731 8.52424 5.21731 8.84116C5.21731 9.15807 4.95776 9.41498 4.63759 9.41498H4.25111C3.93094 9.41498 3.67139 9.15807 3.67139 8.84116Z" fill="#EB0203"></path>
                    <path fill-rule="evenodd" clip-rule="evenodd" d="M3.67139 14.9655C3.67139 14.6486 3.93094 14.3917 4.25111 14.3917H4.63759C4.95776 14.3917 5.21731 14.6486 5.21731 14.9655C5.21731 15.2825 4.95776 15.5394 4.63759 15.5394H4.25111C3.93094 15.5394 3.67139 15.2825 3.67139 14.9655Z" fill="#EB0203"></path>
                    <path fill-rule="evenodd" clip-rule="evenodd" d="M0 1.76033C0 0.914738 0.692131 0.229248 1.54592 0.229248H15.0727C15.9265 0.229248 16.6186 0.914738 16.6186 1.76033V11.2818C16.6186 11.5989 16.3591 11.8559 16.0389 11.8559C15.7187 11.8559 15.4592 11.5989 15.4592 11.2818V1.76033C15.4592 1.54893 15.2862 1.37756 15.0727 1.37756H1.54592C1.33247 1.37756 1.15944 1.54893 1.15944 1.76033V18.985C1.15944 19.1964 1.33247 19.3678 1.54592 19.3678H9.27551C9.59568 19.3678 9.85523 19.6249 9.85523 19.942C9.85523 20.2591 9.59568 20.5161 9.27551 20.5161H1.54592C0.692131 20.5161 0 19.8306 0 18.985V1.76033Z" fill="#EB0203"></path>
                    <path fill-rule="evenodd" clip-rule="evenodd" d="M14.6254 13.8718C13.4921 12.8567 11.7821 12.7615 10.6574 13.7147C9.12472 15.0124 9.34891 17.128 10.4413 18.2493L14.0161 21.9126C14.2199 22.1217 14.493 22.2386 14.7824 22.2386C15.0739 22.2386 15.3449 22.1238 15.5487 21.9147L19.1235 18.2514C20.2139 17.13 20.4422 15.0144 18.9075 13.7147C17.7827 12.7634 16.0726 12.8569 14.9392 13.872C14.8856 13.92 14.8333 13.9701 14.7824 14.0222C14.7314 13.97 14.6791 13.9199 14.6254 13.8718ZM18.1546 14.588C19.0972 15.3869 18.9961 16.7262 18.2891 17.4541C18.2888 17.4543 18.2886 17.4546 18.2884 17.4548L14.7834 21.0466L11.2757 17.452C11.2756 17.4519 11.2755 17.4517 11.2753 17.4516C10.5681 16.7252 10.4682 15.3856 11.4108 14.5876L11.4112 14.5872C12.0748 14.0248 13.202 14.0556 13.949 14.8205L14.7824 15.674L15.6158 14.8205C16.3618 14.0567 17.4896 14.0256 18.1545 14.5879" fill="#EB0203"></path>
                    </svg>
                    </button>
                    </div>
                    </div>
                    <p class="ct-tile--brand">Continente Fácil &amp; Bom</p>
                    <p class="ct-tile--quantity">emb. 250 gr</p>
                    </div>
                    <div class="ct-tile-bottom row no-gutters justify-content-between">
                    <div class="ct-price-wrap col-8 col-sm-12">
                    <div class="price js-product-price">
                    <div class="prices-wrapper">
                    <span class="sales ct-tile--price-primary ">
                    <span class="value" content="2.99">
                    <span class="ct-price-formatted">
                    €2,99
                    </span>
                    <span class="ct-m-unit">
                    /un
                    </span>
                    </span>
                    </span>
                    </div>
                    <div class="ct-tile--price-secondary">
                    <span class="ct-price-value">
                    €11,96
                    </span>
                    <span class="ct-m-unit">
                    /kg
                    </span>
                    </div>
                    </div>
                    </div>
                    <div class="ct-tile-buy-section d-flex justify-content-center no-gutters col-auto col-sm-12">
                    <div class="col-2 d-sm-flex d-none">
                    <button class="wishlist-toggler guest-mode inactive button button--tertiary" data-pid="4999997" data-add-url="https://www.continente.pt/on/demandware.store/Sites-continente-Site/default/Wishlist-AddProduct?pid=4999997" data-toggle="tooltip" aria-label="Adicionar aos favoritos " data-original-title="Adicionar aos favoritos" data-placement="top" tabindex="-1">
                    <svg class="active-content" width="100%" height="100%" viewBox="0 0 20 22" fill="none" xmlns="http://www.w3.org/2000/svg">
                    <path fill-rule="evenodd" clip-rule="evenodd" d="M0 1.53052C0 0.685236 0.692171 0 1.54601 0H15.0736C15.9274 0 16.6196 0.685235 16.6196 1.53052V13.4064L15.8127 13.922L14.2658 14.2658L12.7189 13.4064L10.6054 14.3818C10.4994 14.2451 10.3327 14.157 10.1452 14.157H6.76329C6.4431 14.157 6.18354 14.414 6.18354 14.731C6.18354 15.0479 6.4431 15.3049 6.76329 15.3049H10.1452C10.2478 15.3049 10.3441 15.2785 10.4277 15.2322L10.3126 16.8439L13.2345 20.2793H1.54601C0.69217 20.2793 0 19.5941 0 18.7488V1.53052ZM6.18354 5.5483C6.18354 5.23132 6.4431 4.97436 6.76329 4.97436H12.3676C12.6878 4.97436 12.9473 5.23132 12.9473 5.5483C12.9473 5.86528 12.6878 6.12224 12.3676 6.12224H6.76329C6.4431 6.12224 6.18354 5.86528 6.18354 5.5483ZM6.76329 11.0961C6.4431 11.0961 6.18354 11.3531 6.18354 11.6701C6.18354 11.987 6.4431 12.244 6.76329 12.244H12.3676C12.6878 12.244 12.9473 11.987 12.9473 11.6701C12.9473 11.3531 12.6878 11.0961 12.3676 11.0961H6.76329ZM6.18354 8.60985C6.18354 8.29287 6.4431 8.03591 6.76329 8.03591H12.3676C12.6878 8.03591 12.9473 8.29287 12.9473 8.60985C12.9473 8.92684 12.6878 9.1838 12.3676 9.1838H6.76329C6.4431 9.1838 6.18354 8.92684 6.18354 8.60985ZM3.67118 5.5483C3.67118 5.23132 3.93075 4.97436 4.25093 4.97436H4.63743C4.95762 4.97436 5.21719 5.23132 5.21719 5.5483C5.21719 5.86528 4.95762 6.12224 4.63743 6.12224H4.25093C3.93075 6.12224 3.67118 5.86528 3.67118 5.5483ZM4.25093 11.0961C3.93075 11.0961 3.67118 11.3531 3.67118 11.6701C3.67118 11.987 3.93075 12.244 4.25093 12.244H4.63743C4.95762 12.244 5.21719 11.987 5.21719 11.6701C5.21719 11.3531 4.95762 11.0961 4.63743 11.0961H4.25093ZM3.67118 8.60985C3.67118 8.29287 3.93075 8.03591 4.25093 8.03591H4.63743C4.95762 8.03591 5.21719 8.29287 5.21719 8.60985C5.21719 8.92684 4.95762 9.1838 4.63743 9.1838H4.25093C3.93075 9.1838 3.67118 8.92684 3.67118 8.60985ZM4.25093 14.157C3.93075 14.157 3.67118 14.414 3.67118 14.731C3.67118 15.0479 3.93075 15.3049 4.25093 15.3049H4.63743C4.95762 15.3049 5.21719 15.0479 5.21719 14.731C5.21719 14.414 4.95762 14.157 4.63743 14.157H4.25093Z" fill="#EB0203"></path>
                    <path fill-rule="evenodd" clip-rule="evenodd" d="M14.6252 13.6363C13.4918 12.6215 11.7817 12.5264 10.6569 13.4792C9.12421 14.7764 9.34841 16.8912 10.4409 18.0122L14.0159 21.6742C14.2197 21.8832 14.4928 22 14.7822 22C15.0737 22 15.3448 21.8852 15.5486 21.6762L19.1236 18.0142C20.214 16.8933 20.4423 14.7785 18.9075 13.4792C17.7827 12.5283 16.0724 12.6217 14.9391 13.6365C14.8855 13.6845 14.8331 13.7345 14.7822 13.7866C14.7313 13.7345 14.6789 13.6843 14.6252 13.6363ZM18.1546 14.3522C19.0973 15.1508 18.9962 16.4896 18.2891 17.2173C18.2888 17.2175 18.2886 17.2177 18.2884 17.218L14.7832 20.8084L11.2753 17.2151C11.2752 17.215 11.2751 17.2149 11.2749 17.2148C10.5677 16.4887 10.4678 15.1495 11.4104 14.3518L11.4108 14.3514C12.0745 13.7892 13.2018 13.82 13.9488 14.5846L14.7822 15.4378L15.6157 14.5846C16.3617 13.8211 17.4896 13.79 18.1545 14.3521" fill="#EB0203"></path>
                    </svg>
                    <svg class="inactive-content" width="100%" height="100%" viewBox="0 0 20 23" fill="none" xmlns="http://www.w3.org/2000/svg">
                    <path fill-rule="evenodd" clip-rule="evenodd" d="M6.18408 5.77914C6.18408 5.46223 6.44363 5.20532 6.7638 5.20532H12.3678C12.6879 5.20532 12.9475 5.46223 12.9475 5.77914C12.9475 6.09606 12.6879 6.35297 12.3678 6.35297H6.7638C6.44363 6.35297 6.18408 6.09606 6.18408 5.77914Z" fill="#EB0203"></path>
                    <path fill-rule="evenodd" clip-rule="evenodd" d="M6.18408 11.9034C6.18408 11.5865 6.44363 11.3296 6.7638 11.3296H12.3678C12.6879 11.3296 12.9475 11.5865 12.9475 11.9034C12.9475 12.2202 12.6879 12.4771 12.3678 12.4771H6.7638C6.44363 12.4771 6.18408 12.2202 6.18408 11.9034Z" fill="#EB0203"></path>
                    <path fill-rule="evenodd" clip-rule="evenodd" d="M6.18408 8.84116C6.18408 8.52424 6.44363 8.26733 6.7638 8.26733H12.3678C12.6879 8.26733 12.9475 8.52424 12.9475 8.84116C12.9475 9.15807 12.6879 9.41498 12.3678 9.41498H6.7638C6.44363 9.41498 6.18408 9.15807 6.18408 8.84116Z" fill="#EB0203"></path>
                    <path fill-rule="evenodd" clip-rule="evenodd" d="M6.18408 14.9655C6.18408 14.6486 6.44363 14.3917 6.7638 14.3917H10.1455C10.4657 14.3917 10.7252 14.6486 10.7252 14.9655C10.7252 15.2825 10.4657 15.5394 10.1455 15.5394H6.7638C6.44363 15.5394 6.18408 15.2825 6.18408 14.9655Z" fill="#EB0203"></path>
                    <path fill-rule="evenodd" clip-rule="evenodd" d="M3.67139 5.77914C3.67139 5.46223 3.93094 5.20532 4.25111 5.20532H4.63759C4.95776 5.20532 5.21731 5.46223 5.21731 5.77914C5.21731 6.09606 4.95776 6.35297 4.63759 6.35297H4.25111C3.93094 6.35297 3.67139 6.09606 3.67139 5.77914Z" fill="#EB0203"></path>
                    <path fill-rule="evenodd" clip-rule="evenodd" d="M3.67139 11.9034C3.67139 11.5865 3.93094 11.3296 4.25111 11.3296H4.63759C4.95776 11.3296 5.21731 11.5865 5.21731 11.9034C5.21731 12.2202 4.95776 12.4771 4.63759 12.4771H4.25111C3.93094 12.4771 3.67139 12.2202 3.67139 11.9034Z" fill="#EB0203"></path>
                    <path fill-rule="evenodd" clip-rule="evenodd" d="M3.67139 8.84116C3.67139 8.52424 3.93094 8.26733 4.25111 8.26733H4.63759C4.95776 8.26733 5.21731 8.52424 5.21731 8.84116C5.21731 9.15807 4.95776 9.41498 4.63759 9.41498H4.25111C3.93094 9.41498 3.67139 9.15807 3.67139 8.84116Z" fill="#EB0203"></path>
                    <path fill-rule="evenodd" clip-rule="evenodd" d="M3.67139 14.9655C3.67139 14.6486 3.93094 14.3917 4.25111 14.3917H4.63759C4.95776 14.3917 5.21731 14.6486 5.21731 14.9655C5.21731 15.2825 4.95776 15.5394 4.63759 15.5394H4.25111C3.93094 15.5394 3.67139 15.2825 3.67139 14.9655Z" fill="#EB0203"></path>
                    <path fill-rule="evenodd" clip-rule="evenodd" d="M0 1.76033C0 0.914738 0.692131 0.229248 1.54592 0.229248H15.0727C15.9265 0.229248 16.6186 0.914738 16.6186 1.76033V11.2818C16.6186 11.5989 16.3591 11.8559 16.0389 11.8559C15.7187 11.8559 15.4592 11.5989 15.4592 11.2818V1.76033C15.4592 1.54893 15.2862 1.37756 15.0727 1.37756H1.54592C1.33247 1.37756 1.15944 1.54893 1.15944 1.76033V18.985C1.15944 19.1964 1.33247 19.3678 1.54592 19.3678H9.27551C9.59568 19.3678 9.85523 19.6249 9.85523 19.942C9.85523 20.2591 9.59568 20.5161 9.27551 20.5161H1.54592C0.692131 20.5161 0 19.8306 0 18.985V1.76033Z" fill="#EB0203"></path>
                    <path fill-rule="evenodd" clip-rule="evenodd" d="M14.6254 13.8718C13.4921 12.8567 11.7821 12.7615 10.6574 13.7147C9.12472 15.0124 9.34891 17.128 10.4413 18.2493L14.0161 21.9126C14.2199 22.1217 14.493 22.2386 14.7824 22.2386C15.0739 22.2386 15.3449 22.1238 15.5487 21.9147L19.1235 18.2514C20.2139 17.13 20.4422 15.0144 18.9075 13.7147C17.7827 12.7634 16.0726 12.8569 14.9392 13.872C14.8856 13.92 14.8333 13.9701 14.7824 14.0222C14.7314 13.97 14.6791 13.9199 14.6254 13.8718ZM18.1546 14.588C19.0972 15.3869 18.9961 16.7262 18.2891 17.4541C18.2888 17.4543 18.2886 17.4546 18.2884 17.4548L14.7834 21.0466L11.2757 17.452C11.2756 17.4519 11.2755 17.4517 11.2753 17.4516C10.5681 16.7252 10.4682 15.3856 11.4108 14.5876L11.4112 14.5872C12.0748 14.0248 13.202 14.0556 13.949 14.8205L14.7824 15.674L15.6158 14.8205C16.3618 14.0567 17.4896 14.0256 18.1545 14.5879" fill="#EB0203"></path>
                    </svg>
                    </button>
                    </div>
                    
                    <div class="col-sm-10 col-12">
                    <div class="ct-tile-quantity d-none" data-pid="4999997">
                    <input type="hidden" class="add-to-cart-url" value="https://www.continente.pt/on/demandware.store/Sites-continente-Site/default/Cart-AddProduct" tabindex="-1">
                    <div class="d-none tile-delete-confirmation-btn" data-pid="4999997" data-delay-time="3000" data-in-cart-msg="no carrinho" data-one-product-added="Adicionado ao carrinho" data-remove-from-cart-msg="Removido do carrinho" data-stay-open="6000.0" data-confirmation-image="{&quot;url&quot;:&quot;https://www.continente.pt/dw/image/v2/BDVS_PRD/on/demandware.static/-/Sites-col-master-catalog/default/dw142738c3/images/col/499/4999997-frente.jpg?sw=87&amp;sh=80&quot;,&quot;fallbackimage&quot;:{&quot;url&quot;:&quot;https://www.continente.pt/dw/image/v2/BDVS_PRD/on/demandware.static/Sites-continente-Site/-/default/dw7c42b4da/images/noimagelarge_product.png?sw=87&amp;sh=80&quot;,&quot;title&quot;:&quot;Arroz de Pato&quot;,&quot;alt&quot;:&quot;Arroz de Pato&quot;},&quot;title&quot;:&quot;Arroz de Pato&quot;,&quot;alt&quot;:&quot;Arroz de Pato&quot;}"></div>
                    <div class="ct-tile-quantity-update quantity-update product-qty-vue" data-remove-action="https://www.continente.pt/on/demandware.store/Sites-continente-Site/default/Cart-RemoveProductLineItem" data-action="https://www.continente.pt/on/demandware.store/Sites-continente-Site/default/Cart-UpdateQuantity" data-dimension-update="https://www.continente.pt/on/demandware.store/Sites-continente-Site/default/Cart-DimensionUpdate" data-pid="4999997" data-uuid="6517e0487a6834bda630c2991b" data-add-delay="500.0" data-measure-options="{&quot;hasConversionRate&quot;:true,&quot;hasAlternativeSaleUnit&quot;:false,&quot;primaryToSecondary&quot;:1,&quot;secondaryToPrimary&quot;:1,&quot;unitConversionRate&quot;:1,&quot;minOrderQuantity&quot;:1,&quot;stepQuantity&quot;:1,&quot;primaryunit&quot;:&quot;un&quot;,&quot;secondaryunit&quot;:&quot;kg&quot;,&quot;selectedunit&quot;:&quot;primary&quot;,&quot;maxNumberOfUnitsPerSale&quot;:50}" data-price-available="null" :data-has-error="isMaxQtyReached || isMinQtyReached || qtySelectedMoreThanOne">
                    <template v-show="prodUnits">
                    <div class="quantity-input-wrapper has-units">
                    <label class="visually-hidden" :for="'quantity-' + pid + additionalTag">
                    Quantidade no carrinho
                    </label>
                    <input :ref="'quantityInput-' + pid + additionalTag" class="add-to-cart-quantity form-control ct-form-input text-center" inputmode="numeric" :class="{'is-invalid': isInvalid}" :data-pid="pid + additionalTag" :name="'quantity-' + pid + additionalTag" type="text" aria-label="Insira a quantidade" title="" v-model="displayValue" @change="updateQuantity" @focus="updateQtyFormat" @blur="restoreQtyFormat" :disabled="!isPriceAvailable">
                    <span class="quantity-icon quantity-icon--minus">
                    <button class="decrease-quantity-btn" @click="updateQuantity" :disabled="!isPriceAvailable" role="button" aria-label="Reduzir quantidade">
                    <i class="css-math-minus"></i>
                    </button>
                    </span>
                    <span class="quantity-icon quantity-icon--plus">
                    <button class="increase-quantity-btn" @click="updateQuantity" :disabled="isMaxQtyReached || !isPriceAvailable" role="button" aria-label="Aumentar quantidade">
                    <i class="css-math-plus"></i>
                    </button>
                    <span class="quantity-btn-disabled-placeholder"></span>
                    </span>
                    <template v-if="isPDP">
                    <span class="quantity-error ct-span-error text-sm-center product-max-allocation" v-if="isMaxQtyReached">
                    Quantidade máxima atingida
                    </span>
                    <span class="quantity-error ct-span-product text-sm-center product-allocation" v-if="!isMinQtyReached &amp;&amp; !isMaxQtyReached">
                    {{quantitySelected}} no carrinho
                    </span>
                    <span class="quantity-error ct-span-error text-sm-center product-min-allocation" :data-pid="pid" v-if="isMinQtyReached &amp;&amp; !isMaxQtyReached">
                    Quantidade mínima atingida
                    </span>
                    </template>
                    </div>
                    <template v-if="showNotes">
                    <div class="add-note-link-container ">
                    <div class="add-note">
                    <a href="/produto/arroz-de-pato-continente-facil-bom-4999997.html?showNote=true" class="ct-add-note-redirect-pdp" aria-label="Adicionar comentário">
                    <span class="svg-wrapper svg-icon-notes" style="width:19px; height:20px">
                    <svg class="svg-inline icon-notes" viewBox="0 0 28 30" xmlns="http://www.w3.org/2000/svg" width="100%" height="100%"><path d="M21.738 0C22.985 0 24 1.04 24 2.319V12.47c0 .469-.37.848-.828.848-.457 0-.827-.38-.827-.848V2.32c0-.343-.273-.622-.607-.622H2.262c-.334 0-.607.279-.607.622V27.68c0 .343.273.622.607.622h7.81c.457 0 .827.38.827.849 0 .468-.37.848-.827.848h-7.81C1.015 30 0 28.96 0 27.681V2.32C0 1.04 1.015 0 2.262 0h19.476zm2.844 16.004l.227.007c.823.053 1.589.39 2.176.964.64.627.993 1.46.993 2.349 0 .888-.353 1.722-.993 2.348l-6.83 6.665c-.11.108-.247.186-.397.226l-5.032 1.363c-.078.021-.16.032-.241.032-.242 0-.478-.097-.647-.266-.23-.231-.314-.566-.218-.874l1.49-4.798c.044-.139.122-.266.227-.369l6.844-6.677c.64-.625 1.493-.97 2.401-.97zm-2.886 3.94l-4.922 4.802-.947 3.048 3.22-.872 4.897-4.78-2.248-2.197zm2.887-2.174c-.425 0-.824.162-1.124.455l-.484.472 2.248 2.197.484-.472c.62-.606.62-1.591 0-2.197l-.117-.104c-.283-.227-.636-.35-1.007-.35zm-10.839.022c.498 0 .904.396.904.883 0 .488-.406.884-.904.884H5.946c-.499 0-.904-.396-.904-.884 0-.487.405-.883.904-.883zm5.042-4.876c.498 0 .904.397.904.884s-.406.884-.904.884H5.946c-.499 0-.904-.397-.904-.884s.405-.884.904-.884zm0-4.875c.498 0 .904.396.904.884 0 .487-.406.883-.904.883H5.946c-.499 0-.904-.396-.904-.883 0-.488.405-.884.904-.884z" fill="#EB0203" fill-rule="evenodd"></path></svg>
                    </span>
                    <div class="available-note d-none"></div>
                    </a>
                    </div>
                    </div>
                    </template>
                    <div class="measurement-unit-section" v-if="isPriceAvailable &amp;&amp; prodUnits ? prodUnits.hasAlternativeUnit : false">
                    <div class="ct-form-radio" @click="setDimension">
                    <input type="radio" title="" class="ct-form-check-input product-measurement-unit" :data-type="prodUnits.selectedUnit == prodUnits.secondaryUnit ? 'primary' : ''" :id="prodUnits.secondaryUnit + '-' + pid + '-measurement-unit-ptile' + additionalTag" :name="'measurement-unit-' + pid + '-ptile' + additionalTag" :value="prodUnits.secondaryUnit" v-model="prodUnits.selectedUnit">
                    <label :class="prodUnits.secondaryUnit + '-label ct-form-check-label mb-0'" :for="prodUnits.secondaryUnit + '-' + pid + '-measurement-unit-ptile' + additionalTag">
                    {{prodUnits.secondaryUnit}}
                    </label>
                    <span class="checkmark"></span>
                    </div>
                    <div class="ct-form-radio" @click="setDimension">
                    <input type="radio" title="" class="ct-form-check-input product-measurement-unit" :data-type="prodUnits.selectedUnit == prodUnits.primaryUnit ? 'primary' : ''" :id="prodUnits.primaryUnit + '-' + pid + '-measurement-unit-ptile' + additionalTag" :name="'measurement-unit-' + pid + '-ptile' + additionalTag" :value="prodUnits.primaryUnit" v-model="prodUnits.selectedUnit">
                    <label :class="prodUnits.primaryUnit + '-label ct-form-check-label mb-0'" :for="prodUnits.primaryUnit + '-' + pid + '-measurement-unit-ptile' + additionalTag">
                    {{prodUnits.primaryUnit}}
                    </label>
                    <span class="checkmark"></span>
                    </div>
                    </div>
                    <template v-if="!isPDP &amp;&amp; isPriceAvailable">
                    <span class="quantity-error ct-span-error product-max-allocation" v-if="isMaxQtyReached">
                    Quantidade máxima atingida
                    </span>
                    <span class="quantity-error ct-span-product product-allocation" v-if="!isMinQtyReached &amp;&amp; !isMaxQtyReached">
                    {{quantitySelected}} no carrinho
                    </span>
                    <span class="quantity-error ct-span-error product-min-allocation" :data-pid="pid" v-if="isMinQtyReached &amp;&amp; !isMaxQtyReached">
                    Quantidade mínima atingida
                    </span>
                    </template>
                    </template>
                    </div>
                    <input class="quantity-value-mask d-none" name="quantity" type="number" min="0" value="" tabindex="-1">
                    </div>
                    <button type="button" class="add-to-cart button js-add-to-cart js-add-to-cart-tile 4999997 button--primary dynamic-layout-btn" data-toggle="modal" data-target="#chooseBonusProductModal" data-pid="4999997" data-quantity-value="null" aria-label="Carrinho" tabindex="-1">
                    <span class="d-block d-sm-none">
                    <span class="svg-wrapper svg-icon-cart" style="width:20px; height:20px">
                    <svg class="svg-inline icon-cart" xmlns="http://www.w3.org/2000/svg" viewBox="0 0 500 500" width="100%" height="100%"><path fill="#EB0203" fill-rule="evenodd" d="M 485.67317,94.386311 C 476.37798,83.847129 463.09468,78.03348 448.30404,78.03348 H 90.690813 L 87.079511,51.327997 C 83.185582,22.539551 62.962285,0 41.011841,0 H 14.727836 C 6.563151,0 0,6.5286975 0,14.580758 c 0,8.05206 6.5945535,14.580758 14.727836,14.580758 h 26.284005 c 4.710398,0 14.696435,9.855222 16.894619,26.021523 L 100.01739,368.0631 c 1.88416,13.77244 9.01256,26.70549 20.1605,36.37417 8.25889,7.15046 18.02511,11.9071 28.26237,13.89679 -4.17655,7.58572 -6.53175,16.25957 -6.53175,25.493 0,29.53459 24.27424,53.59751 54.13815,53.59751 29.8325,0 54.13814,-24.03184 54.13814,-53.59751 0,-8.79818 -2.19818,-17.09897 -5.9979,-24.43598 h 77.12488 c -3.79973,7.33701 -5.96652,15.6378 -5.96652,24.43598 0,29.53459 24.27424,53.59751 54.13817,53.59751 29.83249,0 54.13814,-24.03184 54.13814,-53.59751 0,-8.79818 -2.1982,-17.09897 -5.9979,-24.43598 h 38.56243 c 8.13328,0 14.72783,-6.5287 14.72783,-14.61183 0,-8.02098 -6.59455,-14.54967 -14.72783,-14.54967 H 159.24277 c -14.38241,0 -28.13677,-11.90711 -30.02092,-26.02153 l -3.07746,-22.88154 h 290.6314 c 14.03698,0 27.94834,-5.28513 39.06488,-14.95381 11.11652,-9.6376 18.27632,-22.57065 20.16048,-36.37417 l 21.10259,-156.78201 c 1.94694,-14.51858 -2.10398,-28.29103 -11.43057,-38.861299 z M 220.76053,443.82706 c 0,13.49265 -11.08513,24.46709 -24.68247,24.46709 -13.62874,0 -24.71387,-10.97444 -24.71387,-24.46709 0,-13.49262 11.08513,-24.43598 24.71387,-24.43598 13.59734,0 24.68247,10.94336 24.68247,24.43598 z m 173.43675,0 c 0,13.49265 -11.08512,24.46709 -24.68245,24.46709 -13.62876,0 -24.71388,-10.97444 -24.71388,-24.46709 0,-13.49262 11.08512,-24.43598 24.71388,-24.43598 13.59733,0 24.68245,10.94336 24.68245,24.43598 z m 73.7648,-314.46558 -21.13397,156.782 c -1.88416,14.11442 -15.63851,26.05261 -30.02091,26.05261 H 122.25046 L 94.616142,107.19499 H 448.33544 c 6.18632,0 11.61896,2.2695 15.23028,6.37326 3.64269,4.13484 5.21283,9.73086 4.39636,15.79323 z"></path></svg>
                    </span>
                    </span>
                    <span class="add-to-cart--text d-none d-sm-block">Carrinho</span>
                    </button>
                    </div>
                    </div>
                    </div>
                    </div>
                    
                    <div class="col-12 d-sm-none">
                    </div>
                    </div>
                    </div>
                    </div>
                    </div><div class="pd-tile-wrap slick-slide" data-idx="7" style="width: 276px; height: auto;" data-slick-index="6" aria-hidden="true" tabindex="-1" role="tabpanel" id="slick-slide06">
                    
                    <script type="text/javascript">//<!--
                    /* <![CDATA[ */
                    (function(){
                    try {
                        if(window.CQuotient) {
                            var cq_params = {};
                            cq_params.cookieId = window.CQuotient.getCQCookieId();
                            cq_params.userId = window.CQuotient.getCQUserId();
                            cq_params.emailId = CQuotient.getCQHashedEmail();
                            cq_params.loginId = CQuotient.getCQHashedLogin();
                            cq_params.accumulate = true;
                            cq_params.products = [{
                                id: '5060909',
                                sku: '',
                                type: '',
                                alt_id: ''
                            }];
                            cq_params.recommenderName = '__UNDEFINED__';
                            cq_params.realm = "BDVS";
                            cq_params.siteId = "continente";
                            cq_params.instanceType = "prd";
                            cq_params.locale = window.CQuotient.locale;
                            cq_params.slotId = '';
                            cq_params.slotConfigId = '';
                            cq_params.slotConfigTemplate = '';
                            if(window.CQuotient.sendActivity)
                                window.CQuotient.sendActivity( CQuotient.clientId, 'viewReco', cq_params );
                            else
                                window.CQuotient.activities.push( {activityType: 'viewReco', parameters: cq_params} );
                        }
                    } catch(err) {}
                    })();
                    /* ]]> */
                    // -->
                    </script>
                    <script type="text/javascript">//<!--
                    /* <![CDATA[ (viewProduct-active_data.js) */
                    dw.ac._capture({id: "5060909", type: "recommendation"});
                    /* ]]> */
                    // -->
                    </script>
                    <div class="product" data-pid="5060909">
                    <div class="product-tile pid-5060909   ct-product-tile " data-delay-time="3000" data-variants-mapping="[]" data-in-cart-msg="no carrinho" data-one-product-added="Adicionado ao carrinho" data-remove-from-cart-msg="Removido do carrinho" data-stay-open="6000.0" data-product-tile-impression="{&quot;name&quot;:&quot;5060909&quot;,&quot;id&quot;:&quot;5060909&quot;,&quot;price&quot;:3.29,&quot;brand&quot;:&quot;Rana&quot;,&quot;category&quot;:[{&quot;category_level_1&quot;:&quot;Take-Away&quot;},{&quot;category_level_2&quot;:&quot;Massas Frescas e Noodles&quot;},{&quot;category_level_3&quot;:&quot;Massas Simples e Recheadas&quot;}],&quot;variant&quot;:&quot;&quot;}">
                    <div class="ct-inner-tile-wrap row no-gutters justify-content-center align-content-start">
                    
                    <div class="ct-image-container col-4 col-sm" data-confirmation-image="{&quot;url&quot;:&quot;https://www.continente.pt/dw/image/v2/BDVS_PRD/on/demandware.static/-/Sites-col-master-catalog/default/dw494b3803/images/col/506/5060909-frente.jpg?sw=87&amp;sh=80&quot;,&quot;fallbackimage&quot;:{&quot;url&quot;:&quot;https://www.continente.pt/dw/image/v2/BDVS_PRD/on/demandware.static/Sites-continente-Site/-/default/dw7c42b4da/images/noimagelarge_product.png?sw=87&amp;sh=80&quot;,&quot;title&quot;:&quot;Tortellini Fresco de 4 Queijos&quot;,&quot;alt&quot;:&quot;Tortellini Fresco de 4 Queijos&quot;},&quot;title&quot;:&quot;Tortellini Fresco de 4 Queijos&quot;,&quot;alt&quot;:&quot;Tortellini Fresco de 4 Queijos&quot;}">
                    <a href="https://www.continente.pt/produto/tortellini-fresco-de-4-queijos-rana-5060909.html?cgid=home" tabindex="-1">
                    <picture class="intrinsic intrinsic--square">
                    <img class="ct-tile-image lazyloaded" loading="lazy" onerror="this.onerror=null;this.src='/on/demandware.static/Sites-continente-Site/-/default/dw7c42b4da/images/noimagelarge_product.png';" data-src="https://www.continente.pt/dw/image/v2/BDVS_PRD/on/demandware.static/-/Sites-col-master-catalog/default/dw494b3803/images/col/506/5060909-frente.jpg?sw=280&amp;sh=280" alt="Tortellini Fresco de 4 Queijos" title="Tortellini Fresco de 4 Queijos" src="https://www.continente.pt/dw/image/v2/BDVS_PRD/on/demandware.static/-/Sites-col-master-catalog/default/dw494b3803/images/col/506/5060909-frente.jpg?sw=280&amp;sh=280">
                    </picture>
                    </a>
                    <div class="color-swatches d-flex" style="margin-left: 5px;">
                    <div class="swatches d-flex">
                    </div>
                    </div>
                    </div>
                    <div class="ct-tile-body col col-sm-auto ">
                    <div class="ct-pdp-details">
                    <div class="ct-pdp-link">
                    <a class="ct-tile--description" href="https://www.continente.pt/produto/tortellini-fresco-de-4-queijos-rana-5060909.html?cgid=home" tabindex="-1">Tortellini Fresco de 4 Queijos</a>
                    <div class="ct-tile--favorite-top d-sm-none">
                    <button class="wishlist-toggler guest-mode inactive button button--tertiary" data-pid="5060909" data-add-url="https://www.continente.pt/on/demandware.store/Sites-continente-Site/default/Wishlist-AddProduct?pid=5060909" data-toggle="tooltip" aria-label="Adicionar aos favoritos " data-original-title="Adicionar aos favoritos" data-placement="top" tabindex="-1">
                    <svg class="active-content" width="100%" height="100%" viewBox="0 0 20 22" fill="none" xmlns="http://www.w3.org/2000/svg">
                    <path fill-rule="evenodd" clip-rule="evenodd" d="M0 1.53052C0 0.685236 0.692171 0 1.54601 0H15.0736C15.9274 0 16.6196 0.685235 16.6196 1.53052V13.4064L15.8127 13.922L14.2658 14.2658L12.7189 13.4064L10.6054 14.3818C10.4994 14.2451 10.3327 14.157 10.1452 14.157H6.76329C6.4431 14.157 6.18354 14.414 6.18354 14.731C6.18354 15.0479 6.4431 15.3049 6.76329 15.3049H10.1452C10.2478 15.3049 10.3441 15.2785 10.4277 15.2322L10.3126 16.8439L13.2345 20.2793H1.54601C0.69217 20.2793 0 19.5941 0 18.7488V1.53052ZM6.18354 5.5483C6.18354 5.23132 6.4431 4.97436 6.76329 4.97436H12.3676C12.6878 4.97436 12.9473 5.23132 12.9473 5.5483C12.9473 5.86528 12.6878 6.12224 12.3676 6.12224H6.76329C6.4431 6.12224 6.18354 5.86528 6.18354 5.5483ZM6.76329 11.0961C6.4431 11.0961 6.18354 11.3531 6.18354 11.6701C6.18354 11.987 6.4431 12.244 6.76329 12.244H12.3676C12.6878 12.244 12.9473 11.987 12.9473 11.6701C12.9473 11.3531 12.6878 11.0961 12.3676 11.0961H6.76329ZM6.18354 8.60985C6.18354 8.29287 6.4431 8.03591 6.76329 8.03591H12.3676C12.6878 8.03591 12.9473 8.29287 12.9473 8.60985C12.9473 8.92684 12.6878 9.1838 12.3676 9.1838H6.76329C6.4431 9.1838 6.18354 8.92684 6.18354 8.60985ZM3.67118 5.5483C3.67118 5.23132 3.93075 4.97436 4.25093 4.97436H4.63743C4.95762 4.97436 5.21719 5.23132 5.21719 5.5483C5.21719 5.86528 4.95762 6.12224 4.63743 6.12224H4.25093C3.93075 6.12224 3.67118 5.86528 3.67118 5.5483ZM4.25093 11.0961C3.93075 11.0961 3.67118 11.3531 3.67118 11.6701C3.67118 11.987 3.93075 12.244 4.25093 12.244H4.63743C4.95762 12.244 5.21719 11.987 5.21719 11.6701C5.21719 11.3531 4.95762 11.0961 4.63743 11.0961H4.25093ZM3.67118 8.60985C3.67118 8.29287 3.93075 8.03591 4.25093 8.03591H4.63743C4.95762 8.03591 5.21719 8.29287 5.21719 8.60985C5.21719 8.92684 4.95762 9.1838 4.63743 9.1838H4.25093C3.93075 9.1838 3.67118 8.92684 3.67118 8.60985ZM4.25093 14.157C3.93075 14.157 3.67118 14.414 3.67118 14.731C3.67118 15.0479 3.93075 15.3049 4.25093 15.3049H4.63743C4.95762 15.3049 5.21719 15.0479 5.21719 14.731C5.21719 14.414 4.95762 14.157 4.63743 14.157H4.25093Z" fill="#EB0203"></path>
                    <path fill-rule="evenodd" clip-rule="evenodd" d="M14.6252 13.6363C13.4918 12.6215 11.7817 12.5264 10.6569 13.4792C9.12421 14.7764 9.34841 16.8912 10.4409 18.0122L14.0159 21.6742C14.2197 21.8832 14.4928 22 14.7822 22C15.0737 22 15.3448 21.8852 15.5486 21.6762L19.1236 18.0142C20.214 16.8933 20.4423 14.7785 18.9075 13.4792C17.7827 12.5283 16.0724 12.6217 14.9391 13.6365C14.8855 13.6845 14.8331 13.7345 14.7822 13.7866C14.7313 13.7345 14.6789 13.6843 14.6252 13.6363ZM18.1546 14.3522C19.0973 15.1508 18.9962 16.4896 18.2891 17.2173C18.2888 17.2175 18.2886 17.2177 18.2884 17.218L14.7832 20.8084L11.2753 17.2151C11.2752 17.215 11.2751 17.2149 11.2749 17.2148C10.5677 16.4887 10.4678 15.1495 11.4104 14.3518L11.4108 14.3514C12.0745 13.7892 13.2018 13.82 13.9488 14.5846L14.7822 15.4378L15.6157 14.5846C16.3617 13.8211 17.4896 13.79 18.1545 14.3521" fill="#EB0203"></path>
                    </svg>
                    <svg class="inactive-content" width="100%" height="100%" viewBox="0 0 20 23" fill="none" xmlns="http://www.w3.org/2000/svg">
                    <path fill-rule="evenodd" clip-rule="evenodd" d="M6.18408 5.77914C6.18408 5.46223 6.44363 5.20532 6.7638 5.20532H12.3678C12.6879 5.20532 12.9475 5.46223 12.9475 5.77914C12.9475 6.09606 12.6879 6.35297 12.3678 6.35297H6.7638C6.44363 6.35297 6.18408 6.09606 6.18408 5.77914Z" fill="#EB0203"></path>
                    <path fill-rule="evenodd" clip-rule="evenodd" d="M6.18408 11.9034C6.18408 11.5865 6.44363 11.3296 6.7638 11.3296H12.3678C12.6879 11.3296 12.9475 11.5865 12.9475 11.9034C12.9475 12.2202 12.6879 12.4771 12.3678 12.4771H6.7638C6.44363 12.4771 6.18408 12.2202 6.18408 11.9034Z" fill="#EB0203"></path>
                    <path fill-rule="evenodd" clip-rule="evenodd" d="M6.18408 8.84116C6.18408 8.52424 6.44363 8.26733 6.7638 8.26733H12.3678C12.6879 8.26733 12.9475 8.52424 12.9475 8.84116C12.9475 9.15807 12.6879 9.41498 12.3678 9.41498H6.7638C6.44363 9.41498 6.18408 9.15807 6.18408 8.84116Z" fill="#EB0203"></path>
                    <path fill-rule="evenodd" clip-rule="evenodd" d="M6.18408 14.9655C6.18408 14.6486 6.44363 14.3917 6.7638 14.3917H10.1455C10.4657 14.3917 10.7252 14.6486 10.7252 14.9655C10.7252 15.2825 10.4657 15.5394 10.1455 15.5394H6.7638C6.44363 15.5394 6.18408 15.2825 6.18408 14.9655Z" fill="#EB0203"></path>
                    <path fill-rule="evenodd" clip-rule="evenodd" d="M3.67139 5.77914C3.67139 5.46223 3.93094 5.20532 4.25111 5.20532H4.63759C4.95776 5.20532 5.21731 5.46223 5.21731 5.77914C5.21731 6.09606 4.95776 6.35297 4.63759 6.35297H4.25111C3.93094 6.35297 3.67139 6.09606 3.67139 5.77914Z" fill="#EB0203"></path>
                    <path fill-rule="evenodd" clip-rule="evenodd" d="M3.67139 11.9034C3.67139 11.5865 3.93094 11.3296 4.25111 11.3296H4.63759C4.95776 11.3296 5.21731 11.5865 5.21731 11.9034C5.21731 12.2202 4.95776 12.4771 4.63759 12.4771H4.25111C3.93094 12.4771 3.67139 12.2202 3.67139 11.9034Z" fill="#EB0203"></path>
                    <path fill-rule="evenodd" clip-rule="evenodd" d="M3.67139 8.84116C3.67139 8.52424 3.93094 8.26733 4.25111 8.26733H4.63759C4.95776 8.26733 5.21731 8.52424 5.21731 8.84116C5.21731 9.15807 4.95776 9.41498 4.63759 9.41498H4.25111C3.93094 9.41498 3.67139 9.15807 3.67139 8.84116Z" fill="#EB0203"></path>
                    <path fill-rule="evenodd" clip-rule="evenodd" d="M3.67139 14.9655C3.67139 14.6486 3.93094 14.3917 4.25111 14.3917H4.63759C4.95776 14.3917 5.21731 14.6486 5.21731 14.9655C5.21731 15.2825 4.95776 15.5394 4.63759 15.5394H4.25111C3.93094 15.5394 3.67139 15.2825 3.67139 14.9655Z" fill="#EB0203"></path>
                    <path fill-rule="evenodd" clip-rule="evenodd" d="M0 1.76033C0 0.914738 0.692131 0.229248 1.54592 0.229248H15.0727C15.9265 0.229248 16.6186 0.914738 16.6186 1.76033V11.2818C16.6186 11.5989 16.3591 11.8559 16.0389 11.8559C15.7187 11.8559 15.4592 11.5989 15.4592 11.2818V1.76033C15.4592 1.54893 15.2862 1.37756 15.0727 1.37756H1.54592C1.33247 1.37756 1.15944 1.54893 1.15944 1.76033V18.985C1.15944 19.1964 1.33247 19.3678 1.54592 19.3678H9.27551C9.59568 19.3678 9.85523 19.6249 9.85523 19.942C9.85523 20.2591 9.59568 20.5161 9.27551 20.5161H1.54592C0.692131 20.5161 0 19.8306 0 18.985V1.76033Z" fill="#EB0203"></path>
                    <path fill-rule="evenodd" clip-rule="evenodd" d="M14.6254 13.8718C13.4921 12.8567 11.7821 12.7615 10.6574 13.7147C9.12472 15.0124 9.34891 17.128 10.4413 18.2493L14.0161 21.9126C14.2199 22.1217 14.493 22.2386 14.7824 22.2386C15.0739 22.2386 15.3449 22.1238 15.5487 21.9147L19.1235 18.2514C20.2139 17.13 20.4422 15.0144 18.9075 13.7147C17.7827 12.7634 16.0726 12.8569 14.9392 13.872C14.8856 13.92 14.8333 13.9701 14.7824 14.0222C14.7314 13.97 14.6791 13.9199 14.6254 13.8718ZM18.1546 14.588C19.0972 15.3869 18.9961 16.7262 18.2891 17.4541C18.2888 17.4543 18.2886 17.4546 18.2884 17.4548L14.7834 21.0466L11.2757 17.452C11.2756 17.4519 11.2755 17.4517 11.2753 17.4516C10.5681 16.7252 10.4682 15.3856 11.4108 14.5876L11.4112 14.5872C12.0748 14.0248 13.202 14.0556 13.949 14.8205L14.7824 15.674L15.6158 14.8205C16.3618 14.0567 17.4896 14.0256 18.1545 14.5879" fill="#EB0203"></path>
                    </svg>
                    </button>
                    </div>
                    </div>
                    <p class="ct-tile--brand">Rana</p>
                    <p class="ct-tile--quantity">emb. 250 gr</p>
                    </div>
                    <div class="ct-tile-bottom row no-gutters justify-content-between">
                    <div class="ct-price-wrap col-8 col-sm-12">
                    <div class="price js-product-price">
                    <div class="prices-wrapper">
                    <span class="sales ct-tile--price-primary ">
                    <span class="value" content="3.29">
                    <span class="ct-price-formatted">
                    €3,29
                    </span>
                    <span class="ct-m-unit">
                    /un
                    </span>
                    </span>
                    </span>
                    </div>
                    <div class="ct-tile--price-secondary">
                    <span class="ct-price-value">
                    €13,16
                    </span>
                    <span class="ct-m-unit">
                    /kg
                    </span>
                    </div>
                    </div>
                    </div>
                    <div class="ct-tile-buy-section d-flex justify-content-center no-gutters col-auto col-sm-12">
                    <div class="col-2 d-sm-flex d-none">
                    <button class="wishlist-toggler guest-mode inactive button button--tertiary" data-pid="5060909" data-add-url="https://www.continente.pt/on/demandware.store/Sites-continente-Site/default/Wishlist-AddProduct?pid=5060909" data-toggle="tooltip" aria-label="Adicionar aos favoritos " data-original-title="Adicionar aos favoritos" data-placement="top" tabindex="-1">
                    <svg class="active-content" width="100%" height="100%" viewBox="0 0 20 22" fill="none" xmlns="http://www.w3.org/2000/svg">
                    <path fill-rule="evenodd" clip-rule="evenodd" d="M0 1.53052C0 0.685236 0.692171 0 1.54601 0H15.0736C15.9274 0 16.6196 0.685235 16.6196 1.53052V13.4064L15.8127 13.922L14.2658 14.2658L12.7189 13.4064L10.6054 14.3818C10.4994 14.2451 10.3327 14.157 10.1452 14.157H6.76329C6.4431 14.157 6.18354 14.414 6.18354 14.731C6.18354 15.0479 6.4431 15.3049 6.76329 15.3049H10.1452C10.2478 15.3049 10.3441 15.2785 10.4277 15.2322L10.3126 16.8439L13.2345 20.2793H1.54601C0.69217 20.2793 0 19.5941 0 18.7488V1.53052ZM6.18354 5.5483C6.18354 5.23132 6.4431 4.97436 6.76329 4.97436H12.3676C12.6878 4.97436 12.9473 5.23132 12.9473 5.5483C12.9473 5.86528 12.6878 6.12224 12.3676 6.12224H6.76329C6.4431 6.12224 6.18354 5.86528 6.18354 5.5483ZM6.76329 11.0961C6.4431 11.0961 6.18354 11.3531 6.18354 11.6701C6.18354 11.987 6.4431 12.244 6.76329 12.244H12.3676C12.6878 12.244 12.9473 11.987 12.9473 11.6701C12.9473 11.3531 12.6878 11.0961 12.3676 11.0961H6.76329ZM6.18354 8.60985C6.18354 8.29287 6.4431 8.03591 6.76329 8.03591H12.3676C12.6878 8.03591 12.9473 8.29287 12.9473 8.60985C12.9473 8.92684 12.6878 9.1838 12.3676 9.1838H6.76329C6.4431 9.1838 6.18354 8.92684 6.18354 8.60985ZM3.67118 5.5483C3.67118 5.23132 3.93075 4.97436 4.25093 4.97436H4.63743C4.95762 4.97436 5.21719 5.23132 5.21719 5.5483C5.21719 5.86528 4.95762 6.12224 4.63743 6.12224H4.25093C3.93075 6.12224 3.67118 5.86528 3.67118 5.5483ZM4.25093 11.0961C3.93075 11.0961 3.67118 11.3531 3.67118 11.6701C3.67118 11.987 3.93075 12.244 4.25093 12.244H4.63743C4.95762 12.244 5.21719 11.987 5.21719 11.6701C5.21719 11.3531 4.95762 11.0961 4.63743 11.0961H4.25093ZM3.67118 8.60985C3.67118 8.29287 3.93075 8.03591 4.25093 8.03591H4.63743C4.95762 8.03591 5.21719 8.29287 5.21719 8.60985C5.21719 8.92684 4.95762 9.1838 4.63743 9.1838H4.25093C3.93075 9.1838 3.67118 8.92684 3.67118 8.60985ZM4.25093 14.157C3.93075 14.157 3.67118 14.414 3.67118 14.731C3.67118 15.0479 3.93075 15.3049 4.25093 15.3049H4.63743C4.95762 15.3049 5.21719 15.0479 5.21719 14.731C5.21719 14.414 4.95762 14.157 4.63743 14.157H4.25093Z" fill="#EB0203"></path>
                    <path fill-rule="evenodd" clip-rule="evenodd" d="M14.6252 13.6363C13.4918 12.6215 11.7817 12.5264 10.6569 13.4792C9.12421 14.7764 9.34841 16.8912 10.4409 18.0122L14.0159 21.6742C14.2197 21.8832 14.4928 22 14.7822 22C15.0737 22 15.3448 21.8852 15.5486 21.6762L19.1236 18.0142C20.214 16.8933 20.4423 14.7785 18.9075 13.4792C17.7827 12.5283 16.0724 12.6217 14.9391 13.6365C14.8855 13.6845 14.8331 13.7345 14.7822 13.7866C14.7313 13.7345 14.6789 13.6843 14.6252 13.6363ZM18.1546 14.3522C19.0973 15.1508 18.9962 16.4896 18.2891 17.2173C18.2888 17.2175 18.2886 17.2177 18.2884 17.218L14.7832 20.8084L11.2753 17.2151C11.2752 17.215 11.2751 17.2149 11.2749 17.2148C10.5677 16.4887 10.4678 15.1495 11.4104 14.3518L11.4108 14.3514C12.0745 13.7892 13.2018 13.82 13.9488 14.5846L14.7822 15.4378L15.6157 14.5846C16.3617 13.8211 17.4896 13.79 18.1545 14.3521" fill="#EB0203"></path>
                    </svg>
                    <svg class="inactive-content" width="100%" height="100%" viewBox="0 0 20 23" fill="none" xmlns="http://www.w3.org/2000/svg">
                    <path fill-rule="evenodd" clip-rule="evenodd" d="M6.18408 5.77914C6.18408 5.46223 6.44363 5.20532 6.7638 5.20532H12.3678C12.6879 5.20532 12.9475 5.46223 12.9475 5.77914C12.9475 6.09606 12.6879 6.35297 12.3678 6.35297H6.7638C6.44363 6.35297 6.18408 6.09606 6.18408 5.77914Z" fill="#EB0203"></path>
                    <path fill-rule="evenodd" clip-rule="evenodd" d="M6.18408 11.9034C6.18408 11.5865 6.44363 11.3296 6.7638 11.3296H12.3678C12.6879 11.3296 12.9475 11.5865 12.9475 11.9034C12.9475 12.2202 12.6879 12.4771 12.3678 12.4771H6.7638C6.44363 12.4771 6.18408 12.2202 6.18408 11.9034Z" fill="#EB0203"></path>
                    <path fill-rule="evenodd" clip-rule="evenodd" d="M6.18408 8.84116C6.18408 8.52424 6.44363 8.26733 6.7638 8.26733H12.3678C12.6879 8.26733 12.9475 8.52424 12.9475 8.84116C12.9475 9.15807 12.6879 9.41498 12.3678 9.41498H6.7638C6.44363 9.41498 6.18408 9.15807 6.18408 8.84116Z" fill="#EB0203"></path>
                    <path fill-rule="evenodd" clip-rule="evenodd" d="M6.18408 14.9655C6.18408 14.6486 6.44363 14.3917 6.7638 14.3917H10.1455C10.4657 14.3917 10.7252 14.6486 10.7252 14.9655C10.7252 15.2825 10.4657 15.5394 10.1455 15.5394H6.7638C6.44363 15.5394 6.18408 15.2825 6.18408 14.9655Z" fill="#EB0203"></path>
                    <path fill-rule="evenodd" clip-rule="evenodd" d="M3.67139 5.77914C3.67139 5.46223 3.93094 5.20532 4.25111 5.20532H4.63759C4.95776 5.20532 5.21731 5.46223 5.21731 5.77914C5.21731 6.09606 4.95776 6.35297 4.63759 6.35297H4.25111C3.93094 6.35297 3.67139 6.09606 3.67139 5.77914Z" fill="#EB0203"></path>
                    <path fill-rule="evenodd" clip-rule="evenodd" d="M3.67139 11.9034C3.67139 11.5865 3.93094 11.3296 4.25111 11.3296H4.63759C4.95776 11.3296 5.21731 11.5865 5.21731 11.9034C5.21731 12.2202 4.95776 12.4771 4.63759 12.4771H4.25111C3.93094 12.4771 3.67139 12.2202 3.67139 11.9034Z" fill="#EB0203"></path>
                    <path fill-rule="evenodd" clip-rule="evenodd" d="M3.67139 8.84116C3.67139 8.52424 3.93094 8.26733 4.25111 8.26733H4.63759C4.95776 8.26733 5.21731 8.52424 5.21731 8.84116C5.21731 9.15807 4.95776 9.41498 4.63759 9.41498H4.25111C3.93094 9.41498 3.67139 9.15807 3.67139 8.84116Z" fill="#EB0203"></path>
                    <path fill-rule="evenodd" clip-rule="evenodd" d="M3.67139 14.9655C3.67139 14.6486 3.93094 14.3917 4.25111 14.3917H4.63759C4.95776 14.3917 5.21731 14.6486 5.21731 14.9655C5.21731 15.2825 4.95776 15.5394 4.63759 15.5394H4.25111C3.93094 15.5394 3.67139 15.2825 3.67139 14.9655Z" fill="#EB0203"></path>
                    <path fill-rule="evenodd" clip-rule="evenodd" d="M0 1.76033C0 0.914738 0.692131 0.229248 1.54592 0.229248H15.0727C15.9265 0.229248 16.6186 0.914738 16.6186 1.76033V11.2818C16.6186 11.5989 16.3591 11.8559 16.0389 11.8559C15.7187 11.8559 15.4592 11.5989 15.4592 11.2818V1.76033C15.4592 1.54893 15.2862 1.37756 15.0727 1.37756H1.54592C1.33247 1.37756 1.15944 1.54893 1.15944 1.76033V18.985C1.15944 19.1964 1.33247 19.3678 1.54592 19.3678H9.27551C9.59568 19.3678 9.85523 19.6249 9.85523 19.942C9.85523 20.2591 9.59568 20.5161 9.27551 20.5161H1.54592C0.692131 20.5161 0 19.8306 0 18.985V1.76033Z" fill="#EB0203"></path>
                    <path fill-rule="evenodd" clip-rule="evenodd" d="M14.6254 13.8718C13.4921 12.8567 11.7821 12.7615 10.6574 13.7147C9.12472 15.0124 9.34891 17.128 10.4413 18.2493L14.0161 21.9126C14.2199 22.1217 14.493 22.2386 14.7824 22.2386C15.0739 22.2386 15.3449 22.1238 15.5487 21.9147L19.1235 18.2514C20.2139 17.13 20.4422 15.0144 18.9075 13.7147C17.7827 12.7634 16.0726 12.8569 14.9392 13.872C14.8856 13.92 14.8333 13.9701 14.7824 14.0222C14.7314 13.97 14.6791 13.9199 14.6254 13.8718ZM18.1546 14.588C19.0972 15.3869 18.9961 16.7262 18.2891 17.4541C18.2888 17.4543 18.2886 17.4546 18.2884 17.4548L14.7834 21.0466L11.2757 17.452C11.2756 17.4519 11.2755 17.4517 11.2753 17.4516C10.5681 16.7252 10.4682 15.3856 11.4108 14.5876L11.4112 14.5872C12.0748 14.0248 13.202 14.0556 13.949 14.8205L14.7824 15.674L15.6158 14.8205C16.3618 14.0567 17.4896 14.0256 18.1545 14.5879" fill="#EB0203"></path>
                    </svg>
                    </button>
                    </div>
                    <div class="col-sm-10 col-12">
                    <div class="ct-tile-quantity d-none" data-pid="5060909">
                    <input type="hidden" class="add-to-cart-url" value="https://www.continente.pt/on/demandware.store/Sites-continente-Site/default/Cart-AddProduct" tabindex="-1">
                    <div class="d-none tile-delete-confirmation-btn" data-pid="5060909" data-delay-time="3000" data-in-cart-msg="no carrinho" data-one-product-added="Adicionado ao carrinho" data-remove-from-cart-msg="Removido do carrinho" data-stay-open="6000.0" data-confirmation-image="{&quot;url&quot;:&quot;https://www.continente.pt/dw/image/v2/BDVS_PRD/on/demandware.static/-/Sites-col-master-catalog/default/dw494b3803/images/col/506/5060909-frente.jpg?sw=87&amp;sh=80&quot;,&quot;fallbackimage&quot;:{&quot;url&quot;:&quot;https://www.continente.pt/dw/image/v2/BDVS_PRD/on/demandware.static/Sites-continente-Site/-/default/dw7c42b4da/images/noimagelarge_product.png?sw=87&amp;sh=80&quot;,&quot;title&quot;:&quot;Tortellini Fresco de 4 Queijos&quot;,&quot;alt&quot;:&quot;Tortellini Fresco de 4 Queijos&quot;},&quot;title&quot;:&quot;Tortellini Fresco de 4 Queijos&quot;,&quot;alt&quot;:&quot;Tortellini Fresco de 4 Queijos&quot;}"></div>
                    <div class="ct-tile-quantity-update quantity-update product-qty-vue" data-remove-action="https://www.continente.pt/on/demandware.store/Sites-continente-Site/default/Cart-RemoveProductLineItem" data-action="https://www.continente.pt/on/demandware.store/Sites-continente-Site/default/Cart-UpdateQuantity" data-dimension-update="https://www.continente.pt/on/demandware.store/Sites-continente-Site/default/Cart-DimensionUpdate" data-pid="5060909" data-uuid="d6455bc6867c6bfcb1a52e8e90" data-add-delay="500.0" data-measure-options="{&quot;hasConversionRate&quot;:true,&quot;hasAlternativeSaleUnit&quot;:false,&quot;primaryToSecondary&quot;:1,&quot;secondaryToPrimary&quot;:1,&quot;unitConversionRate&quot;:1,&quot;minOrderQuantity&quot;:1,&quot;stepQuantity&quot;:1,&quot;primaryunit&quot;:&quot;un&quot;,&quot;secondaryunit&quot;:&quot;kg&quot;,&quot;selectedunit&quot;:&quot;primary&quot;,&quot;maxNumberOfUnitsPerSale&quot;:50}" data-price-available="null" :data-has-error="isMaxQtyReached || isMinQtyReached || qtySelectedMoreThanOne">
                    <template v-show="prodUnits">
                    <div class="quantity-input-wrapper has-units">
                    <label class="visually-hidden" :for="'quantity-' + pid + additionalTag">
                    Quantidade no carrinho
                    </label>
                    <input :ref="'quantityInput-' + pid + additionalTag" class="add-to-cart-quantity form-control ct-form-input text-center" inputmode="numeric" :class="{'is-invalid': isInvalid}" :data-pid="pid + additionalTag" :name="'quantity-' + pid + additionalTag" type="text" aria-label="Insira a quantidade" title="" v-model="displayValue" @change="updateQuantity" @focus="updateQtyFormat" @blur="restoreQtyFormat" :disabled="!isPriceAvailable">
                    <span class="quantity-icon quantity-icon--minus">
                    <button class="decrease-quantity-btn" @click="updateQuantity" :disabled="!isPriceAvailable" role="button" aria-label="Reduzir quantidade">
                    <i class="css-math-minus"></i>
                    </button>
                    </span>
                    <span class="quantity-icon quantity-icon--plus">
                    <button class="increase-quantity-btn" @click="updateQuantity" :disabled="isMaxQtyReached || !isPriceAvailable" role="button" aria-label="Aumentar quantidade">
                    <i class="css-math-plus"></i>
                    </button>
                    <span class="quantity-btn-disabled-placeholder"></span>
                    </span>
                    <template v-if="isPDP">
                    <span class="quantity-error ct-span-error text-sm-center product-max-allocation" v-if="isMaxQtyReached">
                    Quantidade máxima atingida
                    </span>
                    <span class="quantity-error ct-span-product text-sm-center product-allocation" v-if="!isMinQtyReached &amp;&amp; !isMaxQtyReached">
                    {{quantitySelected}} no carrinho
                    </span>
                    <span class="quantity-error ct-span-error text-sm-center product-min-allocation" :data-pid="pid" v-if="isMinQtyReached &amp;&amp; !isMaxQtyReached">
                    Quantidade mínima atingida
                    </span>
                    </template>
                    </div>
                    <template v-if="showNotes">
                    <div class="add-note-link-container ">
                    <div class="add-note">
                    <a href="/produto/tortellini-fresco-de-4-queijos-rana-5060909.html?showNote=true" class="ct-add-note-redirect-pdp" aria-label="Adicionar comentário">
                    <span class="svg-wrapper svg-icon-notes" style="width:19px; height:20px">
                    <svg class="svg-inline icon-notes" viewBox="0 0 28 30" xmlns="http://www.w3.org/2000/svg" width="100%" height="100%"><path d="M21.738 0C22.985 0 24 1.04 24 2.319V12.47c0 .469-.37.848-.828.848-.457 0-.827-.38-.827-.848V2.32c0-.343-.273-.622-.607-.622H2.262c-.334 0-.607.279-.607.622V27.68c0 .343.273.622.607.622h7.81c.457 0 .827.38.827.849 0 .468-.37.848-.827.848h-7.81C1.015 30 0 28.96 0 27.681V2.32C0 1.04 1.015 0 2.262 0h19.476zm2.844 16.004l.227.007c.823.053 1.589.39 2.176.964.64.627.993 1.46.993 2.349 0 .888-.353 1.722-.993 2.348l-6.83 6.665c-.11.108-.247.186-.397.226l-5.032 1.363c-.078.021-.16.032-.241.032-.242 0-.478-.097-.647-.266-.23-.231-.314-.566-.218-.874l1.49-4.798c.044-.139.122-.266.227-.369l6.844-6.677c.64-.625 1.493-.97 2.401-.97zm-2.886 3.94l-4.922 4.802-.947 3.048 3.22-.872 4.897-4.78-2.248-2.197zm2.887-2.174c-.425 0-.824.162-1.124.455l-.484.472 2.248 2.197.484-.472c.62-.606.62-1.591 0-2.197l-.117-.104c-.283-.227-.636-.35-1.007-.35zm-10.839.022c.498 0 .904.396.904.883 0 .488-.406.884-.904.884H5.946c-.499 0-.904-.396-.904-.884 0-.487.405-.883.904-.883zm5.042-4.876c.498 0 .904.397.904.884s-.406.884-.904.884H5.946c-.499 0-.904-.397-.904-.884s.405-.884.904-.884zm0-4.875c.498 0 .904.396.904.884 0 .487-.406.883-.904.883H5.946c-.499 0-.904-.396-.904-.883 0-.488.405-.884.904-.884z" fill="#EB0203" fill-rule="evenodd"></path></svg>
                    </span>
                    <div class="available-note d-none"></div>
                    </a>
                    </div>
                    </div>
                    </template>
                    <div class="measurement-unit-section" v-if="isPriceAvailable &amp;&amp; prodUnits ? prodUnits.hasAlternativeUnit : false">
                    <div class="ct-form-radio" @click="setDimension">
                    <input type="radio" title="" class="ct-form-check-input product-measurement-unit" :data-type="prodUnits.selectedUnit == prodUnits.secondaryUnit ? 'primary' : ''" :id="prodUnits.secondaryUnit + '-' + pid + '-measurement-unit-ptile' + additionalTag" :name="'measurement-unit-' + pid + '-ptile' + additionalTag" :value="prodUnits.secondaryUnit" v-model="prodUnits.selectedUnit">
                    <label :class="prodUnits.secondaryUnit + '-label ct-form-check-label mb-0'" :for="prodUnits.secondaryUnit + '-' + pid + '-measurement-unit-ptile' + additionalTag">
                    {{prodUnits.secondaryUnit}}
                    </label>
                    <span class="checkmark"></span>
                    </div>
                    <div class="ct-form-radio" @click="setDimension">
                    <input type="radio" title="" class="ct-form-check-input product-measurement-unit" :data-type="prodUnits.selectedUnit == prodUnits.primaryUnit ? 'primary' : ''" :id="prodUnits.primaryUnit + '-' + pid + '-measurement-unit-ptile' + additionalTag" :name="'measurement-unit-' + pid + '-ptile' + additionalTag" :value="prodUnits.primaryUnit" v-model="prodUnits.selectedUnit">
                    <label :class="prodUnits.primaryUnit + '-label ct-form-check-label mb-0'" :for="prodUnits.primaryUnit + '-' + pid + '-measurement-unit-ptile' + additionalTag">
                    {{prodUnits.primaryUnit}}
                    </label>
                    <span class="checkmark"></span>
                    </div>
                    </div>
                    <template v-if="!isPDP &amp;&amp; isPriceAvailable">
                    <span class="quantity-error ct-span-error product-max-allocation" v-if="isMaxQtyReached">
                    Quantidade máxima atingida
                    </span>
                    <span class="quantity-error ct-span-product product-allocation" v-if="!isMinQtyReached &amp;&amp; !isMaxQtyReached">
                    {{quantitySelected}} no carrinho
                    </span>
                    <span class="quantity-error ct-span-error product-min-allocation" :data-pid="pid" v-if="isMinQtyReached &amp;&amp; !isMaxQtyReached">
                    Quantidade mínima atingida
                    </span>
                    </template>
                    </template>
                    </div>
                    <input class="quantity-value-mask d-none" name="quantity" type="number" min="0" value="" tabindex="-1">
                    </div>
                    <button type="button" class="add-to-cart button js-add-to-cart js-add-to-cart-tile 5060909 button--primary dynamic-layout-btn" data-toggle="modal" data-target="#chooseBonusProductModal" data-pid="5060909" data-quantity-value="null" aria-label="Carrinho" tabindex="-1">
                    <span class="d-block d-sm-none">
                    <span class="svg-wrapper svg-icon-cart" style="width:20px; height:20px">
                    <svg class="svg-inline icon-cart" xmlns="http://www.w3.org/2000/svg" viewBox="0 0 500 500" width="100%" height="100%"><path fill="#EB0203" fill-rule="evenodd" d="M 485.67317,94.386311 C 476.37798,83.847129 463.09468,78.03348 448.30404,78.03348 H 90.690813 L 87.079511,51.327997 C 83.185582,22.539551 62.962285,0 41.011841,0 H 14.727836 C 6.563151,0 0,6.5286975 0,14.580758 c 0,8.05206 6.5945535,14.580758 14.727836,14.580758 h 26.284005 c 4.710398,0 14.696435,9.855222 16.894619,26.021523 L 100.01739,368.0631 c 1.88416,13.77244 9.01256,26.70549 20.1605,36.37417 8.25889,7.15046 18.02511,11.9071 28.26237,13.89679 -4.17655,7.58572 -6.53175,16.25957 -6.53175,25.493 0,29.53459 24.27424,53.59751 54.13815,53.59751 29.8325,0 54.13814,-24.03184 54.13814,-53.59751 0,-8.79818 -2.19818,-17.09897 -5.9979,-24.43598 h 77.12488 c -3.79973,7.33701 -5.96652,15.6378 -5.96652,24.43598 0,29.53459 24.27424,53.59751 54.13817,53.59751 29.83249,0 54.13814,-24.03184 54.13814,-53.59751 0,-8.79818 -2.1982,-17.09897 -5.9979,-24.43598 h 38.56243 c 8.13328,0 14.72783,-6.5287 14.72783,-14.61183 0,-8.02098 -6.59455,-14.54967 -14.72783,-14.54967 H 159.24277 c -14.38241,0 -28.13677,-11.90711 -30.02092,-26.02153 l -3.07746,-22.88154 h 290.6314 c 14.03698,0 27.94834,-5.28513 39.06488,-14.95381 11.11652,-9.6376 18.27632,-22.57065 20.16048,-36.37417 l 21.10259,-156.78201 c 1.94694,-14.51858 -2.10398,-28.29103 -11.43057,-38.861299 z M 220.76053,443.82706 c 0,13.49265 -11.08513,24.46709 -24.68247,24.46709 -13.62874,0 -24.71387,-10.97444 -24.71387,-24.46709 0,-13.49262 11.08513,-24.43598 24.71387,-24.43598 13.59734,0 24.68247,10.94336 24.68247,24.43598 z m 173.43675,0 c 0,13.49265 -11.08512,24.46709 -24.68245,24.46709 -13.62876,0 -24.71388,-10.97444 -24.71388,-24.46709 0,-13.49262 11.08512,-24.43598 24.71388,-24.43598 13.59733,0 24.68245,10.94336 24.68245,24.43598 z m 73.7648,-314.46558 -21.13397,156.782 c -1.88416,14.11442 -15.63851,26.05261 -30.02091,26.05261 H 122.25046 L 94.616142,107.19499 H 448.33544 c 6.18632,0 11.61896,2.2695 15.23028,6.37326 3.64269,4.13484 5.21283,9.73086 4.39636,15.79323 z"></path></svg>
                    </span>
                    </span>
                    <span class="add-to-cart--text d-none d-sm-block">Carrinho</span>
                    </button>
                    </div>
                    </div>
                    </div>
                    </div>
                    
                    <div class="col-12 d-sm-none">
                    </div>
                    </div>
                    </div>
                    </div>
                    </div><div class="pd-tile-wrap slick-slide" data-idx="8" style="width: 276px; height: auto;" data-slick-index="7" aria-hidden="true" tabindex="-1" role="tabpanel" id="slick-slide07">
                    
                    <script type="text/javascript">//<!--
                    /* <![CDATA[ */
                    (function(){
                    try {
                        if(window.CQuotient) {
                            var cq_params = {};
                            cq_params.cookieId = window.CQuotient.getCQCookieId();
                            cq_params.userId = window.CQuotient.getCQUserId();
                            cq_params.emailId = CQuotient.getCQHashedEmail();
                            cq_params.loginId = CQuotient.getCQHashedLogin();
                            cq_params.accumulate = true;
                            cq_params.products = [{
                                id: '5060891',
                                sku: '',
                                type: '',
                                alt_id: ''
                            }];
                            cq_params.recommenderName = '__UNDEFINED__';
                            cq_params.realm = "BDVS";
                            cq_params.siteId = "continente";
                            cq_params.instanceType = "prd";
                            cq_params.locale = window.CQuotient.locale;
                            cq_params.slotId = '';
                            cq_params.slotConfigId = '';
                            cq_params.slotConfigTemplate = '';
                            if(window.CQuotient.sendActivity)
                                window.CQuotient.sendActivity( CQuotient.clientId, 'viewReco', cq_params );
                            else
                                window.CQuotient.activities.push( {activityType: 'viewReco', parameters: cq_params} );
                        }
                    } catch(err) {}
                    })();
                    /* ]]> */
                    // -->
                    </script>
                    <script type="text/javascript">//<!--
                    /* <![CDATA[ (viewProduct-active_data.js) */
                    dw.ac._capture({id: "5060891", type: "recommendation"});
                    /* ]]> */
                    // -->
                    </script>
                    <div class="product" data-pid="5060891">
                    <div class="product-tile pid-5060891   ct-product-tile " data-delay-time="3000" data-variants-mapping="[]" data-in-cart-msg="no carrinho" data-one-product-added="Adicionado ao carrinho" data-remove-from-cart-msg="Removido do carrinho" data-stay-open="6000.0" data-product-tile-impression="{&quot;name&quot;:&quot;5060891&quot;,&quot;id&quot;:&quot;5060891&quot;,&quot;price&quot;:3.29,&quot;brand&quot;:&quot;Rana&quot;,&quot;category&quot;:[{&quot;category_level_1&quot;:&quot;Take-Away&quot;},{&quot;category_level_2&quot;:&quot;Massas Frescas e Noodles&quot;},{&quot;category_level_3&quot;:&quot;Massas Simples e Recheadas&quot;}],&quot;variant&quot;:&quot;&quot;}">
                    <div class="ct-inner-tile-wrap row no-gutters justify-content-center align-content-start">
                    
                    <div class="ct-image-container col-4 col-sm" data-confirmation-image="{&quot;url&quot;:&quot;https://www.continente.pt/dw/image/v2/BDVS_PRD/on/demandware.static/-/Sites-col-master-catalog/default/dw9d1ec1de/images/col/506/5060891-frente.jpg?sw=87&amp;sh=80&quot;,&quot;fallbackimage&quot;:{&quot;url&quot;:&quot;https://www.continente.pt/dw/image/v2/BDVS_PRD/on/demandware.static/Sites-continente-Site/-/default/dw7c42b4da/images/noimagelarge_product.png?sw=87&amp;sh=80&quot;,&quot;title&quot;:&quot;Tortellini Fresco com Fiambre e Queijo&quot;,&quot;alt&quot;:&quot;Tortellini Fresco com Fiambre e Queijo&quot;},&quot;title&quot;:&quot;Tortellini Fresco com Fiambre e Queijo&quot;,&quot;alt&quot;:&quot;Tortellini Fresco com Fiambre e Queijo&quot;}">
                    <a href="https://www.continente.pt/produto/tortellini-fresco-com-fiambre-e-queijo-rana-5060891.html?cgid=home" tabindex="-1">
                    <picture class="intrinsic intrinsic--square">
                    <img class="ct-tile-image lazyloaded" loading="lazy" onerror="this.onerror=null;this.src='/on/demandware.static/Sites-continente-Site/-/default/dw7c42b4da/images/noimagelarge_product.png';" data-src="https://www.continente.pt/dw/image/v2/BDVS_PRD/on/demandware.static/-/Sites-col-master-catalog/default/dw9d1ec1de/images/col/506/5060891-frente.jpg?sw=280&amp;sh=280" alt="Tortellini Fresco com Fiambre e Queijo" title="Tortellini Fresco com Fiambre e Queijo" src="https://www.continente.pt/dw/image/v2/BDVS_PRD/on/demandware.static/-/Sites-col-master-catalog/default/dw9d1ec1de/images/col/506/5060891-frente.jpg?sw=280&amp;sh=280">
                    </picture>
                    </a>
                    <div class="color-swatches d-flex" style="margin-left: 5px;">
                    <div class="swatches d-flex">
                    </div>
                    </div>
                    </div>
                    <div class="ct-tile-body col col-sm-auto ">
                    <div class="ct-pdp-details">
                    <div class="ct-pdp-link">
                    <a class="ct-tile--description" href="https://www.continente.pt/produto/tortellini-fresco-com-fiambre-e-queijo-rana-5060891.html?cgid=home" tabindex="-1">Tortellini Fresco com Fiambre e Queijo</a>
                    <div class="ct-tile--favorite-top d-sm-none">
                    <button class="wishlist-toggler guest-mode inactive button button--tertiary" data-pid="5060891" data-add-url="https://www.continente.pt/on/demandware.store/Sites-continente-Site/default/Wishlist-AddProduct?pid=5060891" data-toggle="tooltip" aria-label="Adicionar aos favoritos " data-original-title="Adicionar aos favoritos" data-placement="top" tabindex="-1">
                    <svg class="active-content" width="100%" height="100%" viewBox="0 0 20 22" fill="none" xmlns="http://www.w3.org/2000/svg">
                    <path fill-rule="evenodd" clip-rule="evenodd" d="M0 1.53052C0 0.685236 0.692171 0 1.54601 0H15.0736C15.9274 0 16.6196 0.685235 16.6196 1.53052V13.4064L15.8127 13.922L14.2658 14.2658L12.7189 13.4064L10.6054 14.3818C10.4994 14.2451 10.3327 14.157 10.1452 14.157H6.76329C6.4431 14.157 6.18354 14.414 6.18354 14.731C6.18354 15.0479 6.4431 15.3049 6.76329 15.3049H10.1452C10.2478 15.3049 10.3441 15.2785 10.4277 15.2322L10.3126 16.8439L13.2345 20.2793H1.54601C0.69217 20.2793 0 19.5941 0 18.7488V1.53052ZM6.18354 5.5483C6.18354 5.23132 6.4431 4.97436 6.76329 4.97436H12.3676C12.6878 4.97436 12.9473 5.23132 12.9473 5.5483C12.9473 5.86528 12.6878 6.12224 12.3676 6.12224H6.76329C6.4431 6.12224 6.18354 5.86528 6.18354 5.5483ZM6.76329 11.0961C6.4431 11.0961 6.18354 11.3531 6.18354 11.6701C6.18354 11.987 6.4431 12.244 6.76329 12.244H12.3676C12.6878 12.244 12.9473 11.987 12.9473 11.6701C12.9473 11.3531 12.6878 11.0961 12.3676 11.0961H6.76329ZM6.18354 8.60985C6.18354 8.29287 6.4431 8.03591 6.76329 8.03591H12.3676C12.6878 8.03591 12.9473 8.29287 12.9473 8.60985C12.9473 8.92684 12.6878 9.1838 12.3676 9.1838H6.76329C6.4431 9.1838 6.18354 8.92684 6.18354 8.60985ZM3.67118 5.5483C3.67118 5.23132 3.93075 4.97436 4.25093 4.97436H4.63743C4.95762 4.97436 5.21719 5.23132 5.21719 5.5483C5.21719 5.86528 4.95762 6.12224 4.63743 6.12224H4.25093C3.93075 6.12224 3.67118 5.86528 3.67118 5.5483ZM4.25093 11.0961C3.93075 11.0961 3.67118 11.3531 3.67118 11.6701C3.67118 11.987 3.93075 12.244 4.25093 12.244H4.63743C4.95762 12.244 5.21719 11.987 5.21719 11.6701C5.21719 11.3531 4.95762 11.0961 4.63743 11.0961H4.25093ZM3.67118 8.60985C3.67118 8.29287 3.93075 8.03591 4.25093 8.03591H4.63743C4.95762 8.03591 5.21719 8.29287 5.21719 8.60985C5.21719 8.92684 4.95762 9.1838 4.63743 9.1838H4.25093C3.93075 9.1838 3.67118 8.92684 3.67118 8.60985ZM4.25093 14.157C3.93075 14.157 3.67118 14.414 3.67118 14.731C3.67118 15.0479 3.93075 15.3049 4.25093 15.3049H4.63743C4.95762 15.3049 5.21719 15.0479 5.21719 14.731C5.21719 14.414 4.95762 14.157 4.63743 14.157H4.25093Z" fill="#EB0203"></path>
                    <path fill-rule="evenodd" clip-rule="evenodd" d="M14.6252 13.6363C13.4918 12.6215 11.7817 12.5264 10.6569 13.4792C9.12421 14.7764 9.34841 16.8912 10.4409 18.0122L14.0159 21.6742C14.2197 21.8832 14.4928 22 14.7822 22C15.0737 22 15.3448 21.8852 15.5486 21.6762L19.1236 18.0142C20.214 16.8933 20.4423 14.7785 18.9075 13.4792C17.7827 12.5283 16.0724 12.6217 14.9391 13.6365C14.8855 13.6845 14.8331 13.7345 14.7822 13.7866C14.7313 13.7345 14.6789 13.6843 14.6252 13.6363ZM18.1546 14.3522C19.0973 15.1508 18.9962 16.4896 18.2891 17.2173C18.2888 17.2175 18.2886 17.2177 18.2884 17.218L14.7832 20.8084L11.2753 17.2151C11.2752 17.215 11.2751 17.2149 11.2749 17.2148C10.5677 16.4887 10.4678 15.1495 11.4104 14.3518L11.4108 14.3514C12.0745 13.7892 13.2018 13.82 13.9488 14.5846L14.7822 15.4378L15.6157 14.5846C16.3617 13.8211 17.4896 13.79 18.1545 14.3521" fill="#EB0203"></path>
                    </svg>
                    <svg class="inactive-content" width="100%" height="100%" viewBox="0 0 20 23" fill="none" xmlns="http://www.w3.org/2000/svg">
                    <path fill-rule="evenodd" clip-rule="evenodd" d="M6.18408 5.77914C6.18408 5.46223 6.44363 5.20532 6.7638 5.20532H12.3678C12.6879 5.20532 12.9475 5.46223 12.9475 5.77914C12.9475 6.09606 12.6879 6.35297 12.3678 6.35297H6.7638C6.44363 6.35297 6.18408 6.09606 6.18408 5.77914Z" fill="#EB0203"></path>
                    <path fill-rule="evenodd" clip-rule="evenodd" d="M6.18408 11.9034C6.18408 11.5865 6.44363 11.3296 6.7638 11.3296H12.3678C12.6879 11.3296 12.9475 11.5865 12.9475 11.9034C12.9475 12.2202 12.6879 12.4771 12.3678 12.4771H6.7638C6.44363 12.4771 6.18408 12.2202 6.18408 11.9034Z" fill="#EB0203"></path>
                    <path fill-rule="evenodd" clip-rule="evenodd" d="M6.18408 8.84116C6.18408 8.52424 6.44363 8.26733 6.7638 8.26733H12.3678C12.6879 8.26733 12.9475 8.52424 12.9475 8.84116C12.9475 9.15807 12.6879 9.41498 12.3678 9.41498H6.7638C6.44363 9.41498 6.18408 9.15807 6.18408 8.84116Z" fill="#EB0203"></path>
                    <path fill-rule="evenodd" clip-rule="evenodd" d="M6.18408 14.9655C6.18408 14.6486 6.44363 14.3917 6.7638 14.3917H10.1455C10.4657 14.3917 10.7252 14.6486 10.7252 14.9655C10.7252 15.2825 10.4657 15.5394 10.1455 15.5394H6.7638C6.44363 15.5394 6.18408 15.2825 6.18408 14.9655Z" fill="#EB0203"></path>
                    <path fill-rule="evenodd" clip-rule="evenodd" d="M3.67139 5.77914C3.67139 5.46223 3.93094 5.20532 4.25111 5.20532H4.63759C4.95776 5.20532 5.21731 5.46223 5.21731 5.77914C5.21731 6.09606 4.95776 6.35297 4.63759 6.35297H4.25111C3.93094 6.35297 3.67139 6.09606 3.67139 5.77914Z" fill="#EB0203"></path>
                    <path fill-rule="evenodd" clip-rule="evenodd" d="M3.67139 11.9034C3.67139 11.5865 3.93094 11.3296 4.25111 11.3296H4.63759C4.95776 11.3296 5.21731 11.5865 5.21731 11.9034C5.21731 12.2202 4.95776 12.4771 4.63759 12.4771H4.25111C3.93094 12.4771 3.67139 12.2202 3.67139 11.9034Z" fill="#EB0203"></path>
                    <path fill-rule="evenodd" clip-rule="evenodd" d="M3.67139 8.84116C3.67139 8.52424 3.93094 8.26733 4.25111 8.26733H4.63759C4.95776 8.26733 5.21731 8.52424 5.21731 8.84116C5.21731 9.15807 4.95776 9.41498 4.63759 9.41498H4.25111C3.93094 9.41498 3.67139 9.15807 3.67139 8.84116Z" fill="#EB0203"></path>
                    <path fill-rule="evenodd" clip-rule="evenodd" d="M3.67139 14.9655C3.67139 14.6486 3.93094 14.3917 4.25111 14.3917H4.63759C4.95776 14.3917 5.21731 14.6486 5.21731 14.9655C5.21731 15.2825 4.95776 15.5394 4.63759 15.5394H4.25111C3.93094 15.5394 3.67139 15.2825 3.67139 14.9655Z" fill="#EB0203"></path>
                    <path fill-rule="evenodd" clip-rule="evenodd" d="M0 1.76033C0 0.914738 0.692131 0.229248 1.54592 0.229248H15.0727C15.9265 0.229248 16.6186 0.914738 16.6186 1.76033V11.2818C16.6186 11.5989 16.3591 11.8559 16.0389 11.8559C15.7187 11.8559 15.4592 11.5989 15.4592 11.2818V1.76033C15.4592 1.54893 15.2862 1.37756 15.0727 1.37756H1.54592C1.33247 1.37756 1.15944 1.54893 1.15944 1.76033V18.985C1.15944 19.1964 1.33247 19.3678 1.54592 19.3678H9.27551C9.59568 19.3678 9.85523 19.6249 9.85523 19.942C9.85523 20.2591 9.59568 20.5161 9.27551 20.5161H1.54592C0.692131 20.5161 0 19.8306 0 18.985V1.76033Z" fill="#EB0203"></path>
                    <path fill-rule="evenodd" clip-rule="evenodd" d="M14.6254 13.8718C13.4921 12.8567 11.7821 12.7615 10.6574 13.7147C9.12472 15.0124 9.34891 17.128 10.4413 18.2493L14.0161 21.9126C14.2199 22.1217 14.493 22.2386 14.7824 22.2386C15.0739 22.2386 15.3449 22.1238 15.5487 21.9147L19.1235 18.2514C20.2139 17.13 20.4422 15.0144 18.9075 13.7147C17.7827 12.7634 16.0726 12.8569 14.9392 13.872C14.8856 13.92 14.8333 13.9701 14.7824 14.0222C14.7314 13.97 14.6791 13.9199 14.6254 13.8718ZM18.1546 14.588C19.0972 15.3869 18.9961 16.7262 18.2891 17.4541C18.2888 17.4543 18.2886 17.4546 18.2884 17.4548L14.7834 21.0466L11.2757 17.452C11.2756 17.4519 11.2755 17.4517 11.2753 17.4516C10.5681 16.7252 10.4682 15.3856 11.4108 14.5876L11.4112 14.5872C12.0748 14.0248 13.202 14.0556 13.949 14.8205L14.7824 15.674L15.6158 14.8205C16.3618 14.0567 17.4896 14.0256 18.1545 14.5879" fill="#EB0203"></path>
                    </svg>
                    </button>
                    </div>
                    </div>
                    <p class="ct-tile--brand">Rana</p>
                    <p class="ct-tile--quantity">emb. 250 gr</p>
                    </div>
                    <div class="ct-tile-bottom row no-gutters justify-content-between">
                    <div class="ct-price-wrap col-8 col-sm-12">
                    <div class="price js-product-price">
                    <div class="prices-wrapper">
                    <span class="sales ct-tile--price-primary ">
                    <span class="value" content="3.29">
                    <span class="ct-price-formatted">
                    €3,29
                    </span>
                    <span class="ct-m-unit">
                    /un
                    </span>
                    </span>
                    </span>
                    </div>
                    
                    <div class="ct-tile--price-secondary">
                    <span class="ct-price-value">
                    €13,16
                    </span>
                    <span class="ct-m-unit">
                    /kg
                    </span>
                    </div>
                    </div>
                    </div>
                    <div class="ct-tile-buy-section d-flex justify-content-center no-gutters col-auto col-sm-12">
                    <div class="col-2 d-sm-flex d-none">
                    <button class="wishlist-toggler guest-mode inactive button button--tertiary" data-pid="5060891" data-add-url="https://www.continente.pt/on/demandware.store/Sites-continente-Site/default/Wishlist-AddProduct?pid=5060891" data-toggle="tooltip" aria-label="Adicionar aos favoritos " data-original-title="Adicionar aos favoritos" data-placement="top" tabindex="-1">
                    <svg class="active-content" width="100%" height="100%" viewBox="0 0 20 22" fill="none" xmlns="http://www.w3.org/2000/svg">
                    <path fill-rule="evenodd" clip-rule="evenodd" d="M0 1.53052C0 0.685236 0.692171 0 1.54601 0H15.0736C15.9274 0 16.6196 0.685235 16.6196 1.53052V13.4064L15.8127 13.922L14.2658 14.2658L12.7189 13.4064L10.6054 14.3818C10.4994 14.2451 10.3327 14.157 10.1452 14.157H6.76329C6.4431 14.157 6.18354 14.414 6.18354 14.731C6.18354 15.0479 6.4431 15.3049 6.76329 15.3049H10.1452C10.2478 15.3049 10.3441 15.2785 10.4277 15.2322L10.3126 16.8439L13.2345 20.2793H1.54601C0.69217 20.2793 0 19.5941 0 18.7488V1.53052ZM6.18354 5.5483C6.18354 5.23132 6.4431 4.97436 6.76329 4.97436H12.3676C12.6878 4.97436 12.9473 5.23132 12.9473 5.5483C12.9473 5.86528 12.6878 6.12224 12.3676 6.12224H6.76329C6.4431 6.12224 6.18354 5.86528 6.18354 5.5483ZM6.76329 11.0961C6.4431 11.0961 6.18354 11.3531 6.18354 11.6701C6.18354 11.987 6.4431 12.244 6.76329 12.244H12.3676C12.6878 12.244 12.9473 11.987 12.9473 11.6701C12.9473 11.3531 12.6878 11.0961 12.3676 11.0961H6.76329ZM6.18354 8.60985C6.18354 8.29287 6.4431 8.03591 6.76329 8.03591H12.3676C12.6878 8.03591 12.9473 8.29287 12.9473 8.60985C12.9473 8.92684 12.6878 9.1838 12.3676 9.1838H6.76329C6.4431 9.1838 6.18354 8.92684 6.18354 8.60985ZM3.67118 5.5483C3.67118 5.23132 3.93075 4.97436 4.25093 4.97436H4.63743C4.95762 4.97436 5.21719 5.23132 5.21719 5.5483C5.21719 5.86528 4.95762 6.12224 4.63743 6.12224H4.25093C3.93075 6.12224 3.67118 5.86528 3.67118 5.5483ZM4.25093 11.0961C3.93075 11.0961 3.67118 11.3531 3.67118 11.6701C3.67118 11.987 3.93075 12.244 4.25093 12.244H4.63743C4.95762 12.244 5.21719 11.987 5.21719 11.6701C5.21719 11.3531 4.95762 11.0961 4.63743 11.0961H4.25093ZM3.67118 8.60985C3.67118 8.29287 3.93075 8.03591 4.25093 8.03591H4.63743C4.95762 8.03591 5.21719 8.29287 5.21719 8.60985C5.21719 8.92684 4.95762 9.1838 4.63743 9.1838H4.25093C3.93075 9.1838 3.67118 8.92684 3.67118 8.60985ZM4.25093 14.157C3.93075 14.157 3.67118 14.414 3.67118 14.731C3.67118 15.0479 3.93075 15.3049 4.25093 15.3049H4.63743C4.95762 15.3049 5.21719 15.0479 5.21719 14.731C5.21719 14.414 4.95762 14.157 4.63743 14.157H4.25093Z" fill="#EB0203"></path>
                    <path fill-rule="evenodd" clip-rule="evenodd" d="M14.6252 13.6363C13.4918 12.6215 11.7817 12.5264 10.6569 13.4792C9.12421 14.7764 9.34841 16.8912 10.4409 18.0122L14.0159 21.6742C14.2197 21.8832 14.4928 22 14.7822 22C15.0737 22 15.3448 21.8852 15.5486 21.6762L19.1236 18.0142C20.214 16.8933 20.4423 14.7785 18.9075 13.4792C17.7827 12.5283 16.0724 12.6217 14.9391 13.6365C14.8855 13.6845 14.8331 13.7345 14.7822 13.7866C14.7313 13.7345 14.6789 13.6843 14.6252 13.6363ZM18.1546 14.3522C19.0973 15.1508 18.9962 16.4896 18.2891 17.2173C18.2888 17.2175 18.2886 17.2177 18.2884 17.218L14.7832 20.8084L11.2753 17.2151C11.2752 17.215 11.2751 17.2149 11.2749 17.2148C10.5677 16.4887 10.4678 15.1495 11.4104 14.3518L11.4108 14.3514C12.0745 13.7892 13.2018 13.82 13.9488 14.5846L14.7822 15.4378L15.6157 14.5846C16.3617 13.8211 17.4896 13.79 18.1545 14.3521" fill="#EB0203"></path>
                    </svg>
                    <svg class="inactive-content" width="100%" height="100%" viewBox="0 0 20 23" fill="none" xmlns="http://www.w3.org/2000/svg">
                    <path fill-rule="evenodd" clip-rule="evenodd" d="M6.18408 5.77914C6.18408 5.46223 6.44363 5.20532 6.7638 5.20532H12.3678C12.6879 5.20532 12.9475 5.46223 12.9475 5.77914C12.9475 6.09606 12.6879 6.35297 12.3678 6.35297H6.7638C6.44363 6.35297 6.18408 6.09606 6.18408 5.77914Z" fill="#EB0203"></path>
                    <path fill-rule="evenodd" clip-rule="evenodd" d="M6.18408 11.9034C6.18408 11.5865 6.44363 11.3296 6.7638 11.3296H12.3678C12.6879 11.3296 12.9475 11.5865 12.9475 11.9034C12.9475 12.2202 12.6879 12.4771 12.3678 12.4771H6.7638C6.44363 12.4771 6.18408 12.2202 6.18408 11.9034Z" fill="#EB0203"></path>
                    <path fill-rule="evenodd" clip-rule="evenodd" d="M6.18408 8.84116C6.18408 8.52424 6.44363 8.26733 6.7638 8.26733H12.3678C12.6879 8.26733 12.9475 8.52424 12.9475 8.84116C12.9475 9.15807 12.6879 9.41498 12.3678 9.41498H6.7638C6.44363 9.41498 6.18408 9.15807 6.18408 8.84116Z" fill="#EB0203"></path>
                    <path fill-rule="evenodd" clip-rule="evenodd" d="M6.18408 14.9655C6.18408 14.6486 6.44363 14.3917 6.7638 14.3917H10.1455C10.4657 14.3917 10.7252 14.6486 10.7252 14.9655C10.7252 15.2825 10.4657 15.5394 10.1455 15.5394H6.7638C6.44363 15.5394 6.18408 15.2825 6.18408 14.9655Z" fill="#EB0203"></path>
                    <path fill-rule="evenodd" clip-rule="evenodd" d="M3.67139 5.77914C3.67139 5.46223 3.93094 5.20532 4.25111 5.20532H4.63759C4.95776 5.20532 5.21731 5.46223 5.21731 5.77914C5.21731 6.09606 4.95776 6.35297 4.63759 6.35297H4.25111C3.93094 6.35297 3.67139 6.09606 3.67139 5.77914Z" fill="#EB0203"></path>
                    <path fill-rule="evenodd" clip-rule="evenodd" d="M3.67139 11.9034C3.67139 11.5865 3.93094 11.3296 4.25111 11.3296H4.63759C4.95776 11.3296 5.21731 11.5865 5.21731 11.9034C5.21731 12.2202 4.95776 12.4771 4.63759 12.4771H4.25111C3.93094 12.4771 3.67139 12.2202 3.67139 11.9034Z" fill="#EB0203"></path>
                    <path fill-rule="evenodd" clip-rule="evenodd" d="M3.67139 8.84116C3.67139 8.52424 3.93094 8.26733 4.25111 8.26733H4.63759C4.95776 8.26733 5.21731 8.52424 5.21731 8.84116C5.21731 9.15807 4.95776 9.41498 4.63759 9.41498H4.25111C3.93094 9.41498 3.67139 9.15807 3.67139 8.84116Z" fill="#EB0203"></path>
                    <path fill-rule="evenodd" clip-rule="evenodd" d="M3.67139 14.9655C3.67139 14.6486 3.93094 14.3917 4.25111 14.3917H4.63759C4.95776 14.3917 5.21731 14.6486 5.21731 14.9655C5.21731 15.2825 4.95776 15.5394 4.63759 15.5394H4.25111C3.93094 15.5394 3.67139 15.2825 3.67139 14.9655Z" fill="#EB0203"></path>
                    <path fill-rule="evenodd" clip-rule="evenodd" d="M0 1.76033C0 0.914738 0.692131 0.229248 1.54592 0.229248H15.0727C15.9265 0.229248 16.6186 0.914738 16.6186 1.76033V11.2818C16.6186 11.5989 16.3591 11.8559 16.0389 11.8559C15.7187 11.8559 15.4592 11.5989 15.4592 11.2818V1.76033C15.4592 1.54893 15.2862 1.37756 15.0727 1.37756H1.54592C1.33247 1.37756 1.15944 1.54893 1.15944 1.76033V18.985C1.15944 19.1964 1.33247 19.3678 1.54592 19.3678H9.27551C9.59568 19.3678 9.85523 19.6249 9.85523 19.942C9.85523 20.2591 9.59568 20.5161 9.27551 20.5161H1.54592C0.692131 20.5161 0 19.8306 0 18.985V1.76033Z" fill="#EB0203"></path>
                    <path fill-rule="evenodd" clip-rule="evenodd" d="M14.6254 13.8718C13.4921 12.8567 11.7821 12.7615 10.6574 13.7147C9.12472 15.0124 9.34891 17.128 10.4413 18.2493L14.0161 21.9126C14.2199 22.1217 14.493 22.2386 14.7824 22.2386C15.0739 22.2386 15.3449 22.1238 15.5487 21.9147L19.1235 18.2514C20.2139 17.13 20.4422 15.0144 18.9075 13.7147C17.7827 12.7634 16.0726 12.8569 14.9392 13.872C14.8856 13.92 14.8333 13.9701 14.7824 14.0222C14.7314 13.97 14.6791 13.9199 14.6254 13.8718ZM18.1546 14.588C19.0972 15.3869 18.9961 16.7262 18.2891 17.4541C18.2888 17.4543 18.2886 17.4546 18.2884 17.4548L14.7834 21.0466L11.2757 17.452C11.2756 17.4519 11.2755 17.4517 11.2753 17.4516C10.5681 16.7252 10.4682 15.3856 11.4108 14.5876L11.4112 14.5872C12.0748 14.0248 13.202 14.0556 13.949 14.8205L14.7824 15.674L15.6158 14.8205C16.3618 14.0567 17.4896 14.0256 18.1545 14.5879" fill="#EB0203"></path>
                    </svg>
                    </button>
                    </div>
                    <div class="col-sm-10 col-12">
                    
                    <div class="ct-tile-quantity d-none" data-pid="5060891">
                    <input type="hidden" class="add-to-cart-url" value="https://www.continente.pt/on/demandware.store/Sites-continente-Site/default/Cart-AddProduct" tabindex="-1">
                    <div class="d-none tile-delete-confirmation-btn" data-pid="5060891" data-delay-time="3000" data-in-cart-msg="no carrinho" data-one-product-added="Adicionado ao carrinho" data-remove-from-cart-msg="Removido do carrinho" data-stay-open="6000.0" data-confirmation-image="{&quot;url&quot;:&quot;https://www.continente.pt/dw/image/v2/BDVS_PRD/on/demandware.static/-/Sites-col-master-catalog/default/dw9d1ec1de/images/col/506/5060891-frente.jpg?sw=87&amp;sh=80&quot;,&quot;fallbackimage&quot;:{&quot;url&quot;:&quot;https://www.continente.pt/dw/image/v2/BDVS_PRD/on/demandware.static/Sites-continente-Site/-/default/dw7c42b4da/images/noimagelarge_product.png?sw=87&amp;sh=80&quot;,&quot;title&quot;:&quot;Tortellini Fresco com Fiambre e Queijo&quot;,&quot;alt&quot;:&quot;Tortellini Fresco com Fiambre e Queijo&quot;},&quot;title&quot;:&quot;Tortellini Fresco com Fiambre e Queijo&quot;,&quot;alt&quot;:&quot;Tortellini Fresco com Fiambre e Queijo&quot;}"></div>
                    <div class="ct-tile-quantity-update quantity-update product-qty-vue" data-remove-action="https://www.continente.pt/on/demandware.store/Sites-continente-Site/default/Cart-RemoveProductLineItem" data-action="https://www.continente.pt/on/demandware.store/Sites-continente-Site/default/Cart-UpdateQuantity" data-dimension-update="https://www.continente.pt/on/demandware.store/Sites-continente-Site/default/Cart-DimensionUpdate" data-pid="5060891" data-uuid="2b9c4da7932fc17de25eff7067" data-add-delay="500.0" data-measure-options="{&quot;hasConversionRate&quot;:true,&quot;hasAlternativeSaleUnit&quot;:false,&quot;primaryToSecondary&quot;:1,&quot;secondaryToPrimary&quot;:1,&quot;unitConversionRate&quot;:1,&quot;minOrderQuantity&quot;:1,&quot;stepQuantity&quot;:1,&quot;primaryunit&quot;:&quot;un&quot;,&quot;secondaryunit&quot;:&quot;kg&quot;,&quot;selectedunit&quot;:&quot;primary&quot;,&quot;maxNumberOfUnitsPerSale&quot;:50}" data-price-available="null" :data-has-error="isMaxQtyReached || isMinQtyReached || qtySelectedMoreThanOne">
                    <template v-show="prodUnits">
                    <div class="quantity-input-wrapper has-units">
                    <label class="visually-hidden" :for="'quantity-' + pid + additionalTag">
                    Quantidade no carrinho
                    </label>
                    <input :ref="'quantityInput-' + pid + additionalTag" class="add-to-cart-quantity form-control ct-form-input text-center" inputmode="numeric" :class="{'is-invalid': isInvalid}" :data-pid="pid + additionalTag" :name="'quantity-' + pid + additionalTag" type="text" aria-label="Insira a quantidade" title="" v-model="displayValue" @change="updateQuantity" @focus="updateQtyFormat" @blur="restoreQtyFormat" :disabled="!isPriceAvailable">
                    <span class="quantity-icon quantity-icon--minus">
                    <button class="decrease-quantity-btn" @click="updateQuantity" :disabled="!isPriceAvailable" role="button" aria-label="Reduzir quantidade">
                    <i class="css-math-minus"></i>
                    </button>
                    </span>
                    <span class="quantity-icon quantity-icon--plus">
                    <button class="increase-quantity-btn" @click="updateQuantity" :disabled="isMaxQtyReached || !isPriceAvailable" role="button" aria-label="Aumentar quantidade">
                    <i class="css-math-plus"></i>
                    </button>
                    <span class="quantity-btn-disabled-placeholder"></span>
                    </span>
                    <template v-if="isPDP">
                    <span class="quantity-error ct-span-error text-sm-center product-max-allocation" v-if="isMaxQtyReached">
                    Quantidade máxima atingida
                    </span>
                    <span class="quantity-error ct-span-product text-sm-center product-allocation" v-if="!isMinQtyReached &amp;&amp; !isMaxQtyReached">
                    {{quantitySelected}} no carrinho
                    </span>
                    <span class="quantity-error ct-span-error text-sm-center product-min-allocation" :data-pid="pid" v-if="isMinQtyReached &amp;&amp; !isMaxQtyReached">
                    Quantidade mínima atingida
                    </span>
                    </template>
                    </div>
                    <template v-if="showNotes">
                    <div class="add-note-link-container ">
                    <div class="add-note">
                    <a href="/produto/tortellini-fresco-com-fiambre-e-queijo-rana-5060891.html?showNote=true" class="ct-add-note-redirect-pdp" aria-label="Adicionar comentário">
                    <span class="svg-wrapper svg-icon-notes" style="width:19px; height:20px">
                    <svg class="svg-inline icon-notes" viewBox="0 0 28 30" xmlns="http://www.w3.org/2000/svg" width="100%" height="100%"><path d="M21.738 0C22.985 0 24 1.04 24 2.319V12.47c0 .469-.37.848-.828.848-.457 0-.827-.38-.827-.848V2.32c0-.343-.273-.622-.607-.622H2.262c-.334 0-.607.279-.607.622V27.68c0 .343.273.622.607.622h7.81c.457 0 .827.38.827.849 0 .468-.37.848-.827.848h-7.81C1.015 30 0 28.96 0 27.681V2.32C0 1.04 1.015 0 2.262 0h19.476zm2.844 16.004l.227.007c.823.053 1.589.39 2.176.964.64.627.993 1.46.993 2.349 0 .888-.353 1.722-.993 2.348l-6.83 6.665c-.11.108-.247.186-.397.226l-5.032 1.363c-.078.021-.16.032-.241.032-.242 0-.478-.097-.647-.266-.23-.231-.314-.566-.218-.874l1.49-4.798c.044-.139.122-.266.227-.369l6.844-6.677c.64-.625 1.493-.97 2.401-.97zm-2.886 3.94l-4.922 4.802-.947 3.048 3.22-.872 4.897-4.78-2.248-2.197zm2.887-2.174c-.425 0-.824.162-1.124.455l-.484.472 2.248 2.197.484-.472c.62-.606.62-1.591 0-2.197l-.117-.104c-.283-.227-.636-.35-1.007-.35zm-10.839.022c.498 0 .904.396.904.883 0 .488-.406.884-.904.884H5.946c-.499 0-.904-.396-.904-.884 0-.487.405-.883.904-.883zm5.042-4.876c.498 0 .904.397.904.884s-.406.884-.904.884H5.946c-.499 0-.904-.397-.904-.884s.405-.884.904-.884zm0-4.875c.498 0 .904.396.904.884 0 .487-.406.883-.904.883H5.946c-.499 0-.904-.396-.904-.883 0-.488.405-.884.904-.884z" fill="#EB0203" fill-rule="evenodd"></path></svg>
                    </span>
                    <div class="available-note d-none"></div>
                    </a>
                    </div>
                    </div>
                    </template>
                    <div class="measurement-unit-section" v-if="isPriceAvailable &amp;&amp; prodUnits ? prodUnits.hasAlternativeUnit : false">
                    <div class="ct-form-radio" @click="setDimension">
                    <input type="radio" title="" class="ct-form-check-input product-measurement-unit" :data-type="prodUnits.selectedUnit == prodUnits.secondaryUnit ? 'primary' : ''" :id="prodUnits.secondaryUnit + '-' + pid + '-measurement-unit-ptile' + additionalTag" :name="'measurement-unit-' + pid + '-ptile' + additionalTag" :value="prodUnits.secondaryUnit" v-model="prodUnits.selectedUnit">
                    <label :class="prodUnits.secondaryUnit + '-label ct-form-check-label mb-0'" :for="prodUnits.secondaryUnit + '-' + pid + '-measurement-unit-ptile' + additionalTag">
                    {{prodUnits.secondaryUnit}}
                    </label>
                    <span class="checkmark"></span>
                    </div>
                    <div class="ct-form-radio" @click="setDimension">
                    <input type="radio" title="" class="ct-form-check-input product-measurement-unit" :data-type="prodUnits.selectedUnit == prodUnits.primaryUnit ? 'primary' : ''" :id="prodUnits.primaryUnit + '-' + pid + '-measurement-unit-ptile' + additionalTag" :name="'measurement-unit-' + pid + '-ptile' + additionalTag" :value="prodUnits.primaryUnit" v-model="prodUnits.selectedUnit">
                    <label :class="prodUnits.primaryUnit + '-label ct-form-check-label mb-0'" :for="prodUnits.primaryUnit + '-' + pid + '-measurement-unit-ptile' + additionalTag">
                    {{prodUnits.primaryUnit}}
                    </label>
                    <span class="checkmark"></span>
                    </div>
                    </div>
                    <template v-if="!isPDP &amp;&amp; isPriceAvailable">
                    <span class="quantity-error ct-span-error product-max-allocation" v-if="isMaxQtyReached">
                    Quantidade máxima atingida
                    </span>
                    <span class="quantity-error ct-span-product product-allocation" v-if="!isMinQtyReached &amp;&amp; !isMaxQtyReached">
                    {{quantitySelected}} no carrinho
                    </span>
                    <span class="quantity-error ct-span-error product-min-allocation" :data-pid="pid" v-if="isMinQtyReached &amp;&amp; !isMaxQtyReached">
                    Quantidade mínima atingida
                    </span>
                    </template>
                    </template>
                    </div>
                    <input class="quantity-value-mask d-none" name="quantity" type="number" min="0" value="" tabindex="-1">
                    </div>
                    <button type="button" class="add-to-cart button js-add-to-cart js-add-to-cart-tile 5060891 button--primary dynamic-layout-btn" data-toggle="modal" data-target="#chooseBonusProductModal" data-pid="5060891" data-quantity-value="null" aria-label="Carrinho" tabindex="-1">
                    <span class="d-block d-sm-none">
                    <span class="svg-wrapper svg-icon-cart" style="width:20px; height:20px">
                    <svg class="svg-inline icon-cart" xmlns="http://www.w3.org/2000/svg" viewBox="0 0 500 500" width="100%" height="100%"><path fill="#EB0203" fill-rule="evenodd" d="M 485.67317,94.386311 C 476.37798,83.847129 463.09468,78.03348 448.30404,78.03348 H 90.690813 L 87.079511,51.327997 C 83.185582,22.539551 62.962285,0 41.011841,0 H 14.727836 C 6.563151,0 0,6.5286975 0,14.580758 c 0,8.05206 6.5945535,14.580758 14.727836,14.580758 h 26.284005 c 4.710398,0 14.696435,9.855222 16.894619,26.021523 L 100.01739,368.0631 c 1.88416,13.77244 9.01256,26.70549 20.1605,36.37417 8.25889,7.15046 18.02511,11.9071 28.26237,13.89679 -4.17655,7.58572 -6.53175,16.25957 -6.53175,25.493 0,29.53459 24.27424,53.59751 54.13815,53.59751 29.8325,0 54.13814,-24.03184 54.13814,-53.59751 0,-8.79818 -2.19818,-17.09897 -5.9979,-24.43598 h 77.12488 c -3.79973,7.33701 -5.96652,15.6378 -5.96652,24.43598 0,29.53459 24.27424,53.59751 54.13817,53.59751 29.83249,0 54.13814,-24.03184 54.13814,-53.59751 0,-8.79818 -2.1982,-17.09897 -5.9979,-24.43598 h 38.56243 c 8.13328,0 14.72783,-6.5287 14.72783,-14.61183 0,-8.02098 -6.59455,-14.54967 -14.72783,-14.54967 H 159.24277 c -14.38241,0 -28.13677,-11.90711 -30.02092,-26.02153 l -3.07746,-22.88154 h 290.6314 c 14.03698,0 27.94834,-5.28513 39.06488,-14.95381 11.11652,-9.6376 18.27632,-22.57065 20.16048,-36.37417 l 21.10259,-156.78201 c 1.94694,-14.51858 -2.10398,-28.29103 -11.43057,-38.861299 z M 220.76053,443.82706 c 0,13.49265 -11.08513,24.46709 -24.68247,24.46709 -13.62874,0 -24.71387,-10.97444 -24.71387,-24.46709 0,-13.49262 11.08513,-24.43598 24.71387,-24.43598 13.59734,0 24.68247,10.94336 24.68247,24.43598 z m 173.43675,0 c 0,13.49265 -11.08512,24.46709 -24.68245,24.46709 -13.62876,0 -24.71388,-10.97444 -24.71388,-24.46709 0,-13.49262 11.08512,-24.43598 24.71388,-24.43598 13.59733,0 24.68245,10.94336 24.68245,24.43598 z m 73.7648,-314.46558 -21.13397,156.782 c -1.88416,14.11442 -15.63851,26.05261 -30.02091,26.05261 H 122.25046 L 94.616142,107.19499 H 448.33544 c 6.18632,0 11.61896,2.2695 15.23028,6.37326 3.64269,4.13484 5.21283,9.73086 4.39636,15.79323 z"></path></svg>
                    </span>
                    </span>
                    <span class="add-to-cart--text d-none d-sm-block">Carrinho</span>
                    </button>
                    </div>
                    </div>
                    </div>
                    </div>
                    
                    <div class="col-12 d-sm-none">
                    </div>
                    </div>
                    </div>
                    </div>
                    </div><div class="pd-tile-wrap slick-slide" data-idx="9" style="width: 276px; height: auto;" data-slick-index="8" aria-hidden="true" tabindex="-1" role="tabpanel" id="slick-slide08" aria-describedby="slick-slide-control02">
                    
                    <script type="text/javascript">//<!--
                    /* <![CDATA[ */
                    (function(){
                    try {
                        if(window.CQuotient) {
                            var cq_params = {};
                            cq_params.cookieId = window.CQuotient.getCQCookieId();
                            cq_params.userId = window.CQuotient.getCQUserId();
                            cq_params.emailId = CQuotient.getCQHashedEmail();
                            cq_params.loginId = CQuotient.getCQHashedLogin();
                            cq_params.accumulate = true;
                            cq_params.products = [{
                                id: '7279388',
                                sku: '',
                                type: '',
                                alt_id: ''
                            }];
                            cq_params.recommenderName = '__UNDEFINED__';
                            cq_params.realm = "BDVS";
                            cq_params.siteId = "continente";
                            cq_params.instanceType = "prd";
                            cq_params.locale = window.CQuotient.locale;
                            cq_params.slotId = '';
                            cq_params.slotConfigId = '';
                            cq_params.slotConfigTemplate = '';
                            if(window.CQuotient.sendActivity)
                                window.CQuotient.sendActivity( CQuotient.clientId, 'viewReco', cq_params );
                            else
                                window.CQuotient.activities.push( {activityType: 'viewReco', parameters: cq_params} );
                        }
                    } catch(err) {}
                    })();
                    /* ]]> */
                    // -->
                    </script>
                    <script type="text/javascript">//<!--
                    /* <![CDATA[ (viewProduct-active_data.js) */
                    dw.ac._capture({id: "7279388", type: "recommendation"});
                    /* ]]> */
                    // -->
                    </script>
                    <div class="product" data-pid="7279388">
                    <div class="product-tile pid-7279388   ct-product-tile " data-delay-time="3000" data-variants-mapping="[]" data-in-cart-msg="no carrinho" data-one-product-added="Adicionado ao carrinho" data-remove-from-cart-msg="Removido do carrinho" data-stay-open="6000.0" data-product-tile-impression="{&quot;name&quot;:&quot;7279388&quot;,&quot;id&quot;:&quot;7279388&quot;,&quot;price&quot;:2.49,&quot;brand&quot;:&quot;Continente Seleção&quot;,&quot;category&quot;:[{&quot;category_level_1&quot;:&quot;Take-Away&quot;},{&quot;category_level_2&quot;:&quot;Massas Frescas e Noodles&quot;},{&quot;category_level_3&quot;:&quot;Massas Simples e Recheadas&quot;}],&quot;variant&quot;:&quot;&quot;}">
                    <div class="ct-inner-tile-wrap row no-gutters justify-content-center align-content-start">
                    
                    <div class="ct-image-container col-4 col-sm" data-confirmation-image="{&quot;url&quot;:&quot;https://www.continente.pt/dw/image/v2/BDVS_PRD/on/demandware.static/-/Sites-col-master-catalog/default/dw0ecad6c1/images/col/727/7279388-frente.jpg?sw=87&amp;sh=80&quot;,&quot;fallbackimage&quot;:{&quot;url&quot;:&quot;https://www.continente.pt/dw/image/v2/BDVS_PRD/on/demandware.static/Sites-continente-Site/-/default/dw7c42b4da/images/noimagelarge_product.png?sw=87&amp;sh=80&quot;,&quot;title&quot;:&quot;Girasoli Fresco com Cogumelos e Queijo Mascarpone&quot;,&quot;alt&quot;:&quot;Girasoli Fresco com Cogumelos e Queijo Mascarpone&quot;},&quot;title&quot;:&quot;Girasoli Fresco com Cogumelos e Queijo Mascarpone&quot;,&quot;alt&quot;:&quot;Girasoli Fresco com Cogumelos e Queijo Mascarpone&quot;}">
                    <a href="https://www.continente.pt/produto/girasoli-fresco-com-cogumelos-e-queijo-mascarpone-continente-selecao-7279388.html?cgid=home" tabindex="-1">
                    <picture class="intrinsic intrinsic--square">
                    <img class="ct-tile-image lazyloaded" loading="lazy" onerror="this.onerror=null;this.src='/on/demandware.static/Sites-continente-Site/-/default/dw7c42b4da/images/noimagelarge_product.png';" data-src="https://www.continente.pt/dw/image/v2/BDVS_PRD/on/demandware.static/-/Sites-col-master-catalog/default/dw0ecad6c1/images/col/727/7279388-frente.jpg?sw=280&amp;sh=280" alt="Girasoli Fresco com Cogumelos e Queijo Mascarpone" title="Girasoli Fresco com Cogumelos e Queijo Mascarpone" src="https://www.continente.pt/dw/image/v2/BDVS_PRD/on/demandware.static/-/Sites-col-master-catalog/default/dw0ecad6c1/images/col/727/7279388-frente.jpg?sw=280&amp;sh=280">
                    </picture>
                    </a>
                    <div class="color-swatches d-flex" style="margin-left: 5px;">
                    <div class="swatches d-flex">
                    </div>
                    </div>
                    </div>
                    <div class="ct-tile-body col col-sm-auto ">
                    <div class="ct-pdp-details">
                    <div class="ct-pdp-link">
                    <a class="ct-tile--description" href="https://www.continente.pt/produto/girasoli-fresco-com-cogumelos-e-queijo-mascarpone-continente-selecao-7279388.html?cgid=home" tabindex="-1">Girasoli Fresco com Cogumelos e Queijo Mascarpone</a>
                    <div class="ct-tile--favorite-top d-sm-none">
                    <button class="wishlist-toggler guest-mode inactive button button--tertiary" data-pid="7279388" data-add-url="https://www.continente.pt/on/demandware.store/Sites-continente-Site/default/Wishlist-AddProduct?pid=7279388" data-toggle="tooltip" aria-label="Adicionar aos favoritos " data-original-title="Adicionar aos favoritos" data-placement="top" tabindex="-1">
                    <svg class="active-content" width="100%" height="100%" viewBox="0 0 20 22" fill="none" xmlns="http://www.w3.org/2000/svg">
                    <path fill-rule="evenodd" clip-rule="evenodd" d="M0 1.53052C0 0.685236 0.692171 0 1.54601 0H15.0736C15.9274 0 16.6196 0.685235 16.6196 1.53052V13.4064L15.8127 13.922L14.2658 14.2658L12.7189 13.4064L10.6054 14.3818C10.4994 14.2451 10.3327 14.157 10.1452 14.157H6.76329C6.4431 14.157 6.18354 14.414 6.18354 14.731C6.18354 15.0479 6.4431 15.3049 6.76329 15.3049H10.1452C10.2478 15.3049 10.3441 15.2785 10.4277 15.2322L10.3126 16.8439L13.2345 20.2793H1.54601C0.69217 20.2793 0 19.5941 0 18.7488V1.53052ZM6.18354 5.5483C6.18354 5.23132 6.4431 4.97436 6.76329 4.97436H12.3676C12.6878 4.97436 12.9473 5.23132 12.9473 5.5483C12.9473 5.86528 12.6878 6.12224 12.3676 6.12224H6.76329C6.4431 6.12224 6.18354 5.86528 6.18354 5.5483ZM6.76329 11.0961C6.4431 11.0961 6.18354 11.3531 6.18354 11.6701C6.18354 11.987 6.4431 12.244 6.76329 12.244H12.3676C12.6878 12.244 12.9473 11.987 12.9473 11.6701C12.9473 11.3531 12.6878 11.0961 12.3676 11.0961H6.76329ZM6.18354 8.60985C6.18354 8.29287 6.4431 8.03591 6.76329 8.03591H12.3676C12.6878 8.03591 12.9473 8.29287 12.9473 8.60985C12.9473 8.92684 12.6878 9.1838 12.3676 9.1838H6.76329C6.4431 9.1838 6.18354 8.92684 6.18354 8.60985ZM3.67118 5.5483C3.67118 5.23132 3.93075 4.97436 4.25093 4.97436H4.63743C4.95762 4.97436 5.21719 5.23132 5.21719 5.5483C5.21719 5.86528 4.95762 6.12224 4.63743 6.12224H4.25093C3.93075 6.12224 3.67118 5.86528 3.67118 5.5483ZM4.25093 11.0961C3.93075 11.0961 3.67118 11.3531 3.67118 11.6701C3.67118 11.987 3.93075 12.244 4.25093 12.244H4.63743C4.95762 12.244 5.21719 11.987 5.21719 11.6701C5.21719 11.3531 4.95762 11.0961 4.63743 11.0961H4.25093ZM3.67118 8.60985C3.67118 8.29287 3.93075 8.03591 4.25093 8.03591H4.63743C4.95762 8.03591 5.21719 8.29287 5.21719 8.60985C5.21719 8.92684 4.95762 9.1838 4.63743 9.1838H4.25093C3.93075 9.1838 3.67118 8.92684 3.67118 8.60985ZM4.25093 14.157C3.93075 14.157 3.67118 14.414 3.67118 14.731C3.67118 15.0479 3.93075 15.3049 4.25093 15.3049H4.63743C4.95762 15.3049 5.21719 15.0479 5.21719 14.731C5.21719 14.414 4.95762 14.157 4.63743 14.157H4.25093Z" fill="#EB0203"></path>
                    <path fill-rule="evenodd" clip-rule="evenodd" d="M14.6252 13.6363C13.4918 12.6215 11.7817 12.5264 10.6569 13.4792C9.12421 14.7764 9.34841 16.8912 10.4409 18.0122L14.0159 21.6742C14.2197 21.8832 14.4928 22 14.7822 22C15.0737 22 15.3448 21.8852 15.5486 21.6762L19.1236 18.0142C20.214 16.8933 20.4423 14.7785 18.9075 13.4792C17.7827 12.5283 16.0724 12.6217 14.9391 13.6365C14.8855 13.6845 14.8331 13.7345 14.7822 13.7866C14.7313 13.7345 14.6789 13.6843 14.6252 13.6363ZM18.1546 14.3522C19.0973 15.1508 18.9962 16.4896 18.2891 17.2173C18.2888 17.2175 18.2886 17.2177 18.2884 17.218L14.7832 20.8084L11.2753 17.2151C11.2752 17.215 11.2751 17.2149 11.2749 17.2148C10.5677 16.4887 10.4678 15.1495 11.4104 14.3518L11.4108 14.3514C12.0745 13.7892 13.2018 13.82 13.9488 14.5846L14.7822 15.4378L15.6157 14.5846C16.3617 13.8211 17.4896 13.79 18.1545 14.3521" fill="#EB0203"></path>
                    </svg>
                    <svg class="inactive-content" width="100%" height="100%" viewBox="0 0 20 23" fill="none" xmlns="http://www.w3.org/2000/svg">
                    <path fill-rule="evenodd" clip-rule="evenodd" d="M6.18408 5.77914C6.18408 5.46223 6.44363 5.20532 6.7638 5.20532H12.3678C12.6879 5.20532 12.9475 5.46223 12.9475 5.77914C12.9475 6.09606 12.6879 6.35297 12.3678 6.35297H6.7638C6.44363 6.35297 6.18408 6.09606 6.18408 5.77914Z" fill="#EB0203"></path>
                    <path fill-rule="evenodd" clip-rule="evenodd" d="M6.18408 11.9034C6.18408 11.5865 6.44363 11.3296 6.7638 11.3296H12.3678C12.6879 11.3296 12.9475 11.5865 12.9475 11.9034C12.9475 12.2202 12.6879 12.4771 12.3678 12.4771H6.7638C6.44363 12.4771 6.18408 12.2202 6.18408 11.9034Z" fill="#EB0203"></path>
                    <path fill-rule="evenodd" clip-rule="evenodd" d="M6.18408 8.84116C6.18408 8.52424 6.44363 8.26733 6.7638 8.26733H12.3678C12.6879 8.26733 12.9475 8.52424 12.9475 8.84116C12.9475 9.15807 12.6879 9.41498 12.3678 9.41498H6.7638C6.44363 9.41498 6.18408 9.15807 6.18408 8.84116Z" fill="#EB0203"></path>
                    <path fill-rule="evenodd" clip-rule="evenodd" d="M6.18408 14.9655C6.18408 14.6486 6.44363 14.3917 6.7638 14.3917H10.1455C10.4657 14.3917 10.7252 14.6486 10.7252 14.9655C10.7252 15.2825 10.4657 15.5394 10.1455 15.5394H6.7638C6.44363 15.5394 6.18408 15.2825 6.18408 14.9655Z" fill="#EB0203"></path>
                    <path fill-rule="evenodd" clip-rule="evenodd" d="M3.67139 5.77914C3.67139 5.46223 3.93094 5.20532 4.25111 5.20532H4.63759C4.95776 5.20532 5.21731 5.46223 5.21731 5.77914C5.21731 6.09606 4.95776 6.35297 4.63759 6.35297H4.25111C3.93094 6.35297 3.67139 6.09606 3.67139 5.77914Z" fill="#EB0203"></path>
                    <path fill-rule="evenodd" clip-rule="evenodd" d="M3.67139 11.9034C3.67139 11.5865 3.93094 11.3296 4.25111 11.3296H4.63759C4.95776 11.3296 5.21731 11.5865 5.21731 11.9034C5.21731 12.2202 4.95776 12.4771 4.63759 12.4771H4.25111C3.93094 12.4771 3.67139 12.2202 3.67139 11.9034Z" fill="#EB0203"></path>
                    <path fill-rule="evenodd" clip-rule="evenodd" d="M3.67139 8.84116C3.67139 8.52424 3.93094 8.26733 4.25111 8.26733H4.63759C4.95776 8.26733 5.21731 8.52424 5.21731 8.84116C5.21731 9.15807 4.95776 9.41498 4.63759 9.41498H4.25111C3.93094 9.41498 3.67139 9.15807 3.67139 8.84116Z" fill="#EB0203"></path>
                    <path fill-rule="evenodd" clip-rule="evenodd" d="M3.67139 14.9655C3.67139 14.6486 3.93094 14.3917 4.25111 14.3917H4.63759C4.95776 14.3917 5.21731 14.6486 5.21731 14.9655C5.21731 15.2825 4.95776 15.5394 4.63759 15.5394H4.25111C3.93094 15.5394 3.67139 15.2825 3.67139 14.9655Z" fill="#EB0203"></path>
                    <path fill-rule="evenodd" clip-rule="evenodd" d="M0 1.76033C0 0.914738 0.692131 0.229248 1.54592 0.229248H15.0727C15.9265 0.229248 16.6186 0.914738 16.6186 1.76033V11.2818C16.6186 11.5989 16.3591 11.8559 16.0389 11.8559C15.7187 11.8559 15.4592 11.5989 15.4592 11.2818V1.76033C15.4592 1.54893 15.2862 1.37756 15.0727 1.37756H1.54592C1.33247 1.37756 1.15944 1.54893 1.15944 1.76033V18.985C1.15944 19.1964 1.33247 19.3678 1.54592 19.3678H9.27551C9.59568 19.3678 9.85523 19.6249 9.85523 19.942C9.85523 20.2591 9.59568 20.5161 9.27551 20.5161H1.54592C0.692131 20.5161 0 19.8306 0 18.985V1.76033Z" fill="#EB0203"></path>
                    <path fill-rule="evenodd" clip-rule="evenodd" d="M14.6254 13.8718C13.4921 12.8567 11.7821 12.7615 10.6574 13.7147C9.12472 15.0124 9.34891 17.128 10.4413 18.2493L14.0161 21.9126C14.2199 22.1217 14.493 22.2386 14.7824 22.2386C15.0739 22.2386 15.3449 22.1238 15.5487 21.9147L19.1235 18.2514C20.2139 17.13 20.4422 15.0144 18.9075 13.7147C17.7827 12.7634 16.0726 12.8569 14.9392 13.872C14.8856 13.92 14.8333 13.9701 14.7824 14.0222C14.7314 13.97 14.6791 13.9199 14.6254 13.8718ZM18.1546 14.588C19.0972 15.3869 18.9961 16.7262 18.2891 17.4541C18.2888 17.4543 18.2886 17.4546 18.2884 17.4548L14.7834 21.0466L11.2757 17.452C11.2756 17.4519 11.2755 17.4517 11.2753 17.4516C10.5681 16.7252 10.4682 15.3856 11.4108 14.5876L11.4112 14.5872C12.0748 14.0248 13.202 14.0556 13.949 14.8205L14.7824 15.674L15.6158 14.8205C16.3618 14.0567 17.4896 14.0256 18.1545 14.5879" fill="#EB0203"></path>
                    </svg>
                    </button>
                    </div>
                    </div>
                    <p class="ct-tile--brand">Continente Seleção</p>
                    <p class="ct-tile--quantity">emb. 250 gr</p>
                    </div>
                    <div class="ct-tile-bottom row no-gutters justify-content-between">
                    <div class="ct-price-wrap col-8 col-sm-12">
                    <div class="price js-product-price">
                    <div class="prices-wrapper">
                    <span class="sales ct-tile--price-primary ">
                    <span class="value" content="2.49">
                    <span class="ct-price-formatted">
                    €2,49
                    </span>
                    <span class="ct-m-unit">
                    /un
                    </span>
                    </span>
                    </span>
                    </div>
                    <div class="ct-tile--price-secondary">
                    <span class="ct-price-value">
                    €9,96
                    </span>
                    <span class="ct-m-unit">
                    /kg
                    </span>
                    </div>
                    </div>
                    </div>
                    <div class="ct-tile-buy-section d-flex justify-content-center no-gutters col-auto col-sm-12">
                    <div class="col-2 d-sm-flex d-none">
                    <button class="wishlist-toggler guest-mode inactive button button--tertiary" data-pid="7279388" data-add-url="https://www.continente.pt/on/demandware.store/Sites-continente-Site/default/Wishlist-AddProduct?pid=7279388" data-toggle="tooltip" aria-label="Adicionar aos favoritos " data-original-title="Adicionar aos favoritos" data-placement="top" tabindex="-1">
                    <svg class="active-content" width="100%" height="100%" viewBox="0 0 20 22" fill="none" xmlns="http://www.w3.org/2000/svg">
                    <path fill-rule="evenodd" clip-rule="evenodd" d="M0 1.53052C0 0.685236 0.692171 0 1.54601 0H15.0736C15.9274 0 16.6196 0.685235 16.6196 1.53052V13.4064L15.8127 13.922L14.2658 14.2658L12.7189 13.4064L10.6054 14.3818C10.4994 14.2451 10.3327 14.157 10.1452 14.157H6.76329C6.4431 14.157 6.18354 14.414 6.18354 14.731C6.18354 15.0479 6.4431 15.3049 6.76329 15.3049H10.1452C10.2478 15.3049 10.3441 15.2785 10.4277 15.2322L10.3126 16.8439L13.2345 20.2793H1.54601C0.69217 20.2793 0 19.5941 0 18.7488V1.53052ZM6.18354 5.5483C6.18354 5.23132 6.4431 4.97436 6.76329 4.97436H12.3676C12.6878 4.97436 12.9473 5.23132 12.9473 5.5483C12.9473 5.86528 12.6878 6.12224 12.3676 6.12224H6.76329C6.4431 6.12224 6.18354 5.86528 6.18354 5.5483ZM6.76329 11.0961C6.4431 11.0961 6.18354 11.3531 6.18354 11.6701C6.18354 11.987 6.4431 12.244 6.76329 12.244H12.3676C12.6878 12.244 12.9473 11.987 12.9473 11.6701C12.9473 11.3531 12.6878 11.0961 12.3676 11.0961H6.76329ZM6.18354 8.60985C6.18354 8.29287 6.4431 8.03591 6.76329 8.03591H12.3676C12.6878 8.03591 12.9473 8.29287 12.9473 8.60985C12.9473 8.92684 12.6878 9.1838 12.3676 9.1838H6.76329C6.4431 9.1838 6.18354 8.92684 6.18354 8.60985ZM3.67118 5.5483C3.67118 5.23132 3.93075 4.97436 4.25093 4.97436H4.63743C4.95762 4.97436 5.21719 5.23132 5.21719 5.5483C5.21719 5.86528 4.95762 6.12224 4.63743 6.12224H4.25093C3.93075 6.12224 3.67118 5.86528 3.67118 5.5483ZM4.25093 11.0961C3.93075 11.0961 3.67118 11.3531 3.67118 11.6701C3.67118 11.987 3.93075 12.244 4.25093 12.244H4.63743C4.95762 12.244 5.21719 11.987 5.21719 11.6701C5.21719 11.3531 4.95762 11.0961 4.63743 11.0961H4.25093ZM3.67118 8.60985C3.67118 8.29287 3.93075 8.03591 4.25093 8.03591H4.63743C4.95762 8.03591 5.21719 8.29287 5.21719 8.60985C5.21719 8.92684 4.95762 9.1838 4.63743 9.1838H4.25093C3.93075 9.1838 3.67118 8.92684 3.67118 8.60985ZM4.25093 14.157C3.93075 14.157 3.67118 14.414 3.67118 14.731C3.67118 15.0479 3.93075 15.3049 4.25093 15.3049H4.63743C4.95762 15.3049 5.21719 15.0479 5.21719 14.731C5.21719 14.414 4.95762 14.157 4.63743 14.157H4.25093Z" fill="#EB0203"></path>
                    <path fill-rule="evenodd" clip-rule="evenodd" d="M14.6252 13.6363C13.4918 12.6215 11.7817 12.5264 10.6569 13.4792C9.12421 14.7764 9.34841 16.8912 10.4409 18.0122L14.0159 21.6742C14.2197 21.8832 14.4928 22 14.7822 22C15.0737 22 15.3448 21.8852 15.5486 21.6762L19.1236 18.0142C20.214 16.8933 20.4423 14.7785 18.9075 13.4792C17.7827 12.5283 16.0724 12.6217 14.9391 13.6365C14.8855 13.6845 14.8331 13.7345 14.7822 13.7866C14.7313 13.7345 14.6789 13.6843 14.6252 13.6363ZM18.1546 14.3522C19.0973 15.1508 18.9962 16.4896 18.2891 17.2173C18.2888 17.2175 18.2886 17.2177 18.2884 17.218L14.7832 20.8084L11.2753 17.2151C11.2752 17.215 11.2751 17.2149 11.2749 17.2148C10.5677 16.4887 10.4678 15.1495 11.4104 14.3518L11.4108 14.3514C12.0745 13.7892 13.2018 13.82 13.9488 14.5846L14.7822 15.4378L15.6157 14.5846C16.3617 13.8211 17.4896 13.79 18.1545 14.3521" fill="#EB0203"></path>
                    </svg>
                    <svg class="inactive-content" width="100%" height="100%" viewBox="0 0 20 23" fill="none" xmlns="http://www.w3.org/2000/svg">
                    <path fill-rule="evenodd" clip-rule="evenodd" d="M6.18408 5.77914C6.18408 5.46223 6.44363 5.20532 6.7638 5.20532H12.3678C12.6879 5.20532 12.9475 5.46223 12.9475 5.77914C12.9475 6.09606 12.6879 6.35297 12.3678 6.35297H6.7638C6.44363 6.35297 6.18408 6.09606 6.18408 5.77914Z" fill="#EB0203"></path>
                    <path fill-rule="evenodd" clip-rule="evenodd" d="M6.18408 11.9034C6.18408 11.5865 6.44363 11.3296 6.7638 11.3296H12.3678C12.6879 11.3296 12.9475 11.5865 12.9475 11.9034C12.9475 12.2202 12.6879 12.4771 12.3678 12.4771H6.7638C6.44363 12.4771 6.18408 12.2202 6.18408 11.9034Z" fill="#EB0203"></path>
                    <path fill-rule="evenodd" clip-rule="evenodd" d="M6.18408 8.84116C6.18408 8.52424 6.44363 8.26733 6.7638 8.26733H12.3678C12.6879 8.26733 12.9475 8.52424 12.9475 8.84116C12.9475 9.15807 12.6879 9.41498 12.3678 9.41498H6.7638C6.44363 9.41498 6.18408 9.15807 6.18408 8.84116Z" fill="#EB0203"></path>
                    <path fill-rule="evenodd" clip-rule="evenodd" d="M6.18408 14.9655C6.18408 14.6486 6.44363 14.3917 6.7638 14.3917H10.1455C10.4657 14.3917 10.7252 14.6486 10.7252 14.9655C10.7252 15.2825 10.4657 15.5394 10.1455 15.5394H6.7638C6.44363 15.5394 6.18408 15.2825 6.18408 14.9655Z" fill="#EB0203"></path>
                    <path fill-rule="evenodd" clip-rule="evenodd" d="M3.67139 5.77914C3.67139 5.46223 3.93094 5.20532 4.25111 5.20532H4.63759C4.95776 5.20532 5.21731 5.46223 5.21731 5.77914C5.21731 6.09606 4.95776 6.35297 4.63759 6.35297H4.25111C3.93094 6.35297 3.67139 6.09606 3.67139 5.77914Z" fill="#EB0203"></path>
                    <path fill-rule="evenodd" clip-rule="evenodd" d="M3.67139 11.9034C3.67139 11.5865 3.93094 11.3296 4.25111 11.3296H4.63759C4.95776 11.3296 5.21731 11.5865 5.21731 11.9034C5.21731 12.2202 4.95776 12.4771 4.63759 12.4771H4.25111C3.93094 12.4771 3.67139 12.2202 3.67139 11.9034Z" fill="#EB0203"></path>
                    <path fill-rule="evenodd" clip-rule="evenodd" d="M3.67139 8.84116C3.67139 8.52424 3.93094 8.26733 4.25111 8.26733H4.63759C4.95776 8.26733 5.21731 8.52424 5.21731 8.84116C5.21731 9.15807 4.95776 9.41498 4.63759 9.41498H4.25111C3.93094 9.41498 3.67139 9.15807 3.67139 8.84116Z" fill="#EB0203"></path>
                    <path fill-rule="evenodd" clip-rule="evenodd" d="M3.67139 14.9655C3.67139 14.6486 3.93094 14.3917 4.25111 14.3917H4.63759C4.95776 14.3917 5.21731 14.6486 5.21731 14.9655C5.21731 15.2825 4.95776 15.5394 4.63759 15.5394H4.25111C3.93094 15.5394 3.67139 15.2825 3.67139 14.9655Z" fill="#EB0203"></path>
                    <path fill-rule="evenodd" clip-rule="evenodd" d="M0 1.76033C0 0.914738 0.692131 0.229248 1.54592 0.229248H15.0727C15.9265 0.229248 16.6186 0.914738 16.6186 1.76033V11.2818C16.6186 11.5989 16.3591 11.8559 16.0389 11.8559C15.7187 11.8559 15.4592 11.5989 15.4592 11.2818V1.76033C15.4592 1.54893 15.2862 1.37756 15.0727 1.37756H1.54592C1.33247 1.37756 1.15944 1.54893 1.15944 1.76033V18.985C1.15944 19.1964 1.33247 19.3678 1.54592 19.3678H9.27551C9.59568 19.3678 9.85523 19.6249 9.85523 19.942C9.85523 20.2591 9.59568 20.5161 9.27551 20.5161H1.54592C0.692131 20.5161 0 19.8306 0 18.985V1.76033Z" fill="#EB0203"></path>
                    <path fill-rule="evenodd" clip-rule="evenodd" d="M14.6254 13.8718C13.4921 12.8567 11.7821 12.7615 10.6574 13.7147C9.12472 15.0124 9.34891 17.128 10.4413 18.2493L14.0161 21.9126C14.2199 22.1217 14.493 22.2386 14.7824 22.2386C15.0739 22.2386 15.3449 22.1238 15.5487 21.9147L19.1235 18.2514C20.2139 17.13 20.4422 15.0144 18.9075 13.7147C17.7827 12.7634 16.0726 12.8569 14.9392 13.872C14.8856 13.92 14.8333 13.9701 14.7824 14.0222C14.7314 13.97 14.6791 13.9199 14.6254 13.8718ZM18.1546 14.588C19.0972 15.3869 18.9961 16.7262 18.2891 17.4541C18.2888 17.4543 18.2886 17.4546 18.2884 17.4548L14.7834 21.0466L11.2757 17.452C11.2756 17.4519 11.2755 17.4517 11.2753 17.4516C10.5681 16.7252 10.4682 15.3856 11.4108 14.5876L11.4112 14.5872C12.0748 14.0248 13.202 14.0556 13.949 14.8205L14.7824 15.674L15.6158 14.8205C16.3618 14.0567 17.4896 14.0256 18.1545 14.5879" fill="#EB0203"></path>
                    </svg>
                    </button>
                    </div>
                    <div class="col-sm-10 col-12">
                    <div class="ct-tile-quantity d-none" data-pid="7279388">
                    <input type="hidden" class="add-to-cart-url" value="https://www.continente.pt/on/demandware.store/Sites-continente-Site/default/Cart-AddProduct" tabindex="-1">
                    <div class="d-none tile-delete-confirmation-btn" data-pid="7279388" data-delay-time="3000" data-in-cart-msg="no carrinho" data-one-product-added="Adicionado ao carrinho" data-remove-from-cart-msg="Removido do carrinho" data-stay-open="6000.0" data-confirmation-image="{&quot;url&quot;:&quot;https://www.continente.pt/dw/image/v2/BDVS_PRD/on/demandware.static/-/Sites-col-master-catalog/default/dw0ecad6c1/images/col/727/7279388-frente.jpg?sw=87&amp;sh=80&quot;,&quot;fallbackimage&quot;:{&quot;url&quot;:&quot;https://www.continente.pt/dw/image/v2/BDVS_PRD/on/demandware.static/Sites-continente-Site/-/default/dw7c42b4da/images/noimagelarge_product.png?sw=87&amp;sh=80&quot;,&quot;title&quot;:&quot;Girasoli Fresco com Cogumelos e Queijo Mascarpone&quot;,&quot;alt&quot;:&quot;Girasoli Fresco com Cogumelos e Queijo Mascarpone&quot;},&quot;title&quot;:&quot;Girasoli Fresco com Cogumelos e Queijo Mascarpone&quot;,&quot;alt&quot;:&quot;Girasoli Fresco com Cogumelos e Queijo Mascarpone&quot;}"></div>
                    <div class="ct-tile-quantity-update quantity-update product-qty-vue" data-remove-action="https://www.continente.pt/on/demandware.store/Sites-continente-Site/default/Cart-RemoveProductLineItem" data-action="https://www.continente.pt/on/demandware.store/Sites-continente-Site/default/Cart-UpdateQuantity" data-dimension-update="https://www.continente.pt/on/demandware.store/Sites-continente-Site/default/Cart-DimensionUpdate" data-pid="7279388" data-uuid="a10534deade14f9a65b371b9f3" data-add-delay="500.0" data-measure-options="{&quot;hasConversionRate&quot;:true,&quot;hasAlternativeSaleUnit&quot;:false,&quot;primaryToSecondary&quot;:1,&quot;secondaryToPrimary&quot;:1,&quot;unitConversionRate&quot;:1,&quot;minOrderQuantity&quot;:1,&quot;stepQuantity&quot;:1,&quot;primaryunit&quot;:&quot;un&quot;,&quot;secondaryunit&quot;:&quot;kg&quot;,&quot;selectedunit&quot;:&quot;primary&quot;,&quot;maxNumberOfUnitsPerSale&quot;:50}" data-price-available="null" :data-has-error="isMaxQtyReached || isMinQtyReached || qtySelectedMoreThanOne">
                    <template v-show="prodUnits">
                    <div class="quantity-input-wrapper has-units">
                    <label class="visually-hidden" :for="'quantity-' + pid + additionalTag">
                    Quantidade no carrinho
                    </label>
                    <input :ref="'quantityInput-' + pid + additionalTag" class="add-to-cart-quantity form-control ct-form-input text-center" inputmode="numeric" :class="{'is-invalid': isInvalid}" :data-pid="pid + additionalTag" :name="'quantity-' + pid + additionalTag" type="text" aria-label="Insira a quantidade" title="" v-model="displayValue" @change="updateQuantity" @focus="updateQtyFormat" @blur="restoreQtyFormat" :disabled="!isPriceAvailable">
                    <span class="quantity-icon quantity-icon--minus">
                    <button class="decrease-quantity-btn" @click="updateQuantity" :disabled="!isPriceAvailable" role="button" aria-label="Reduzir quantidade">
                    <i class="css-math-minus"></i>
                    </button>
                    </span>
                    <span class="quantity-icon quantity-icon--plus">
                    <button class="increase-quantity-btn" @click="updateQuantity" :disabled="isMaxQtyReached || !isPriceAvailable" role="button" aria-label="Aumentar quantidade">
                    <i class="css-math-plus"></i>
                    </button>
                    <span class="quantity-btn-disabled-placeholder"></span>
                    </span>
                    <template v-if="isPDP">
                    <span class="quantity-error ct-span-error text-sm-center product-max-allocation" v-if="isMaxQtyReached">
                    Quantidade máxima atingida
                    </span>
                    <span class="quantity-error ct-span-product text-sm-center product-allocation" v-if="!isMinQtyReached &amp;&amp; !isMaxQtyReached">
                    {{quantitySelected}} no carrinho
                    </span>
                    <span class="quantity-error ct-span-error text-sm-center product-min-allocation" :data-pid="pid" v-if="isMinQtyReached &amp;&amp; !isMaxQtyReached">
                    Quantidade mínima atingida
                    </span>
                    </template>
                    </div>
                    <template v-if="showNotes">
                    <div class="add-note-link-container ">
                    <div class="add-note">
                    <a href="/produto/girasoli-fresco-com-cogumelos-e-queijo-mascarpone-continente-selecao-7279388.html?showNote=true" class="ct-add-note-redirect-pdp" aria-label="Adicionar comentário">
                    <span class="svg-wrapper svg-icon-notes" style="width:19px; height:20px">
                    <svg class="svg-inline icon-notes" viewBox="0 0 28 30" xmlns="http://www.w3.org/2000/svg" width="100%" height="100%"><path d="M21.738 0C22.985 0 24 1.04 24 2.319V12.47c0 .469-.37.848-.828.848-.457 0-.827-.38-.827-.848V2.32c0-.343-.273-.622-.607-.622H2.262c-.334 0-.607.279-.607.622V27.68c0 .343.273.622.607.622h7.81c.457 0 .827.38.827.849 0 .468-.37.848-.827.848h-7.81C1.015 30 0 28.96 0 27.681V2.32C0 1.04 1.015 0 2.262 0h19.476zm2.844 16.004l.227.007c.823.053 1.589.39 2.176.964.64.627.993 1.46.993 2.349 0 .888-.353 1.722-.993 2.348l-6.83 6.665c-.11.108-.247.186-.397.226l-5.032 1.363c-.078.021-.16.032-.241.032-.242 0-.478-.097-.647-.266-.23-.231-.314-.566-.218-.874l1.49-4.798c.044-.139.122-.266.227-.369l6.844-6.677c.64-.625 1.493-.97 2.401-.97zm-2.886 3.94l-4.922 4.802-.947 3.048 3.22-.872 4.897-4.78-2.248-2.197zm2.887-2.174c-.425 0-.824.162-1.124.455l-.484.472 2.248 2.197.484-.472c.62-.606.62-1.591 0-2.197l-.117-.104c-.283-.227-.636-.35-1.007-.35zm-10.839.022c.498 0 .904.396.904.883 0 .488-.406.884-.904.884H5.946c-.499 0-.904-.396-.904-.884 0-.487.405-.883.904-.883zm5.042-4.876c.498 0 .904.397.904.884s-.406.884-.904.884H5.946c-.499 0-.904-.397-.904-.884s.405-.884.904-.884zm0-4.875c.498 0 .904.396.904.884 0 .487-.406.883-.904.883H5.946c-.499 0-.904-.396-.904-.883 0-.488.405-.884.904-.884z" fill="#EB0203" fill-rule="evenodd"></path></svg>
                    </span>
                    <div class="available-note d-none"></div>
                    </a>
                    </div>
                    </div>
                    </template>
                    <div class="measurement-unit-section" v-if="isPriceAvailable &amp;&amp; prodUnits ? prodUnits.hasAlternativeUnit : false">
                    <div class="ct-form-radio" @click="setDimension">
                    <input type="radio" title="" class="ct-form-check-input product-measurement-unit" :data-type="prodUnits.selectedUnit == prodUnits.secondaryUnit ? 'primary' : ''" :id="prodUnits.secondaryUnit + '-' + pid + '-measurement-unit-ptile' + additionalTag" :name="'measurement-unit-' + pid + '-ptile' + additionalTag" :value="prodUnits.secondaryUnit" v-model="prodUnits.selectedUnit">
                    <label :class="prodUnits.secondaryUnit + '-label ct-form-check-label mb-0'" :for="prodUnits.secondaryUnit + '-' + pid + '-measurement-unit-ptile' + additionalTag">
                    {{prodUnits.secondaryUnit}}
                    </label>
                    <span class="checkmark"></span>
                    </div>
                    <div class="ct-form-radio" @click="setDimension">
                    <input type="radio" title="" class="ct-form-check-input product-measurement-unit" :data-type="prodUnits.selectedUnit == prodUnits.primaryUnit ? 'primary' : ''" :id="prodUnits.primaryUnit + '-' + pid + '-measurement-unit-ptile' + additionalTag" :name="'measurement-unit-' + pid + '-ptile' + additionalTag" :value="prodUnits.primaryUnit" v-model="prodUnits.selectedUnit">
                    <label :class="prodUnits.primaryUnit + '-label ct-form-check-label mb-0'" :for="prodUnits.primaryUnit + '-' + pid + '-measurement-unit-ptile' + additionalTag">
                    {{prodUnits.primaryUnit}}
                    </label>
                    <span class="checkmark"></span>
                    </div>
                    </div>
                    <template v-if="!isPDP &amp;&amp; isPriceAvailable">
                    <span class="quantity-error ct-span-error product-max-allocation" v-if="isMaxQtyReached">
                    Quantidade máxima atingida
                    </span>
                    <span class="quantity-error ct-span-product product-allocation" v-if="!isMinQtyReached &amp;&amp; !isMaxQtyReached">
                    {{quantitySelected}} no carrinho
                    </span>
                    <span class="quantity-error ct-span-error product-min-allocation" :data-pid="pid" v-if="isMinQtyReached &amp;&amp; !isMaxQtyReached">
                    Quantidade mínima atingida
                    </span>
                    </template>
                    </template>
                    </div>
                    <input class="quantity-value-mask d-none" name="quantity" type="number" min="0" value="" tabindex="-1">
                    </div>
                    <button type="button" class="add-to-cart button js-add-to-cart js-add-to-cart-tile 7279388 button--primary dynamic-layout-btn" data-toggle="modal" data-target="#chooseBonusProductModal" data-pid="7279388" data-quantity-value="null" aria-label="Carrinho" tabindex="-1">
                    <span class="d-block d-sm-none">
                    <span class="svg-wrapper svg-icon-cart" style="width:20px; height:20px">
                    <svg class="svg-inline icon-cart" xmlns="http://www.w3.org/2000/svg" viewBox="0 0 500 500" width="100%" height="100%"><path fill="#EB0203" fill-rule="evenodd" d="M 485.67317,94.386311 C 476.37798,83.847129 463.09468,78.03348 448.30404,78.03348 H 90.690813 L 87.079511,51.327997 C 83.185582,22.539551 62.962285,0 41.011841,0 H 14.727836 C 6.563151,0 0,6.5286975 0,14.580758 c 0,8.05206 6.5945535,14.580758 14.727836,14.580758 h 26.284005 c 4.710398,0 14.696435,9.855222 16.894619,26.021523 L 100.01739,368.0631 c 1.88416,13.77244 9.01256,26.70549 20.1605,36.37417 8.25889,7.15046 18.02511,11.9071 28.26237,13.89679 -4.17655,7.58572 -6.53175,16.25957 -6.53175,25.493 0,29.53459 24.27424,53.59751 54.13815,53.59751 29.8325,0 54.13814,-24.03184 54.13814,-53.59751 0,-8.79818 -2.19818,-17.09897 -5.9979,-24.43598 h 77.12488 c -3.79973,7.33701 -5.96652,15.6378 -5.96652,24.43598 0,29.53459 24.27424,53.59751 54.13817,53.59751 29.83249,0 54.13814,-24.03184 54.13814,-53.59751 0,-8.79818 -2.1982,-17.09897 -5.9979,-24.43598 h 38.56243 c 8.13328,0 14.72783,-6.5287 14.72783,-14.61183 0,-8.02098 -6.59455,-14.54967 -14.72783,-14.54967 H 159.24277 c -14.38241,0 -28.13677,-11.90711 -30.02092,-26.02153 l -3.07746,-22.88154 h 290.6314 c 14.03698,0 27.94834,-5.28513 39.06488,-14.95381 11.11652,-9.6376 18.27632,-22.57065 20.16048,-36.37417 l 21.10259,-156.78201 c 1.94694,-14.51858 -2.10398,-28.29103 -11.43057,-38.861299 z M 220.76053,443.82706 c 0,13.49265 -11.08513,24.46709 -24.68247,24.46709 -13.62874,0 -24.71387,-10.97444 -24.71387,-24.46709 0,-13.49262 11.08513,-24.43598 24.71387,-24.43598 13.59734,0 24.68247,10.94336 24.68247,24.43598 z m 173.43675,0 c 0,13.49265 -11.08512,24.46709 -24.68245,24.46709 -13.62876,0 -24.71388,-10.97444 -24.71388,-24.46709 0,-13.49262 11.08512,-24.43598 24.71388,-24.43598 13.59733,0 24.68245,10.94336 24.68245,24.43598 z m 73.7648,-314.46558 -21.13397,156.782 c -1.88416,14.11442 -15.63851,26.05261 -30.02091,26.05261 H 122.25046 L 94.616142,107.19499 H 448.33544 c 6.18632,0 11.61896,2.2695 15.23028,6.37326 3.64269,4.13484 5.21283,9.73086 4.39636,15.79323 z"></path></svg>
                    </span>
                    </span>
                    <span class="add-to-cart--text d-none d-sm-block">Carrinho</span>
                    </button>
                    </div>
                    </div>
                    </div>
                    </div>
                    
                    <div class="col-12 d-sm-none">
                    </div>
                    </div>
                    </div>
                    </div>
                    </div><div class="pd-tile-wrap slick-slide" data-idx="10" style="width: 276px; height: auto;" data-slick-index="9" aria-hidden="true" tabindex="-1" role="tabpanel" id="slick-slide09">
                    
                    <script type="text/javascript">//<!--
                    /* <![CDATA[ */
                    (function(){
                    try {
                        if(window.CQuotient) {
                            var cq_params = {};
                            cq_params.cookieId = window.CQuotient.getCQCookieId();
                            cq_params.userId = window.CQuotient.getCQUserId();
                            cq_params.emailId = CQuotient.getCQHashedEmail();
                            cq_params.loginId = CQuotient.getCQHashedLogin();
                            cq_params.accumulate = true;
                            cq_params.products = [{
                                id: '7279387',
                                sku: '',
                                type: '',
                                alt_id: ''
                            }];
                            cq_params.recommenderName = '__UNDEFINED__';
                            cq_params.realm = "BDVS";
                            cq_params.siteId = "continente";
                            cq_params.instanceType = "prd";
                            cq_params.locale = window.CQuotient.locale;
                            cq_params.slotId = '';
                            cq_params.slotConfigId = '';
                            cq_params.slotConfigTemplate = '';
                            if(window.CQuotient.sendActivity)
                                window.CQuotient.sendActivity( CQuotient.clientId, 'viewReco', cq_params );
                            else
                                window.CQuotient.activities.push( {activityType: 'viewReco', parameters: cq_params} );
                        }
                    } catch(err) {}
                    })();
                    /* ]]> */
                    // -->
                    </script>
                    <script type="text/javascript">//<!--
                    /* <![CDATA[ (viewProduct-active_data.js) */
                    dw.ac._capture({id: "7279387", type: "recommendation"});
                    /* ]]> */
                    // -->
                    </script>
                    <div class="product" data-pid="7279387">
                    <div class="product-tile pid-7279387   ct-product-tile " data-delay-time="3000" data-variants-mapping="[]" data-in-cart-msg="no carrinho" data-one-product-added="Adicionado ao carrinho" data-remove-from-cart-msg="Removido do carrinho" data-stay-open="6000.0" data-product-tile-impression="{&quot;name&quot;:&quot;7279387&quot;,&quot;id&quot;:&quot;7279387&quot;,&quot;price&quot;:2.49,&quot;brand&quot;:&quot;Continente Seleção&quot;,&quot;category&quot;:[{&quot;category_level_1&quot;:&quot;Take-Away&quot;},{&quot;category_level_2&quot;:&quot;Massas Frescas e Noodles&quot;},{&quot;category_level_3&quot;:&quot;Massas Simples e Recheadas&quot;}],&quot;variant&quot;:&quot;&quot;}">
                    <div class="ct-inner-tile-wrap row no-gutters justify-content-center align-content-start">
                    
                    <div class="ct-image-container col-4 col-sm" data-confirmation-image="{&quot;url&quot;:&quot;https://www.continente.pt/dw/image/v2/BDVS_PRD/on/demandware.static/-/Sites-col-master-catalog/default/dw99c307cc/images/col/727/7279387-frente.jpg?sw=87&amp;sh=80&quot;,&quot;fallbackimage&quot;:{&quot;url&quot;:&quot;https://www.continente.pt/dw/image/v2/BDVS_PRD/on/demandware.static/Sites-continente-Site/-/default/dw7c42b4da/images/noimagelarge_product.png?sw=87&amp;sh=80&quot;,&quot;title&quot;:&quot;Girasoli Fresco com Pesto, Ricotta, Pecorino e Pinhões&quot;,&quot;alt&quot;:&quot;Girasoli Fresco com Pesto, Ricotta, Pecorino e Pinhões&quot;},&quot;title&quot;:&quot;Girasoli Fresco com Pesto, Ricotta, Pecorino e Pinhões&quot;,&quot;alt&quot;:&quot;Girasoli Fresco com Pesto, Ricotta, Pecorino e Pinhões&quot;}">
                    <a href="https://www.continente.pt/produto/girasoli-fresco-com-pesto-ricotta-pecorino-e-pinhoes-continente-selecao-7279387.html?cgid=home" tabindex="-1">
                    <picture class="intrinsic intrinsic--square">
                    <img class="ct-tile-image lazyloaded" loading="lazy" onerror="this.onerror=null;this.src='/on/demandware.static/Sites-continente-Site/-/default/dw7c42b4da/images/noimagelarge_product.png';" data-src="https://www.continente.pt/dw/image/v2/BDVS_PRD/on/demandware.static/-/Sites-col-master-catalog/default/dw99c307cc/images/col/727/7279387-frente.jpg?sw=280&amp;sh=280" alt="Girasoli Fresco com Pesto, Ricotta, Pecorino e Pinhões" title="Girasoli Fresco com Pesto, Ricotta, Pecorino e Pinhões" src="https://www.continente.pt/dw/image/v2/BDVS_PRD/on/demandware.static/-/Sites-col-master-catalog/default/dw99c307cc/images/col/727/7279387-frente.jpg?sw=280&amp;sh=280">
                    </picture>
                    </a>
                    <div class="color-swatches d-flex" style="margin-left: 5px;">
                    <div class="swatches d-flex">
                    </div>
                    </div>
                    </div>
                    <div class="ct-tile-body col col-sm-auto ">
                    <div class="ct-pdp-details">
                    <div class="ct-pdp-link">
                    <a class="ct-tile--description" href="https://www.continente.pt/produto/girasoli-fresco-com-pesto-ricotta-pecorino-e-pinhoes-continente-selecao-7279387.html?cgid=home" tabindex="-1">Girasoli Fresco com Pesto, Ricotta, Pecorino e Pinhões</a>
                    <div class="ct-tile--favorite-top d-sm-none">
                    <button class="wishlist-toggler guest-mode inactive button button--tertiary" data-pid="7279387" data-add-url="https://www.continente.pt/on/demandware.store/Sites-continente-Site/default/Wishlist-AddProduct?pid=7279387" data-toggle="tooltip" aria-label="Adicionar aos favoritos " data-original-title="Adicionar aos favoritos" data-placement="top" tabindex="-1">
                    <svg class="active-content" width="100%" height="100%" viewBox="0 0 20 22" fill="none" xmlns="http://www.w3.org/2000/svg">
                    <path fill-rule="evenodd" clip-rule="evenodd" d="M0 1.53052C0 0.685236 0.692171 0 1.54601 0H15.0736C15.9274 0 16.6196 0.685235 16.6196 1.53052V13.4064L15.8127 13.922L14.2658 14.2658L12.7189 13.4064L10.6054 14.3818C10.4994 14.2451 10.3327 14.157 10.1452 14.157H6.76329C6.4431 14.157 6.18354 14.414 6.18354 14.731C6.18354 15.0479 6.4431 15.3049 6.76329 15.3049H10.1452C10.2478 15.3049 10.3441 15.2785 10.4277 15.2322L10.3126 16.8439L13.2345 20.2793H1.54601C0.69217 20.2793 0 19.5941 0 18.7488V1.53052ZM6.18354 5.5483C6.18354 5.23132 6.4431 4.97436 6.76329 4.97436H12.3676C12.6878 4.97436 12.9473 5.23132 12.9473 5.5483C12.9473 5.86528 12.6878 6.12224 12.3676 6.12224H6.76329C6.4431 6.12224 6.18354 5.86528 6.18354 5.5483ZM6.76329 11.0961C6.4431 11.0961 6.18354 11.3531 6.18354 11.6701C6.18354 11.987 6.4431 12.244 6.76329 12.244H12.3676C12.6878 12.244 12.9473 11.987 12.9473 11.6701C12.9473 11.3531 12.6878 11.0961 12.3676 11.0961H6.76329ZM6.18354 8.60985C6.18354 8.29287 6.4431 8.03591 6.76329 8.03591H12.3676C12.6878 8.03591 12.9473 8.29287 12.9473 8.60985C12.9473 8.92684 12.6878 9.1838 12.3676 9.1838H6.76329C6.4431 9.1838 6.18354 8.92684 6.18354 8.60985ZM3.67118 5.5483C3.67118 5.23132 3.93075 4.97436 4.25093 4.97436H4.63743C4.95762 4.97436 5.21719 5.23132 5.21719 5.5483C5.21719 5.86528 4.95762 6.12224 4.63743 6.12224H4.25093C3.93075 6.12224 3.67118 5.86528 3.67118 5.5483ZM4.25093 11.0961C3.93075 11.0961 3.67118 11.3531 3.67118 11.6701C3.67118 11.987 3.93075 12.244 4.25093 12.244H4.63743C4.95762 12.244 5.21719 11.987 5.21719 11.6701C5.21719 11.3531 4.95762 11.0961 4.63743 11.0961H4.25093ZM3.67118 8.60985C3.67118 8.29287 3.93075 8.03591 4.25093 8.03591H4.63743C4.95762 8.03591 5.21719 8.29287 5.21719 8.60985C5.21719 8.92684 4.95762 9.1838 4.63743 9.1838H4.25093C3.93075 9.1838 3.67118 8.92684 3.67118 8.60985ZM4.25093 14.157C3.93075 14.157 3.67118 14.414 3.67118 14.731C3.67118 15.0479 3.93075 15.3049 4.25093 15.3049H4.63743C4.95762 15.3049 5.21719 15.0479 5.21719 14.731C5.21719 14.414 4.95762 14.157 4.63743 14.157H4.25093Z" fill="#EB0203"></path>
                    <path fill-rule="evenodd" clip-rule="evenodd" d="M14.6252 13.6363C13.4918 12.6215 11.7817 12.5264 10.6569 13.4792C9.12421 14.7764 9.34841 16.8912 10.4409 18.0122L14.0159 21.6742C14.2197 21.8832 14.4928 22 14.7822 22C15.0737 22 15.3448 21.8852 15.5486 21.6762L19.1236 18.0142C20.214 16.8933 20.4423 14.7785 18.9075 13.4792C17.7827 12.5283 16.0724 12.6217 14.9391 13.6365C14.8855 13.6845 14.8331 13.7345 14.7822 13.7866C14.7313 13.7345 14.6789 13.6843 14.6252 13.6363ZM18.1546 14.3522C19.0973 15.1508 18.9962 16.4896 18.2891 17.2173C18.2888 17.2175 18.2886 17.2177 18.2884 17.218L14.7832 20.8084L11.2753 17.2151C11.2752 17.215 11.2751 17.2149 11.2749 17.2148C10.5677 16.4887 10.4678 15.1495 11.4104 14.3518L11.4108 14.3514C12.0745 13.7892 13.2018 13.82 13.9488 14.5846L14.7822 15.4378L15.6157 14.5846C16.3617 13.8211 17.4896 13.79 18.1545 14.3521" fill="#EB0203"></path>
                    </svg>
                    <svg class="inactive-content" width="100%" height="100%" viewBox="0 0 20 23" fill="none" xmlns="http://www.w3.org/2000/svg">
                    <path fill-rule="evenodd" clip-rule="evenodd" d="M6.18408 5.77914C6.18408 5.46223 6.44363 5.20532 6.7638 5.20532H12.3678C12.6879 5.20532 12.9475 5.46223 12.9475 5.77914C12.9475 6.09606 12.6879 6.35297 12.3678 6.35297H6.7638C6.44363 6.35297 6.18408 6.09606 6.18408 5.77914Z" fill="#EB0203"></path>
                    <path fill-rule="evenodd" clip-rule="evenodd" d="M6.18408 11.9034C6.18408 11.5865 6.44363 11.3296 6.7638 11.3296H12.3678C12.6879 11.3296 12.9475 11.5865 12.9475 11.9034C12.9475 12.2202 12.6879 12.4771 12.3678 12.4771H6.7638C6.44363 12.4771 6.18408 12.2202 6.18408 11.9034Z" fill="#EB0203"></path>
                    <path fill-rule="evenodd" clip-rule="evenodd" d="M6.18408 8.84116C6.18408 8.52424 6.44363 8.26733 6.7638 8.26733H12.3678C12.6879 8.26733 12.9475 8.52424 12.9475 8.84116C12.9475 9.15807 12.6879 9.41498 12.3678 9.41498H6.7638C6.44363 9.41498 6.18408 9.15807 6.18408 8.84116Z" fill="#EB0203"></path>
                    <path fill-rule="evenodd" clip-rule="evenodd" d="M6.18408 14.9655C6.18408 14.6486 6.44363 14.3917 6.7638 14.3917H10.1455C10.4657 14.3917 10.7252 14.6486 10.7252 14.9655C10.7252 15.2825 10.4657 15.5394 10.1455 15.5394H6.7638C6.44363 15.5394 6.18408 15.2825 6.18408 14.9655Z" fill="#EB0203"></path>
                    <path fill-rule="evenodd" clip-rule="evenodd" d="M3.67139 5.77914C3.67139 5.46223 3.93094 5.20532 4.25111 5.20532H4.63759C4.95776 5.20532 5.21731 5.46223 5.21731 5.77914C5.21731 6.09606 4.95776 6.35297 4.63759 6.35297H4.25111C3.93094 6.35297 3.67139 6.09606 3.67139 5.77914Z" fill="#EB0203"></path>
                    <path fill-rule="evenodd" clip-rule="evenodd" d="M3.67139 11.9034C3.67139 11.5865 3.93094 11.3296 4.25111 11.3296H4.63759C4.95776 11.3296 5.21731 11.5865 5.21731 11.9034C5.21731 12.2202 4.95776 12.4771 4.63759 12.4771H4.25111C3.93094 12.4771 3.67139 12.2202 3.67139 11.9034Z" fill="#EB0203"></path>
                    <path fill-rule="evenodd" clip-rule="evenodd" d="M3.67139 8.84116C3.67139 8.52424 3.93094 8.26733 4.25111 8.26733H4.63759C4.95776 8.26733 5.21731 8.52424 5.21731 8.84116C5.21731 9.15807 4.95776 9.41498 4.63759 9.41498H4.25111C3.93094 9.41498 3.67139 9.15807 3.67139 8.84116Z" fill="#EB0203"></path>
                    <path fill-rule="evenodd" clip-rule="evenodd" d="M3.67139 14.9655C3.67139 14.6486 3.93094 14.3917 4.25111 14.3917H4.63759C4.95776 14.3917 5.21731 14.6486 5.21731 14.9655C5.21731 15.2825 4.95776 15.5394 4.63759 15.5394H4.25111C3.93094 15.5394 3.67139 15.2825 3.67139 14.9655Z" fill="#EB0203"></path>
                    <path fill-rule="evenodd" clip-rule="evenodd" d="M0 1.76033C0 0.914738 0.692131 0.229248 1.54592 0.229248H15.0727C15.9265 0.229248 16.6186 0.914738 16.6186 1.76033V11.2818C16.6186 11.5989 16.3591 11.8559 16.0389 11.8559C15.7187 11.8559 15.4592 11.5989 15.4592 11.2818V1.76033C15.4592 1.54893 15.2862 1.37756 15.0727 1.37756H1.54592C1.33247 1.37756 1.15944 1.54893 1.15944 1.76033V18.985C1.15944 19.1964 1.33247 19.3678 1.54592 19.3678H9.27551C9.59568 19.3678 9.85523 19.6249 9.85523 19.942C9.85523 20.2591 9.59568 20.5161 9.27551 20.5161H1.54592C0.692131 20.5161 0 19.8306 0 18.985V1.76033Z" fill="#EB0203"></path>
                    <path fill-rule="evenodd" clip-rule="evenodd" d="M14.6254 13.8718C13.4921 12.8567 11.7821 12.7615 10.6574 13.7147C9.12472 15.0124 9.34891 17.128 10.4413 18.2493L14.0161 21.9126C14.2199 22.1217 14.493 22.2386 14.7824 22.2386C15.0739 22.2386 15.3449 22.1238 15.5487 21.9147L19.1235 18.2514C20.2139 17.13 20.4422 15.0144 18.9075 13.7147C17.7827 12.7634 16.0726 12.8569 14.9392 13.872C14.8856 13.92 14.8333 13.9701 14.7824 14.0222C14.7314 13.97 14.6791 13.9199 14.6254 13.8718ZM18.1546 14.588C19.0972 15.3869 18.9961 16.7262 18.2891 17.4541C18.2888 17.4543 18.2886 17.4546 18.2884 17.4548L14.7834 21.0466L11.2757 17.452C11.2756 17.4519 11.2755 17.4517 11.2753 17.4516C10.5681 16.7252 10.4682 15.3856 11.4108 14.5876L11.4112 14.5872C12.0748 14.0248 13.202 14.0556 13.949 14.8205L14.7824 15.674L15.6158 14.8205C16.3618 14.0567 17.4896 14.0256 18.1545 14.5879" fill="#EB0203"></path>
                    </svg>
                    </button>
                    </div>
                    </div>
                    <p class="ct-tile--brand">Continente Seleção</p>
                    <p class="ct-tile--quantity">emb. 250 gr</p>
                    </div>
                    <div class="ct-tile-bottom row no-gutters justify-content-between">
                    <div class="ct-price-wrap col-8 col-sm-12">
                    <div class="price js-product-price">
                    <div class="prices-wrapper">
                    <span class="sales ct-tile--price-primary ">
                    <span class="value" content="2.49">
                    <span class="ct-price-formatted">
                    €2,49
                    </span>
                    <span class="ct-m-unit">
                    /un
                    </span>
                    </span>
                    </span>
                    
                    </div>
                    <div class="ct-tile--price-secondary">
                    <span class="ct-price-value">
                    €9,96
                    </span>
                    <span class="ct-m-unit">
                    /kg
                    </span>
                    </div>
                    </div>
                    </div>
                    <div class="ct-tile-buy-section d-flex justify-content-center no-gutters col-auto col-sm-12">
                    <div class="col-2 d-sm-flex d-none">
                    <button class="wishlist-toggler guest-mode inactive button button--tertiary" data-pid="7279387" data-add-url="https://www.continente.pt/on/demandware.store/Sites-continente-Site/default/Wishlist-AddProduct?pid=7279387" data-toggle="tooltip" aria-label="Adicionar aos favoritos " data-original-title="Adicionar aos favoritos" data-placement="top" tabindex="-1">
                    <svg class="active-content" width="100%" height="100%" viewBox="0 0 20 22" fill="none" xmlns="http://www.w3.org/2000/svg">
                    <path fill-rule="evenodd" clip-rule="evenodd" d="M0 1.53052C0 0.685236 0.692171 0 1.54601 0H15.0736C15.9274 0 16.6196 0.685235 16.6196 1.53052V13.4064L15.8127 13.922L14.2658 14.2658L12.7189 13.4064L10.6054 14.3818C10.4994 14.2451 10.3327 14.157 10.1452 14.157H6.76329C6.4431 14.157 6.18354 14.414 6.18354 14.731C6.18354 15.0479 6.4431 15.3049 6.76329 15.3049H10.1452C10.2478 15.3049 10.3441 15.2785 10.4277 15.2322L10.3126 16.8439L13.2345 20.2793H1.54601C0.69217 20.2793 0 19.5941 0 18.7488V1.53052ZM6.18354 5.5483C6.18354 5.23132 6.4431 4.97436 6.76329 4.97436H12.3676C12.6878 4.97436 12.9473 5.23132 12.9473 5.5483C12.9473 5.86528 12.6878 6.12224 12.3676 6.12224H6.76329C6.4431 6.12224 6.18354 5.86528 6.18354 5.5483ZM6.76329 11.0961C6.4431 11.0961 6.18354 11.3531 6.18354 11.6701C6.18354 11.987 6.4431 12.244 6.76329 12.244H12.3676C12.6878 12.244 12.9473 11.987 12.9473 11.6701C12.9473 11.3531 12.6878 11.0961 12.3676 11.0961H6.76329ZM6.18354 8.60985C6.18354 8.29287 6.4431 8.03591 6.76329 8.03591H12.3676C12.6878 8.03591 12.9473 8.29287 12.9473 8.60985C12.9473 8.92684 12.6878 9.1838 12.3676 9.1838H6.76329C6.4431 9.1838 6.18354 8.92684 6.18354 8.60985ZM3.67118 5.5483C3.67118 5.23132 3.93075 4.97436 4.25093 4.97436H4.63743C4.95762 4.97436 5.21719 5.23132 5.21719 5.5483C5.21719 5.86528 4.95762 6.12224 4.63743 6.12224H4.25093C3.93075 6.12224 3.67118 5.86528 3.67118 5.5483ZM4.25093 11.0961C3.93075 11.0961 3.67118 11.3531 3.67118 11.6701C3.67118 11.987 3.93075 12.244 4.25093 12.244H4.63743C4.95762 12.244 5.21719 11.987 5.21719 11.6701C5.21719 11.3531 4.95762 11.0961 4.63743 11.0961H4.25093ZM3.67118 8.60985C3.67118 8.29287 3.93075 8.03591 4.25093 8.03591H4.63743C4.95762 8.03591 5.21719 8.29287 5.21719 8.60985C5.21719 8.92684 4.95762 9.1838 4.63743 9.1838H4.25093C3.93075 9.1838 3.67118 8.92684 3.67118 8.60985ZM4.25093 14.157C3.93075 14.157 3.67118 14.414 3.67118 14.731C3.67118 15.0479 3.93075 15.3049 4.25093 15.3049H4.63743C4.95762 15.3049 5.21719 15.0479 5.21719 14.731C5.21719 14.414 4.95762 14.157 4.63743 14.157H4.25093Z" fill="#EB0203"></path>
                    <path fill-rule="evenodd" clip-rule="evenodd" d="M14.6252 13.6363C13.4918 12.6215 11.7817 12.5264 10.6569 13.4792C9.12421 14.7764 9.34841 16.8912 10.4409 18.0122L14.0159 21.6742C14.2197 21.8832 14.4928 22 14.7822 22C15.0737 22 15.3448 21.8852 15.5486 21.6762L19.1236 18.0142C20.214 16.8933 20.4423 14.7785 18.9075 13.4792C17.7827 12.5283 16.0724 12.6217 14.9391 13.6365C14.8855 13.6845 14.8331 13.7345 14.7822 13.7866C14.7313 13.7345 14.6789 13.6843 14.6252 13.6363ZM18.1546 14.3522C19.0973 15.1508 18.9962 16.4896 18.2891 17.2173C18.2888 17.2175 18.2886 17.2177 18.2884 17.218L14.7832 20.8084L11.2753 17.2151C11.2752 17.215 11.2751 17.2149 11.2749 17.2148C10.5677 16.4887 10.4678 15.1495 11.4104 14.3518L11.4108 14.3514C12.0745 13.7892 13.2018 13.82 13.9488 14.5846L14.7822 15.4378L15.6157 14.5846C16.3617 13.8211 17.4896 13.79 18.1545 14.3521" fill="#EB0203"></path>
                    </svg>
                    <svg class="inactive-content" width="100%" height="100%" viewBox="0 0 20 23" fill="none" xmlns="http://www.w3.org/2000/svg">
                    <path fill-rule="evenodd" clip-rule="evenodd" d="M6.18408 5.77914C6.18408 5.46223 6.44363 5.20532 6.7638 5.20532H12.3678C12.6879 5.20532 12.9475 5.46223 12.9475 5.77914C12.9475 6.09606 12.6879 6.35297 12.3678 6.35297H6.7638C6.44363 6.35297 6.18408 6.09606 6.18408 5.77914Z" fill="#EB0203"></path>
                    <path fill-rule="evenodd" clip-rule="evenodd" d="M6.18408 11.9034C6.18408 11.5865 6.44363 11.3296 6.7638 11.3296H12.3678C12.6879 11.3296 12.9475 11.5865 12.9475 11.9034C12.9475 12.2202 12.6879 12.4771 12.3678 12.4771H6.7638C6.44363 12.4771 6.18408 12.2202 6.18408 11.9034Z" fill="#EB0203"></path>
                    <path fill-rule="evenodd" clip-rule="evenodd" d="M6.18408 8.84116C6.18408 8.52424 6.44363 8.26733 6.7638 8.26733H12.3678C12.6879 8.26733 12.9475 8.52424 12.9475 8.84116C12.9475 9.15807 12.6879 9.41498 12.3678 9.41498H6.7638C6.44363 9.41498 6.18408 9.15807 6.18408 8.84116Z" fill="#EB0203"></path>
                    <path fill-rule="evenodd" clip-rule="evenodd" d="M6.18408 14.9655C6.18408 14.6486 6.44363 14.3917 6.7638 14.3917H10.1455C10.4657 14.3917 10.7252 14.6486 10.7252 14.9655C10.7252 15.2825 10.4657 15.5394 10.1455 15.5394H6.7638C6.44363 15.5394 6.18408 15.2825 6.18408 14.9655Z" fill="#EB0203"></path>
                    <path fill-rule="evenodd" clip-rule="evenodd" d="M3.67139 5.77914C3.67139 5.46223 3.93094 5.20532 4.25111 5.20532H4.63759C4.95776 5.20532 5.21731 5.46223 5.21731 5.77914C5.21731 6.09606 4.95776 6.35297 4.63759 6.35297H4.25111C3.93094 6.35297 3.67139 6.09606 3.67139 5.77914Z" fill="#EB0203"></path>
                    <path fill-rule="evenodd" clip-rule="evenodd" d="M3.67139 11.9034C3.67139 11.5865 3.93094 11.3296 4.25111 11.3296H4.63759C4.95776 11.3296 5.21731 11.5865 5.21731 11.9034C5.21731 12.2202 4.95776 12.4771 4.63759 12.4771H4.25111C3.93094 12.4771 3.67139 12.2202 3.67139 11.9034Z" fill="#EB0203"></path>
                    <path fill-rule="evenodd" clip-rule="evenodd" d="M3.67139 8.84116C3.67139 8.52424 3.93094 8.26733 4.25111 8.26733H4.63759C4.95776 8.26733 5.21731 8.52424 5.21731 8.84116C5.21731 9.15807 4.95776 9.41498 4.63759 9.41498H4.25111C3.93094 9.41498 3.67139 9.15807 3.67139 8.84116Z" fill="#EB0203"></path>
                    <path fill-rule="evenodd" clip-rule="evenodd" d="M3.67139 14.9655C3.67139 14.6486 3.93094 14.3917 4.25111 14.3917H4.63759C4.95776 14.3917 5.21731 14.6486 5.21731 14.9655C5.21731 15.2825 4.95776 15.5394 4.63759 15.5394H4.25111C3.93094 15.5394 3.67139 15.2825 3.67139 14.9655Z" fill="#EB0203"></path>
                    <path fill-rule="evenodd" clip-rule="evenodd" d="M0 1.76033C0 0.914738 0.692131 0.229248 1.54592 0.229248H15.0727C15.9265 0.229248 16.6186 0.914738 16.6186 1.76033V11.2818C16.6186 11.5989 16.3591 11.8559 16.0389 11.8559C15.7187 11.8559 15.4592 11.5989 15.4592 11.2818V1.76033C15.4592 1.54893 15.2862 1.37756 15.0727 1.37756H1.54592C1.33247 1.37756 1.15944 1.54893 1.15944 1.76033V18.985C1.15944 19.1964 1.33247 19.3678 1.54592 19.3678H9.27551C9.59568 19.3678 9.85523 19.6249 9.85523 19.942C9.85523 20.2591 9.59568 20.5161 9.27551 20.5161H1.54592C0.692131 20.5161 0 19.8306 0 18.985V1.76033Z" fill="#EB0203"></path>
                    <path fill-rule="evenodd" clip-rule="evenodd" d="M14.6254 13.8718C13.4921 12.8567 11.7821 12.7615 10.6574 13.7147C9.12472 15.0124 9.34891 17.128 10.4413 18.2493L14.0161 21.9126C14.2199 22.1217 14.493 22.2386 14.7824 22.2386C15.0739 22.2386 15.3449 22.1238 15.5487 21.9147L19.1235 18.2514C20.2139 17.13 20.4422 15.0144 18.9075 13.7147C17.7827 12.7634 16.0726 12.8569 14.9392 13.872C14.8856 13.92 14.8333 13.9701 14.7824 14.0222C14.7314 13.97 14.6791 13.9199 14.6254 13.8718ZM18.1546 14.588C19.0972 15.3869 18.9961 16.7262 18.2891 17.4541C18.2888 17.4543 18.2886 17.4546 18.2884 17.4548L14.7834 21.0466L11.2757 17.452C11.2756 17.4519 11.2755 17.4517 11.2753 17.4516C10.5681 16.7252 10.4682 15.3856 11.4108 14.5876L11.4112 14.5872C12.0748 14.0248 13.202 14.0556 13.949 14.8205L14.7824 15.674L15.6158 14.8205C16.3618 14.0567 17.4896 14.0256 18.1545 14.5879" fill="#EB0203"></path>
                    </svg>
                    </button>
                    </div>
                    <div class="col-sm-10 col-12">
                    
                    <div class="ct-tile-quantity d-none" data-pid="7279387">
                    <input type="hidden" class="add-to-cart-url" value="https://www.continente.pt/on/demandware.store/Sites-continente-Site/default/Cart-AddProduct" tabindex="-1">
                    <div class="d-none tile-delete-confirmation-btn" data-pid="7279387" data-delay-time="3000" data-in-cart-msg="no carrinho" data-one-product-added="Adicionado ao carrinho" data-remove-from-cart-msg="Removido do carrinho" data-stay-open="6000.0" data-confirmation-image="{&quot;url&quot;:&quot;https://www.continente.pt/dw/image/v2/BDVS_PRD/on/demandware.static/-/Sites-col-master-catalog/default/dw99c307cc/images/col/727/7279387-frente.jpg?sw=87&amp;sh=80&quot;,&quot;fallbackimage&quot;:{&quot;url&quot;:&quot;https://www.continente.pt/dw/image/v2/BDVS_PRD/on/demandware.static/Sites-continente-Site/-/default/dw7c42b4da/images/noimagelarge_product.png?sw=87&amp;sh=80&quot;,&quot;title&quot;:&quot;Girasoli Fresco com Pesto, Ricotta, Pecorino e Pinhões&quot;,&quot;alt&quot;:&quot;Girasoli Fresco com Pesto, Ricotta, Pecorino e Pinhões&quot;},&quot;title&quot;:&quot;Girasoli Fresco com Pesto, Ricotta, Pecorino e Pinhões&quot;,&quot;alt&quot;:&quot;Girasoli Fresco com Pesto, Ricotta, Pecorino e Pinhões&quot;}"></div>
                    <div class="ct-tile-quantity-update quantity-update product-qty-vue" data-remove-action="https://www.continente.pt/on/demandware.store/Sites-continente-Site/default/Cart-RemoveProductLineItem" data-action="https://www.continente.pt/on/demandware.store/Sites-continente-Site/default/Cart-UpdateQuantity" data-dimension-update="https://www.continente.pt/on/demandware.store/Sites-continente-Site/default/Cart-DimensionUpdate" data-pid="7279387" data-uuid="1251c61f7c36fb51e3d0fb8f3b" data-add-delay="500.0" data-measure-options="{&quot;hasConversionRate&quot;:true,&quot;hasAlternativeSaleUnit&quot;:false,&quot;primaryToSecondary&quot;:1,&quot;secondaryToPrimary&quot;:1,&quot;unitConversionRate&quot;:1,&quot;minOrderQuantity&quot;:1,&quot;stepQuantity&quot;:1,&quot;primaryunit&quot;:&quot;un&quot;,&quot;secondaryunit&quot;:&quot;kg&quot;,&quot;selectedunit&quot;:&quot;primary&quot;,&quot;maxNumberOfUnitsPerSale&quot;:50}" data-price-available="null" :data-has-error="isMaxQtyReached || isMinQtyReached || qtySelectedMoreThanOne">
                    <template v-show="prodUnits">
                    <div class="quantity-input-wrapper has-units">
                    <label class="visually-hidden" :for="'quantity-' + pid + additionalTag">
                    Quantidade no carrinho
                    </label>
                    <input :ref="'quantityInput-' + pid + additionalTag" class="add-to-cart-quantity form-control ct-form-input text-center" inputmode="numeric" :class="{'is-invalid': isInvalid}" :data-pid="pid + additionalTag" :name="'quantity-' + pid + additionalTag" type="text" aria-label="Insira a quantidade" title="" v-model="displayValue" @change="updateQuantity" @focus="updateQtyFormat" @blur="restoreQtyFormat" :disabled="!isPriceAvailable">
                    <span class="quantity-icon quantity-icon--minus">
                    <button class="decrease-quantity-btn" @click="updateQuantity" :disabled="!isPriceAvailable" role="button" aria-label="Reduzir quantidade">
                    <i class="css-math-minus"></i>
                    </button>
                    </span>
                    <span class="quantity-icon quantity-icon--plus">
                    <button class="increase-quantity-btn" @click="updateQuantity" :disabled="isMaxQtyReached || !isPriceAvailable" role="button" aria-label="Aumentar quantidade">
                    <i class="css-math-plus"></i>
                    </button>
                    <span class="quantity-btn-disabled-placeholder"></span>
                    </span>
                    <template v-if="isPDP">
                    <span class="quantity-error ct-span-error text-sm-center product-max-allocation" v-if="isMaxQtyReached">
                    Quantidade máxima atingida
                    </span>
                    <span class="quantity-error ct-span-product text-sm-center product-allocation" v-if="!isMinQtyReached &amp;&amp; !isMaxQtyReached">
                    {{quantitySelected}} no carrinho
                    </span>
                    <span class="quantity-error ct-span-error text-sm-center product-min-allocation" :data-pid="pid" v-if="isMinQtyReached &amp;&amp; !isMaxQtyReached">
                    Quantidade mínima atingida
                    </span>
                    </template>
                    </div>
                    <template v-if="showNotes">
                    <div class="add-note-link-container ">
                    <div class="add-note">
                    <a href="/produto/girasoli-fresco-com-pesto-ricotta-pecorino-e-pinhoes-continente-selecao-7279387.html?showNote=true" class="ct-add-note-redirect-pdp" aria-label="Adicionar comentário">
                    <span class="svg-wrapper svg-icon-notes" style="width:19px; height:20px">
                    <svg class="svg-inline icon-notes" viewBox="0 0 28 30" xmlns="http://www.w3.org/2000/svg" width="100%" height="100%"><path d="M21.738 0C22.985 0 24 1.04 24 2.319V12.47c0 .469-.37.848-.828.848-.457 0-.827-.38-.827-.848V2.32c0-.343-.273-.622-.607-.622H2.262c-.334 0-.607.279-.607.622V27.68c0 .343.273.622.607.622h7.81c.457 0 .827.38.827.849 0 .468-.37.848-.827.848h-7.81C1.015 30 0 28.96 0 27.681V2.32C0 1.04 1.015 0 2.262 0h19.476zm2.844 16.004l.227.007c.823.053 1.589.39 2.176.964.64.627.993 1.46.993 2.349 0 .888-.353 1.722-.993 2.348l-6.83 6.665c-.11.108-.247.186-.397.226l-5.032 1.363c-.078.021-.16.032-.241.032-.242 0-.478-.097-.647-.266-.23-.231-.314-.566-.218-.874l1.49-4.798c.044-.139.122-.266.227-.369l6.844-6.677c.64-.625 1.493-.97 2.401-.97zm-2.886 3.94l-4.922 4.802-.947 3.048 3.22-.872 4.897-4.78-2.248-2.197zm2.887-2.174c-.425 0-.824.162-1.124.455l-.484.472 2.248 2.197.484-.472c.62-.606.62-1.591 0-2.197l-.117-.104c-.283-.227-.636-.35-1.007-.35zm-10.839.022c.498 0 .904.396.904.883 0 .488-.406.884-.904.884H5.946c-.499 0-.904-.396-.904-.884 0-.487.405-.883.904-.883zm5.042-4.876c.498 0 .904.397.904.884s-.406.884-.904.884H5.946c-.499 0-.904-.397-.904-.884s.405-.884.904-.884zm0-4.875c.498 0 .904.396.904.884 0 .487-.406.883-.904.883H5.946c-.499 0-.904-.396-.904-.883 0-.488.405-.884.904-.884z" fill="#EB0203" fill-rule="evenodd"></path></svg>
                    </span>
                    <div class="available-note d-none"></div>
                    </a>
                    </div>
                    </div>
                    </template>
                    <div class="measurement-unit-section" v-if="isPriceAvailable &amp;&amp; prodUnits ? prodUnits.hasAlternativeUnit : false">
                    <div class="ct-form-radio" @click="setDimension">
                    <input type="radio" title="" class="ct-form-check-input product-measurement-unit" :data-type="prodUnits.selectedUnit == prodUnits.secondaryUnit ? 'primary' : ''" :id="prodUnits.secondaryUnit + '-' + pid + '-measurement-unit-ptile' + additionalTag" :name="'measurement-unit-' + pid + '-ptile' + additionalTag" :value="prodUnits.secondaryUnit" v-model="prodUnits.selectedUnit">
                    <label :class="prodUnits.secondaryUnit + '-label ct-form-check-label mb-0'" :for="prodUnits.secondaryUnit + '-' + pid + '-measurement-unit-ptile' + additionalTag">
                    {{prodUnits.secondaryUnit}}
                    </label>
                    <span class="checkmark"></span>
                    </div>
                    <div class="ct-form-radio" @click="setDimension">
                    <input type="radio" title="" class="ct-form-check-input product-measurement-unit" :data-type="prodUnits.selectedUnit == prodUnits.primaryUnit ? 'primary' : ''" :id="prodUnits.primaryUnit + '-' + pid + '-measurement-unit-ptile' + additionalTag" :name="'measurement-unit-' + pid + '-ptile' + additionalTag" :value="prodUnits.primaryUnit" v-model="prodUnits.selectedUnit">
                    <label :class="prodUnits.primaryUnit + '-label ct-form-check-label mb-0'" :for="prodUnits.primaryUnit + '-' + pid + '-measurement-unit-ptile' + additionalTag">
                    {{prodUnits.primaryUnit}}
                    </label>
                    <span class="checkmark"></span>
                    </div>
                    </div>
                    <template v-if="!isPDP &amp;&amp; isPriceAvailable">
                    <span class="quantity-error ct-span-error product-max-allocation" v-if="isMaxQtyReached">
                    Quantidade máxima atingida
                    </span>
                    <span class="quantity-error ct-span-product product-allocation" v-if="!isMinQtyReached &amp;&amp; !isMaxQtyReached">
                    {{quantitySelected}} no carrinho
                    </span>
                    <span class="quantity-error ct-span-error product-min-allocation" :data-pid="pid" v-if="isMinQtyReached &amp;&amp; !isMaxQtyReached">
                    Quantidade mínima atingida
                    </span>
                    </template>
                    </template>
                    </div>
                    <input class="quantity-value-mask d-none" name="quantity" type="number" min="0" value="" tabindex="-1">
                    </div>
                    <button type="button" class="add-to-cart button js-add-to-cart js-add-to-cart-tile 7279387 button--primary dynamic-layout-btn" data-toggle="modal" data-target="#chooseBonusProductModal" data-pid="7279387" data-quantity-value="null" aria-label="Carrinho" tabindex="-1">
                    <span class="d-block d-sm-none">
                    <span class="svg-wrapper svg-icon-cart" style="width:20px; height:20px">
                    <svg class="svg-inline icon-cart" xmlns="http://www.w3.org/2000/svg" viewBox="0 0 500 500" width="100%" height="100%"><path fill="#EB0203" fill-rule="evenodd" d="M 485.67317,94.386311 C 476.37798,83.847129 463.09468,78.03348 448.30404,78.03348 H 90.690813 L 87.079511,51.327997 C 83.185582,22.539551 62.962285,0 41.011841,0 H 14.727836 C 6.563151,0 0,6.5286975 0,14.580758 c 0,8.05206 6.5945535,14.580758 14.727836,14.580758 h 26.284005 c 4.710398,0 14.696435,9.855222 16.894619,26.021523 L 100.01739,368.0631 c 1.88416,13.77244 9.01256,26.70549 20.1605,36.37417 8.25889,7.15046 18.02511,11.9071 28.26237,13.89679 -4.17655,7.58572 -6.53175,16.25957 -6.53175,25.493 0,29.53459 24.27424,53.59751 54.13815,53.59751 29.8325,0 54.13814,-24.03184 54.13814,-53.59751 0,-8.79818 -2.19818,-17.09897 -5.9979,-24.43598 h 77.12488 c -3.79973,7.33701 -5.96652,15.6378 -5.96652,24.43598 0,29.53459 24.27424,53.59751 54.13817,53.59751 29.83249,0 54.13814,-24.03184 54.13814,-53.59751 0,-8.79818 -2.1982,-17.09897 -5.9979,-24.43598 h 38.56243 c 8.13328,0 14.72783,-6.5287 14.72783,-14.61183 0,-8.02098 -6.59455,-14.54967 -14.72783,-14.54967 H 159.24277 c -14.38241,0 -28.13677,-11.90711 -30.02092,-26.02153 l -3.07746,-22.88154 h 290.6314 c 14.03698,0 27.94834,-5.28513 39.06488,-14.95381 11.11652,-9.6376 18.27632,-22.57065 20.16048,-36.37417 l 21.10259,-156.78201 c 1.94694,-14.51858 -2.10398,-28.29103 -11.43057,-38.861299 z M 220.76053,443.82706 c 0,13.49265 -11.08513,24.46709 -24.68247,24.46709 -13.62874,0 -24.71387,-10.97444 -24.71387,-24.46709 0,-13.49262 11.08513,-24.43598 24.71387,-24.43598 13.59734,0 24.68247,10.94336 24.68247,24.43598 z m 173.43675,0 c 0,13.49265 -11.08512,24.46709 -24.68245,24.46709 -13.62876,0 -24.71388,-10.97444 -24.71388,-24.46709 0,-13.49262 11.08512,-24.43598 24.71388,-24.43598 13.59733,0 24.68245,10.94336 24.68245,24.43598 z m 73.7648,-314.46558 -21.13397,156.782 c -1.88416,14.11442 -15.63851,26.05261 -30.02091,26.05261 H 122.25046 L 94.616142,107.19499 H 448.33544 c 6.18632,0 11.61896,2.2695 15.23028,6.37326 3.64269,4.13484 5.21283,9.73086 4.39636,15.79323 z"></path></svg>
                    </span>
                    </span>
                    <span class="add-to-cart--text d-none d-sm-block">Carrinho</span>
                    </button>
                    </div>
                    </div>
                    </div>
                    </div>
                    
                    <div class="col-12 d-sm-none">
                    </div>
                    </div>
                    </div>
                    </div>
                    </div><div class="pd-tile-wrap slick-slide" data-idx="11" style="width: 276px; height: auto;" data-slick-index="10" aria-hidden="true" tabindex="-1" role="tabpanel" id="slick-slide010">
                    
                    <script type="text/javascript">//<!--
                    /* <![CDATA[ */
                    (function(){
                    try {
                        if(window.CQuotient) {
                            var cq_params = {};
                            cq_params.cookieId = window.CQuotient.getCQCookieId();
                            cq_params.userId = window.CQuotient.getCQUserId();
                            cq_params.emailId = CQuotient.getCQHashedEmail();
                            cq_params.loginId = CQuotient.getCQHashedLogin();
                            cq_params.accumulate = true;
                            cq_params.products = [{
                                id: '4999531',
                                sku: '',
                                type: '',
                                alt_id: ''
                            }];
                            cq_params.recommenderName = '__UNDEFINED__';
                            cq_params.realm = "BDVS";
                            cq_params.siteId = "continente";
                            cq_params.instanceType = "prd";
                            cq_params.locale = window.CQuotient.locale;
                            cq_params.slotId = '';
                            cq_params.slotConfigId = '';
                            cq_params.slotConfigTemplate = '';
                            if(window.CQuotient.sendActivity)
                                window.CQuotient.sendActivity( CQuotient.clientId, 'viewReco', cq_params );
                            else
                                window.CQuotient.activities.push( {activityType: 'viewReco', parameters: cq_params} );
                        }
                    } catch(err) {}
                    })();
                    /* ]]> */
                    // -->
                    </script>
                    <script type="text/javascript">//<!--
                    /* <![CDATA[ (viewProduct-active_data.js) */
                    dw.ac._capture({id: "4999531", type: "recommendation"});
                    /* ]]> */
                    // -->
                    </script>
                    <div class="product" data-pid="4999531">
                    <div class="product-tile pid-4999531   ct-product-tile " data-delay-time="3000" data-variants-mapping="[]" data-in-cart-msg="no carrinho" data-one-product-added="Adicionado ao carrinho" data-remove-from-cart-msg="Removido do carrinho" data-stay-open="6000.0" data-product-tile-impression="{&quot;name&quot;:&quot;4999531&quot;,&quot;id&quot;:&quot;4999531&quot;,&quot;price&quot;:2.29,&quot;brand&quot;:&quot;Continente Fácil &amp; Bom&quot;,&quot;category&quot;:[{&quot;category_level_1&quot;:&quot;Take-Away&quot;},{&quot;category_level_2&quot;:&quot;Hambúrgueres&quot;},{&quot;category_level_3&quot;:&quot;Pronto a Comer&quot;}],&quot;variant&quot;:&quot;&quot;}">
                    <div class="ct-inner-tile-wrap row no-gutters justify-content-center align-content-start">
                    
                    <div class="ct-image-container col-4 col-sm" data-confirmation-image="{&quot;url&quot;:&quot;https://www.continente.pt/dw/image/v2/BDVS_PRD/on/demandware.static/-/Sites-col-master-catalog/default/dw3bb38f2a/images/col/499/4999531-frente.jpg?sw=87&amp;sh=80&quot;,&quot;fallbackimage&quot;:{&quot;url&quot;:&quot;https://www.continente.pt/dw/image/v2/BDVS_PRD/on/demandware.static/Sites-continente-Site/-/default/dw7c42b4da/images/noimagelarge_product.png?sw=87&amp;sh=80&quot;,&quot;title&quot;:&quot;Hambúrguer de Aves com Queijo Gouda&quot;,&quot;alt&quot;:&quot;Hambúrguer de Aves com Queijo Gouda&quot;},&quot;title&quot;:&quot;Hambúrguer de Aves com Queijo Gouda&quot;,&quot;alt&quot;:&quot;Hambúrguer de Aves com Queijo Gouda&quot;}">
                    <a href="https://www.continente.pt/produto/hamburguer-de-aves-com-queijo-gouda-continente-facil-bom-4999531.html?cgid=home" tabindex="-1">
                    <picture class="intrinsic intrinsic--square">
                    <img class="ct-tile-image lazyloaded" loading="lazy" onerror="this.onerror=null;this.src='/on/demandware.static/Sites-continente-Site/-/default/dw7c42b4da/images/noimagelarge_product.png';" data-src="https://www.continente.pt/dw/image/v2/BDVS_PRD/on/demandware.static/-/Sites-col-master-catalog/default/dw3bb38f2a/images/col/499/4999531-frente.jpg?sw=280&amp;sh=280" alt="Hambúrguer de Aves com Queijo Gouda" title="Hambúrguer de Aves com Queijo Gouda" src="https://www.continente.pt/dw/image/v2/BDVS_PRD/on/demandware.static/-/Sites-col-master-catalog/default/dw3bb38f2a/images/col/499/4999531-frente.jpg?sw=280&amp;sh=280">
                    </picture>
                    </a>
                    <div class="color-swatches d-flex" style="margin-left: 5px;">
                    <div class="swatches d-flex">
                    </div>
                    </div>
                    </div>
                    <div class="ct-tile-body col col-sm-auto ">
                    <div class="ct-pdp-details">
                    <div class="ct-pdp-link">
                    <a class="ct-tile--description" href="https://www.continente.pt/produto/hamburguer-de-aves-com-queijo-gouda-continente-facil-bom-4999531.html?cgid=home" tabindex="-1">Hambúrguer de Aves com Queijo Gouda</a>
                    <div class="ct-tile--favorite-top d-sm-none">
                    <button class="wishlist-toggler guest-mode inactive button button--tertiary" data-pid="4999531" data-add-url="https://www.continente.pt/on/demandware.store/Sites-continente-Site/default/Wishlist-AddProduct?pid=4999531" data-toggle="tooltip" aria-label="Adicionar aos favoritos " data-original-title="Adicionar aos favoritos" data-placement="top" tabindex="-1">
                    <svg class="active-content" width="100%" height="100%" viewBox="0 0 20 22" fill="none" xmlns="http://www.w3.org/2000/svg">
                    <path fill-rule="evenodd" clip-rule="evenodd" d="M0 1.53052C0 0.685236 0.692171 0 1.54601 0H15.0736C15.9274 0 16.6196 0.685235 16.6196 1.53052V13.4064L15.8127 13.922L14.2658 14.2658L12.7189 13.4064L10.6054 14.3818C10.4994 14.2451 10.3327 14.157 10.1452 14.157H6.76329C6.4431 14.157 6.18354 14.414 6.18354 14.731C6.18354 15.0479 6.4431 15.3049 6.76329 15.3049H10.1452C10.2478 15.3049 10.3441 15.2785 10.4277 15.2322L10.3126 16.8439L13.2345 20.2793H1.54601C0.69217 20.2793 0 19.5941 0 18.7488V1.53052ZM6.18354 5.5483C6.18354 5.23132 6.4431 4.97436 6.76329 4.97436H12.3676C12.6878 4.97436 12.9473 5.23132 12.9473 5.5483C12.9473 5.86528 12.6878 6.12224 12.3676 6.12224H6.76329C6.4431 6.12224 6.18354 5.86528 6.18354 5.5483ZM6.76329 11.0961C6.4431 11.0961 6.18354 11.3531 6.18354 11.6701C6.18354 11.987 6.4431 12.244 6.76329 12.244H12.3676C12.6878 12.244 12.9473 11.987 12.9473 11.6701C12.9473 11.3531 12.6878 11.0961 12.3676 11.0961H6.76329ZM6.18354 8.60985C6.18354 8.29287 6.4431 8.03591 6.76329 8.03591H12.3676C12.6878 8.03591 12.9473 8.29287 12.9473 8.60985C12.9473 8.92684 12.6878 9.1838 12.3676 9.1838H6.76329C6.4431 9.1838 6.18354 8.92684 6.18354 8.60985ZM3.67118 5.5483C3.67118 5.23132 3.93075 4.97436 4.25093 4.97436H4.63743C4.95762 4.97436 5.21719 5.23132 5.21719 5.5483C5.21719 5.86528 4.95762 6.12224 4.63743 6.12224H4.25093C3.93075 6.12224 3.67118 5.86528 3.67118 5.5483ZM4.25093 11.0961C3.93075 11.0961 3.67118 11.3531 3.67118 11.6701C3.67118 11.987 3.93075 12.244 4.25093 12.244H4.63743C4.95762 12.244 5.21719 11.987 5.21719 11.6701C5.21719 11.3531 4.95762 11.0961 4.63743 11.0961H4.25093ZM3.67118 8.60985C3.67118 8.29287 3.93075 8.03591 4.25093 8.03591H4.63743C4.95762 8.03591 5.21719 8.29287 5.21719 8.60985C5.21719 8.92684 4.95762 9.1838 4.63743 9.1838H4.25093C3.93075 9.1838 3.67118 8.92684 3.67118 8.60985ZM4.25093 14.157C3.93075 14.157 3.67118 14.414 3.67118 14.731C3.67118 15.0479 3.93075 15.3049 4.25093 15.3049H4.63743C4.95762 15.3049 5.21719 15.0479 5.21719 14.731C5.21719 14.414 4.95762 14.157 4.63743 14.157H4.25093Z" fill="#EB0203"></path>
                    <path fill-rule="evenodd" clip-rule="evenodd" d="M14.6252 13.6363C13.4918 12.6215 11.7817 12.5264 10.6569 13.4792C9.12421 14.7764 9.34841 16.8912 10.4409 18.0122L14.0159 21.6742C14.2197 21.8832 14.4928 22 14.7822 22C15.0737 22 15.3448 21.8852 15.5486 21.6762L19.1236 18.0142C20.214 16.8933 20.4423 14.7785 18.9075 13.4792C17.7827 12.5283 16.0724 12.6217 14.9391 13.6365C14.8855 13.6845 14.8331 13.7345 14.7822 13.7866C14.7313 13.7345 14.6789 13.6843 14.6252 13.6363ZM18.1546 14.3522C19.0973 15.1508 18.9962 16.4896 18.2891 17.2173C18.2888 17.2175 18.2886 17.2177 18.2884 17.218L14.7832 20.8084L11.2753 17.2151C11.2752 17.215 11.2751 17.2149 11.2749 17.2148C10.5677 16.4887 10.4678 15.1495 11.4104 14.3518L11.4108 14.3514C12.0745 13.7892 13.2018 13.82 13.9488 14.5846L14.7822 15.4378L15.6157 14.5846C16.3617 13.8211 17.4896 13.79 18.1545 14.3521" fill="#EB0203"></path>
                    </svg>
                    <svg class="inactive-content" width="100%" height="100%" viewBox="0 0 20 23" fill="none" xmlns="http://www.w3.org/2000/svg">
                    <path fill-rule="evenodd" clip-rule="evenodd" d="M6.18408 5.77914C6.18408 5.46223 6.44363 5.20532 6.7638 5.20532H12.3678C12.6879 5.20532 12.9475 5.46223 12.9475 5.77914C12.9475 6.09606 12.6879 6.35297 12.3678 6.35297H6.7638C6.44363 6.35297 6.18408 6.09606 6.18408 5.77914Z" fill="#EB0203"></path>
                    <path fill-rule="evenodd" clip-rule="evenodd" d="M6.18408 11.9034C6.18408 11.5865 6.44363 11.3296 6.7638 11.3296H12.3678C12.6879 11.3296 12.9475 11.5865 12.9475 11.9034C12.9475 12.2202 12.6879 12.4771 12.3678 12.4771H6.7638C6.44363 12.4771 6.18408 12.2202 6.18408 11.9034Z" fill="#EB0203"></path>
                    <path fill-rule="evenodd" clip-rule="evenodd" d="M6.18408 8.84116C6.18408 8.52424 6.44363 8.26733 6.7638 8.26733H12.3678C12.6879 8.26733 12.9475 8.52424 12.9475 8.84116C12.9475 9.15807 12.6879 9.41498 12.3678 9.41498H6.7638C6.44363 9.41498 6.18408 9.15807 6.18408 8.84116Z" fill="#EB0203"></path>
                    <path fill-rule="evenodd" clip-rule="evenodd" d="M6.18408 14.9655C6.18408 14.6486 6.44363 14.3917 6.7638 14.3917H10.1455C10.4657 14.3917 10.7252 14.6486 10.7252 14.9655C10.7252 15.2825 10.4657 15.5394 10.1455 15.5394H6.7638C6.44363 15.5394 6.18408 15.2825 6.18408 14.9655Z" fill="#EB0203"></path>
                    <path fill-rule="evenodd" clip-rule="evenodd" d="M3.67139 5.77914C3.67139 5.46223 3.93094 5.20532 4.25111 5.20532H4.63759C4.95776 5.20532 5.21731 5.46223 5.21731 5.77914C5.21731 6.09606 4.95776 6.35297 4.63759 6.35297H4.25111C3.93094 6.35297 3.67139 6.09606 3.67139 5.77914Z" fill="#EB0203"></path>
                    <path fill-rule="evenodd" clip-rule="evenodd" d="M3.67139 11.9034C3.67139 11.5865 3.93094 11.3296 4.25111 11.3296H4.63759C4.95776 11.3296 5.21731 11.5865 5.21731 11.9034C5.21731 12.2202 4.95776 12.4771 4.63759 12.4771H4.25111C3.93094 12.4771 3.67139 12.2202 3.67139 11.9034Z" fill="#EB0203"></path>
                    <path fill-rule="evenodd" clip-rule="evenodd" d="M3.67139 8.84116C3.67139 8.52424 3.93094 8.26733 4.25111 8.26733H4.63759C4.95776 8.26733 5.21731 8.52424 5.21731 8.84116C5.21731 9.15807 4.95776 9.41498 4.63759 9.41498H4.25111C3.93094 9.41498 3.67139 9.15807 3.67139 8.84116Z" fill="#EB0203"></path>
                    <path fill-rule="evenodd" clip-rule="evenodd" d="M3.67139 14.9655C3.67139 14.6486 3.93094 14.3917 4.25111 14.3917H4.63759C4.95776 14.3917 5.21731 14.6486 5.21731 14.9655C5.21731 15.2825 4.95776 15.5394 4.63759 15.5394H4.25111C3.93094 15.5394 3.67139 15.2825 3.67139 14.9655Z" fill="#EB0203"></path>
                    <path fill-rule="evenodd" clip-rule="evenodd" d="M0 1.76033C0 0.914738 0.692131 0.229248 1.54592 0.229248H15.0727C15.9265 0.229248 16.6186 0.914738 16.6186 1.76033V11.2818C16.6186 11.5989 16.3591 11.8559 16.0389 11.8559C15.7187 11.8559 15.4592 11.5989 15.4592 11.2818V1.76033C15.4592 1.54893 15.2862 1.37756 15.0727 1.37756H1.54592C1.33247 1.37756 1.15944 1.54893 1.15944 1.76033V18.985C1.15944 19.1964 1.33247 19.3678 1.54592 19.3678H9.27551C9.59568 19.3678 9.85523 19.6249 9.85523 19.942C9.85523 20.2591 9.59568 20.5161 9.27551 20.5161H1.54592C0.692131 20.5161 0 19.8306 0 18.985V1.76033Z" fill="#EB0203"></path>
                    <path fill-rule="evenodd" clip-rule="evenodd" d="M14.6254 13.8718C13.4921 12.8567 11.7821 12.7615 10.6574 13.7147C9.12472 15.0124 9.34891 17.128 10.4413 18.2493L14.0161 21.9126C14.2199 22.1217 14.493 22.2386 14.7824 22.2386C15.0739 22.2386 15.3449 22.1238 15.5487 21.9147L19.1235 18.2514C20.2139 17.13 20.4422 15.0144 18.9075 13.7147C17.7827 12.7634 16.0726 12.8569 14.9392 13.872C14.8856 13.92 14.8333 13.9701 14.7824 14.0222C14.7314 13.97 14.6791 13.9199 14.6254 13.8718ZM18.1546 14.588C19.0972 15.3869 18.9961 16.7262 18.2891 17.4541C18.2888 17.4543 18.2886 17.4546 18.2884 17.4548L14.7834 21.0466L11.2757 17.452C11.2756 17.4519 11.2755 17.4517 11.2753 17.4516C10.5681 16.7252 10.4682 15.3856 11.4108 14.5876L11.4112 14.5872C12.0748 14.0248 13.202 14.0556 13.949 14.8205L14.7824 15.674L15.6158 14.8205C16.3618 14.0567 17.4896 14.0256 18.1545 14.5879" fill="#EB0203"></path>
                    </svg>
                    </button>
                    </div>
                    </div>
                    <p class="ct-tile--brand">Continente Fácil &amp; Bom</p>
                    <p class="ct-tile--quantity">emb. 250 gr (2 un)</p>
                    </div>
                    <div class="ct-tile-bottom row no-gutters justify-content-between">
                    <div class="ct-price-wrap col-8 col-sm-12">
                    <div class="price js-product-price">
                    <div class="prices-wrapper">
                    <span class="sales ct-tile--price-primary ">
                    <span class="value" content="2.29">
                    <span class="ct-price-formatted">
                    €2,29
                    </span>
                    <span class="ct-m-unit">
                    /un
                    </span>
                    </span>
                    </span>
                    </div>
                    <div class="ct-tile--price-secondary">
                    <span class="ct-price-value">
                    €9,16
                    </span>
                    <span class="ct-m-unit">
                    /kg
                    </span>
                    </div>
                    </div>
                    </div>
                    <div class="ct-tile-buy-section d-flex justify-content-center no-gutters col-auto col-sm-12">
                    <div class="col-2 d-sm-flex d-none">
                    <button class="wishlist-toggler guest-mode inactive button button--tertiary" data-pid="4999531" data-add-url="https://www.continente.pt/on/demandware.store/Sites-continente-Site/default/Wishlist-AddProduct?pid=4999531" data-toggle="tooltip" aria-label="Adicionar aos favoritos " data-original-title="Adicionar aos favoritos" data-placement="top" tabindex="-1">
                    <svg class="active-content" width="100%" height="100%" viewBox="0 0 20 22" fill="none" xmlns="http://www.w3.org/2000/svg">
                    <path fill-rule="evenodd" clip-rule="evenodd" d="M0 1.53052C0 0.685236 0.692171 0 1.54601 0H15.0736C15.9274 0 16.6196 0.685235 16.6196 1.53052V13.4064L15.8127 13.922L14.2658 14.2658L12.7189 13.4064L10.6054 14.3818C10.4994 14.2451 10.3327 14.157 10.1452 14.157H6.76329C6.4431 14.157 6.18354 14.414 6.18354 14.731C6.18354 15.0479 6.4431 15.3049 6.76329 15.3049H10.1452C10.2478 15.3049 10.3441 15.2785 10.4277 15.2322L10.3126 16.8439L13.2345 20.2793H1.54601C0.69217 20.2793 0 19.5941 0 18.7488V1.53052ZM6.18354 5.5483C6.18354 5.23132 6.4431 4.97436 6.76329 4.97436H12.3676C12.6878 4.97436 12.9473 5.23132 12.9473 5.5483C12.9473 5.86528 12.6878 6.12224 12.3676 6.12224H6.76329C6.4431 6.12224 6.18354 5.86528 6.18354 5.5483ZM6.76329 11.0961C6.4431 11.0961 6.18354 11.3531 6.18354 11.6701C6.18354 11.987 6.4431 12.244 6.76329 12.244H12.3676C12.6878 12.244 12.9473 11.987 12.9473 11.6701C12.9473 11.3531 12.6878 11.0961 12.3676 11.0961H6.76329ZM6.18354 8.60985C6.18354 8.29287 6.4431 8.03591 6.76329 8.03591H12.3676C12.6878 8.03591 12.9473 8.29287 12.9473 8.60985C12.9473 8.92684 12.6878 9.1838 12.3676 9.1838H6.76329C6.4431 9.1838 6.18354 8.92684 6.18354 8.60985ZM3.67118 5.5483C3.67118 5.23132 3.93075 4.97436 4.25093 4.97436H4.63743C4.95762 4.97436 5.21719 5.23132 5.21719 5.5483C5.21719 5.86528 4.95762 6.12224 4.63743 6.12224H4.25093C3.93075 6.12224 3.67118 5.86528 3.67118 5.5483ZM4.25093 11.0961C3.93075 11.0961 3.67118 11.3531 3.67118 11.6701C3.67118 11.987 3.93075 12.244 4.25093 12.244H4.63743C4.95762 12.244 5.21719 11.987 5.21719 11.6701C5.21719 11.3531 4.95762 11.0961 4.63743 11.0961H4.25093ZM3.67118 8.60985C3.67118 8.29287 3.93075 8.03591 4.25093 8.03591H4.63743C4.95762 8.03591 5.21719 8.29287 5.21719 8.60985C5.21719 8.92684 4.95762 9.1838 4.63743 9.1838H4.25093C3.93075 9.1838 3.67118 8.92684 3.67118 8.60985ZM4.25093 14.157C3.93075 14.157 3.67118 14.414 3.67118 14.731C3.67118 15.0479 3.93075 15.3049 4.25093 15.3049H4.63743C4.95762 15.3049 5.21719 15.0479 5.21719 14.731C5.21719 14.414 4.95762 14.157 4.63743 14.157H4.25093Z" fill="#EB0203"></path>
                    <path fill-rule="evenodd" clip-rule="evenodd" d="M14.6252 13.6363C13.4918 12.6215 11.7817 12.5264 10.6569 13.4792C9.12421 14.7764 9.34841 16.8912 10.4409 18.0122L14.0159 21.6742C14.2197 21.8832 14.4928 22 14.7822 22C15.0737 22 15.3448 21.8852 15.5486 21.6762L19.1236 18.0142C20.214 16.8933 20.4423 14.7785 18.9075 13.4792C17.7827 12.5283 16.0724 12.6217 14.9391 13.6365C14.8855 13.6845 14.8331 13.7345 14.7822 13.7866C14.7313 13.7345 14.6789 13.6843 14.6252 13.6363ZM18.1546 14.3522C19.0973 15.1508 18.9962 16.4896 18.2891 17.2173C18.2888 17.2175 18.2886 17.2177 18.2884 17.218L14.7832 20.8084L11.2753 17.2151C11.2752 17.215 11.2751 17.2149 11.2749 17.2148C10.5677 16.4887 10.4678 15.1495 11.4104 14.3518L11.4108 14.3514C12.0745 13.7892 13.2018 13.82 13.9488 14.5846L14.7822 15.4378L15.6157 14.5846C16.3617 13.8211 17.4896 13.79 18.1545 14.3521" fill="#EB0203"></path>
                    </svg>
                    <svg class="inactive-content" width="100%" height="100%" viewBox="0 0 20 23" fill="none" xmlns="http://www.w3.org/2000/svg">
                    <path fill-rule="evenodd" clip-rule="evenodd" d="M6.18408 5.77914C6.18408 5.46223 6.44363 5.20532 6.7638 5.20532H12.3678C12.6879 5.20532 12.9475 5.46223 12.9475 5.77914C12.9475 6.09606 12.6879 6.35297 12.3678 6.35297H6.7638C6.44363 6.35297 6.18408 6.09606 6.18408 5.77914Z" fill="#EB0203"></path>
                    <path fill-rule="evenodd" clip-rule="evenodd" d="M6.18408 11.9034C6.18408 11.5865 6.44363 11.3296 6.7638 11.3296H12.3678C12.6879 11.3296 12.9475 11.5865 12.9475 11.9034C12.9475 12.2202 12.6879 12.4771 12.3678 12.4771H6.7638C6.44363 12.4771 6.18408 12.2202 6.18408 11.9034Z" fill="#EB0203"></path>
                    <path fill-rule="evenodd" clip-rule="evenodd" d="M6.18408 8.84116C6.18408 8.52424 6.44363 8.26733 6.7638 8.26733H12.3678C12.6879 8.26733 12.9475 8.52424 12.9475 8.84116C12.9475 9.15807 12.6879 9.41498 12.3678 9.41498H6.7638C6.44363 9.41498 6.18408 9.15807 6.18408 8.84116Z" fill="#EB0203"></path>
                    <path fill-rule="evenodd" clip-rule="evenodd" d="M6.18408 14.9655C6.18408 14.6486 6.44363 14.3917 6.7638 14.3917H10.1455C10.4657 14.3917 10.7252 14.6486 10.7252 14.9655C10.7252 15.2825 10.4657 15.5394 10.1455 15.5394H6.7638C6.44363 15.5394 6.18408 15.2825 6.18408 14.9655Z" fill="#EB0203"></path>
                    <path fill-rule="evenodd" clip-rule="evenodd" d="M3.67139 5.77914C3.67139 5.46223 3.93094 5.20532 4.25111 5.20532H4.63759C4.95776 5.20532 5.21731 5.46223 5.21731 5.77914C5.21731 6.09606 4.95776 6.35297 4.63759 6.35297H4.25111C3.93094 6.35297 3.67139 6.09606 3.67139 5.77914Z" fill="#EB0203"></path>
                    <path fill-rule="evenodd" clip-rule="evenodd" d="M3.67139 11.9034C3.67139 11.5865 3.93094 11.3296 4.25111 11.3296H4.63759C4.95776 11.3296 5.21731 11.5865 5.21731 11.9034C5.21731 12.2202 4.95776 12.4771 4.63759 12.4771H4.25111C3.93094 12.4771 3.67139 12.2202 3.67139 11.9034Z" fill="#EB0203"></path>
                    <path fill-rule="evenodd" clip-rule="evenodd" d="M3.67139 8.84116C3.67139 8.52424 3.93094 8.26733 4.25111 8.26733H4.63759C4.95776 8.26733 5.21731 8.52424 5.21731 8.84116C5.21731 9.15807 4.95776 9.41498 4.63759 9.41498H4.25111C3.93094 9.41498 3.67139 9.15807 3.67139 8.84116Z" fill="#EB0203"></path>
                    <path fill-rule="evenodd" clip-rule="evenodd" d="M3.67139 14.9655C3.67139 14.6486 3.93094 14.3917 4.25111 14.3917H4.63759C4.95776 14.3917 5.21731 14.6486 5.21731 14.9655C5.21731 15.2825 4.95776 15.5394 4.63759 15.5394H4.25111C3.93094 15.5394 3.67139 15.2825 3.67139 14.9655Z" fill="#EB0203"></path>
                    <path fill-rule="evenodd" clip-rule="evenodd" d="M0 1.76033C0 0.914738 0.692131 0.229248 1.54592 0.229248H15.0727C15.9265 0.229248 16.6186 0.914738 16.6186 1.76033V11.2818C16.6186 11.5989 16.3591 11.8559 16.0389 11.8559C15.7187 11.8559 15.4592 11.5989 15.4592 11.2818V1.76033C15.4592 1.54893 15.2862 1.37756 15.0727 1.37756H1.54592C1.33247 1.37756 1.15944 1.54893 1.15944 1.76033V18.985C1.15944 19.1964 1.33247 19.3678 1.54592 19.3678H9.27551C9.59568 19.3678 9.85523 19.6249 9.85523 19.942C9.85523 20.2591 9.59568 20.5161 9.27551 20.5161H1.54592C0.692131 20.5161 0 19.8306 0 18.985V1.76033Z" fill="#EB0203"></path>
                    <path fill-rule="evenodd" clip-rule="evenodd" d="M14.6254 13.8718C13.4921 12.8567 11.7821 12.7615 10.6574 13.7147C9.12472 15.0124 9.34891 17.128 10.4413 18.2493L14.0161 21.9126C14.2199 22.1217 14.493 22.2386 14.7824 22.2386C15.0739 22.2386 15.3449 22.1238 15.5487 21.9147L19.1235 18.2514C20.2139 17.13 20.4422 15.0144 18.9075 13.7147C17.7827 12.7634 16.0726 12.8569 14.9392 13.872C14.8856 13.92 14.8333 13.9701 14.7824 14.0222C14.7314 13.97 14.6791 13.9199 14.6254 13.8718ZM18.1546 14.588C19.0972 15.3869 18.9961 16.7262 18.2891 17.4541C18.2888 17.4543 18.2886 17.4546 18.2884 17.4548L14.7834 21.0466L11.2757 17.452C11.2756 17.4519 11.2755 17.4517 11.2753 17.4516C10.5681 16.7252 10.4682 15.3856 11.4108 14.5876L11.4112 14.5872C12.0748 14.0248 13.202 14.0556 13.949 14.8205L14.7824 15.674L15.6158 14.8205C16.3618 14.0567 17.4896 14.0256 18.1545 14.5879" fill="#EB0203"></path>
                    </svg>
                    </button>
                    </div>
                    <div class="col-sm-10 col-12">
                    <div class="ct-tile-quantity d-none" data-pid="4999531">
                    <input type="hidden" class="add-to-cart-url" value="https://www.continente.pt/on/demandware.store/Sites-continente-Site/default/Cart-AddProduct" tabindex="-1">
                    <div class="d-none tile-delete-confirmation-btn" data-pid="4999531" data-delay-time="3000" data-in-cart-msg="no carrinho" data-one-product-added="Adicionado ao carrinho" data-remove-from-cart-msg="Removido do carrinho" data-stay-open="6000.0" data-confirmation-image="{&quot;url&quot;:&quot;https://www.continente.pt/dw/image/v2/BDVS_PRD/on/demandware.static/-/Sites-col-master-catalog/default/dw3bb38f2a/images/col/499/4999531-frente.jpg?sw=87&amp;sh=80&quot;,&quot;fallbackimage&quot;:{&quot;url&quot;:&quot;https://www.continente.pt/dw/image/v2/BDVS_PRD/on/demandware.static/Sites-continente-Site/-/default/dw7c42b4da/images/noimagelarge_product.png?sw=87&amp;sh=80&quot;,&quot;title&quot;:&quot;Hambúrguer de Aves com Queijo Gouda&quot;,&quot;alt&quot;:&quot;Hambúrguer de Aves com Queijo Gouda&quot;},&quot;title&quot;:&quot;Hambúrguer de Aves com Queijo Gouda&quot;,&quot;alt&quot;:&quot;Hambúrguer de Aves com Queijo Gouda&quot;}"></div>
                    <div class="ct-tile-quantity-update quantity-update product-qty-vue" data-remove-action="https://www.continente.pt/on/demandware.store/Sites-continente-Site/default/Cart-RemoveProductLineItem" data-action="https://www.continente.pt/on/demandware.store/Sites-continente-Site/default/Cart-UpdateQuantity" data-dimension-update="https://www.continente.pt/on/demandware.store/Sites-continente-Site/default/Cart-DimensionUpdate" data-pid="4999531" data-uuid="d65b7c1f51b04664535aece80b" data-add-delay="500.0" data-measure-options="{&quot;hasConversionRate&quot;:true,&quot;hasAlternativeSaleUnit&quot;:false,&quot;primaryToSecondary&quot;:1,&quot;secondaryToPrimary&quot;:1,&quot;unitConversionRate&quot;:1,&quot;minOrderQuantity&quot;:1,&quot;stepQuantity&quot;:1,&quot;primaryunit&quot;:&quot;un&quot;,&quot;secondaryunit&quot;:&quot;kg&quot;,&quot;selectedunit&quot;:&quot;primary&quot;,&quot;maxNumberOfUnitsPerSale&quot;:50}" data-price-available="null" :data-has-error="isMaxQtyReached || isMinQtyReached || qtySelectedMoreThanOne">
                    <template v-show="prodUnits">
                    <div class="quantity-input-wrapper has-units">
                    <label class="visually-hidden" :for="'quantity-' + pid + additionalTag">
                    Quantidade no carrinho
                    </label>
                    <input :ref="'quantityInput-' + pid + additionalTag" class="add-to-cart-quantity form-control ct-form-input text-center" inputmode="numeric" :class="{'is-invalid': isInvalid}" :data-pid="pid + additionalTag" :name="'quantity-' + pid + additionalTag" type="text" aria-label="Insira a quantidade" title="" v-model="displayValue" @change="updateQuantity" @focus="updateQtyFormat" @blur="restoreQtyFormat" :disabled="!isPriceAvailable">
                    <span class="quantity-icon quantity-icon--minus">
                    <button class="decrease-quantity-btn" @click="updateQuantity" :disabled="!isPriceAvailable" role="button" aria-label="Reduzir quantidade">
                    <i class="css-math-minus"></i>
                    </button>
                    </span>
                    <span class="quantity-icon quantity-icon--plus">
                    <button class="increase-quantity-btn" @click="updateQuantity" :disabled="isMaxQtyReached || !isPriceAvailable" role="button" aria-label="Aumentar quantidade">
                    <i class="css-math-plus"></i>
                    </button>
                    <span class="quantity-btn-disabled-placeholder"></span>
                    </span>
                    <template v-if="isPDP">
                    <span class="quantity-error ct-span-error text-sm-center product-max-allocation" v-if="isMaxQtyReached">
                    Quantidade máxima atingida
                    </span>
                    <span class="quantity-error ct-span-product text-sm-center product-allocation" v-if="!isMinQtyReached &amp;&amp; !isMaxQtyReached">
                    {{quantitySelected}} no carrinho
                    </span>
                    <span class="quantity-error ct-span-error text-sm-center product-min-allocation" :data-pid="pid" v-if="isMinQtyReached &amp;&amp; !isMaxQtyReached">
                    Quantidade mínima atingida
                    </span>
                    </template>
                    </div>
                    <template v-if="showNotes">
                    <div class="add-note-link-container ">
                    <div class="add-note">
                    <a href="/produto/hamburguer-de-aves-com-queijo-gouda-continente-facil-bom-4999531.html?showNote=true" class="ct-add-note-redirect-pdp" aria-label="Adicionar comentário">
                    <span class="svg-wrapper svg-icon-notes" style="width:19px; height:20px">
                    <svg class="svg-inline icon-notes" viewBox="0 0 28 30" xmlns="http://www.w3.org/2000/svg" width="100%" height="100%"><path d="M21.738 0C22.985 0 24 1.04 24 2.319V12.47c0 .469-.37.848-.828.848-.457 0-.827-.38-.827-.848V2.32c0-.343-.273-.622-.607-.622H2.262c-.334 0-.607.279-.607.622V27.68c0 .343.273.622.607.622h7.81c.457 0 .827.38.827.849 0 .468-.37.848-.827.848h-7.81C1.015 30 0 28.96 0 27.681V2.32C0 1.04 1.015 0 2.262 0h19.476zm2.844 16.004l.227.007c.823.053 1.589.39 2.176.964.64.627.993 1.46.993 2.349 0 .888-.353 1.722-.993 2.348l-6.83 6.665c-.11.108-.247.186-.397.226l-5.032 1.363c-.078.021-.16.032-.241.032-.242 0-.478-.097-.647-.266-.23-.231-.314-.566-.218-.874l1.49-4.798c.044-.139.122-.266.227-.369l6.844-6.677c.64-.625 1.493-.97 2.401-.97zm-2.886 3.94l-4.922 4.802-.947 3.048 3.22-.872 4.897-4.78-2.248-2.197zm2.887-2.174c-.425 0-.824.162-1.124.455l-.484.472 2.248 2.197.484-.472c.62-.606.62-1.591 0-2.197l-.117-.104c-.283-.227-.636-.35-1.007-.35zm-10.839.022c.498 0 .904.396.904.883 0 .488-.406.884-.904.884H5.946c-.499 0-.904-.396-.904-.884 0-.487.405-.883.904-.883zm5.042-4.876c.498 0 .904.397.904.884s-.406.884-.904.884H5.946c-.499 0-.904-.397-.904-.884s.405-.884.904-.884zm0-4.875c.498 0 .904.396.904.884 0 .487-.406.883-.904.883H5.946c-.499 0-.904-.396-.904-.883 0-.488.405-.884.904-.884z" fill="#EB0203" fill-rule="evenodd"></path></svg>
                    </span>
                    <div class="available-note d-none"></div>
                    </a>
                    </div>
                    </div>
                    </template>
                    <div class="measurement-unit-section" v-if="isPriceAvailable &amp;&amp; prodUnits ? prodUnits.hasAlternativeUnit : false">
                    <div class="ct-form-radio" @click="setDimension">
                    <input type="radio" title="" class="ct-form-check-input product-measurement-unit" :data-type="prodUnits.selectedUnit == prodUnits.secondaryUnit ? 'primary' : ''" :id="prodUnits.secondaryUnit + '-' + pid + '-measurement-unit-ptile' + additionalTag" :name="'measurement-unit-' + pid + '-ptile' + additionalTag" :value="prodUnits.secondaryUnit" v-model="prodUnits.selectedUnit">
                    <label :class="prodUnits.secondaryUnit + '-label ct-form-check-label mb-0'" :for="prodUnits.secondaryUnit + '-' + pid + '-measurement-unit-ptile' + additionalTag">
                    {{prodUnits.secondaryUnit}}
                    </label>
                    <span class="checkmark"></span>
                    </div>
                    <div class="ct-form-radio" @click="setDimension">
                    <input type="radio" title="" class="ct-form-check-input product-measurement-unit" :data-type="prodUnits.selectedUnit == prodUnits.primaryUnit ? 'primary' : ''" :id="prodUnits.primaryUnit + '-' + pid + '-measurement-unit-ptile' + additionalTag" :name="'measurement-unit-' + pid + '-ptile' + additionalTag" :value="prodUnits.primaryUnit" v-model="prodUnits.selectedUnit">
                    <label :class="prodUnits.primaryUnit + '-label ct-form-check-label mb-0'" :for="prodUnits.primaryUnit + '-' + pid + '-measurement-unit-ptile' + additionalTag">
                    {{prodUnits.primaryUnit}}
                    </label>
                    <span class="checkmark"></span>
                    </div>
                    </div>
                    <template v-if="!isPDP &amp;&amp; isPriceAvailable">
                    <span class="quantity-error ct-span-error product-max-allocation" v-if="isMaxQtyReached">
                    Quantidade máxima atingida
                    </span>
                    <span class="quantity-error ct-span-product product-allocation" v-if="!isMinQtyReached &amp;&amp; !isMaxQtyReached">
                    {{quantitySelected}} no carrinho
                    </span>
                    <span class="quantity-error ct-span-error product-min-allocation" :data-pid="pid" v-if="isMinQtyReached &amp;&amp; !isMaxQtyReached">
                    Quantidade mínima atingida
                    </span>
                    </template>
                    </template>
                    </div>
                    <input class="quantity-value-mask d-none" name="quantity" type="number" min="0" value="" tabindex="-1">
                    </div>
                     <button type="button" class="add-to-cart button js-add-to-cart js-add-to-cart-tile 4999531 button--primary dynamic-layout-btn" data-toggle="modal" data-target="#chooseBonusProductModal" data-pid="4999531" data-quantity-value="null" aria-label="Carrinho" tabindex="-1">
                    <span class="d-block d-sm-none">
                    <span class="svg-wrapper svg-icon-cart" style="width:20px; height:20px">
                    <svg class="svg-inline icon-cart" xmlns="http://www.w3.org/2000/svg" viewBox="0 0 500 500" width="100%" height="100%"><path fill="#EB0203" fill-rule="evenodd" d="M 485.67317,94.386311 C 476.37798,83.847129 463.09468,78.03348 448.30404,78.03348 H 90.690813 L 87.079511,51.327997 C 83.185582,22.539551 62.962285,0 41.011841,0 H 14.727836 C 6.563151,0 0,6.5286975 0,14.580758 c 0,8.05206 6.5945535,14.580758 14.727836,14.580758 h 26.284005 c 4.710398,0 14.696435,9.855222 16.894619,26.021523 L 100.01739,368.0631 c 1.88416,13.77244 9.01256,26.70549 20.1605,36.37417 8.25889,7.15046 18.02511,11.9071 28.26237,13.89679 -4.17655,7.58572 -6.53175,16.25957 -6.53175,25.493 0,29.53459 24.27424,53.59751 54.13815,53.59751 29.8325,0 54.13814,-24.03184 54.13814,-53.59751 0,-8.79818 -2.19818,-17.09897 -5.9979,-24.43598 h 77.12488 c -3.79973,7.33701 -5.96652,15.6378 -5.96652,24.43598 0,29.53459 24.27424,53.59751 54.13817,53.59751 29.83249,0 54.13814,-24.03184 54.13814,-53.59751 0,-8.79818 -2.1982,-17.09897 -5.9979,-24.43598 h 38.56243 c 8.13328,0 14.72783,-6.5287 14.72783,-14.61183 0,-8.02098 -6.59455,-14.54967 -14.72783,-14.54967 H 159.24277 c -14.38241,0 -28.13677,-11.90711 -30.02092,-26.02153 l -3.07746,-22.88154 h 290.6314 c 14.03698,0 27.94834,-5.28513 39.06488,-14.95381 11.11652,-9.6376 18.27632,-22.57065 20.16048,-36.37417 l 21.10259,-156.78201 c 1.94694,-14.51858 -2.10398,-28.29103 -11.43057,-38.861299 z M 220.76053,443.82706 c 0,13.49265 -11.08513,24.46709 -24.68247,24.46709 -13.62874,0 -24.71387,-10.97444 -24.71387,-24.46709 0,-13.49262 11.08513,-24.43598 24.71387,-24.43598 13.59734,0 24.68247,10.94336 24.68247,24.43598 z m 173.43675,0 c 0,13.49265 -11.08512,24.46709 -24.68245,24.46709 -13.62876,0 -24.71388,-10.97444 -24.71388,-24.46709 0,-13.49262 11.08512,-24.43598 24.71388,-24.43598 13.59733,0 24.68245,10.94336 24.68245,24.43598 z m 73.7648,-314.46558 -21.13397,156.782 c -1.88416,14.11442 -15.63851,26.05261 -30.02091,26.05261 H 122.25046 L 94.616142,107.19499 H 448.33544 c 6.18632,0 11.61896,2.2695 15.23028,6.37326 3.64269,4.13484 5.21283,9.73086 4.39636,15.79323 z"></path></svg>
                    </span>
                    </span>
                    <span class="add-to-cart--text d-none d-sm-block">Carrinho</span>
                    </button>
                    </div>
                    </div>
                    </div>
                    </div>
                    
                    <div class="col-12 d-sm-none">
                    </div>
                    </div>
                    </div>
                    </div>
                    </div><div class="pd-tile-wrap slick-slide" data-idx="12" style="width: 276px; height: auto;" data-slick-index="11" aria-hidden="true" tabindex="-1" role="tabpanel" id="slick-slide011">
                    
                    <script type="text/javascript">//<!--
                    /* <![CDATA[ */
                    (function(){
                    try {
                        if(window.CQuotient) {
                            var cq_params = {};
                            cq_params.cookieId = window.CQuotient.getCQCookieId();
                            cq_params.userId = window.CQuotient.getCQUserId();
                            cq_params.emailId = CQuotient.getCQHashedEmail();
                            cq_params.loginId = CQuotient.getCQHashedLogin();
                            cq_params.accumulate = true;
                            cq_params.products = [{
                                id: '7279386',
                                sku: '',
                                type: '',
                                alt_id: ''
                            }];
                            cq_params.recommenderName = '__UNDEFINED__';
                            cq_params.realm = "BDVS";
                            cq_params.siteId = "continente";
                            cq_params.instanceType = "prd";
                            cq_params.locale = window.CQuotient.locale;
                            cq_params.slotId = '';
                            cq_params.slotConfigId = '';
                            cq_params.slotConfigTemplate = '';
                            if(window.CQuotient.sendActivity)
                                window.CQuotient.sendActivity( CQuotient.clientId, 'viewReco', cq_params );
                            else
                                window.CQuotient.activities.push( {activityType: 'viewReco', parameters: cq_params} );
                        }
                    } catch(err) {}
                    })();
                    /* ]]> */
                    // -->
                    </script>
                    <script type="text/javascript">//<!--
                    /* <![CDATA[ (viewProduct-active_data.js) */
                    dw.ac._capture({id: "7279386", type: "recommendation"});
                    /* ]]> */
                    // -->
                    </script>
                    <div class="product" data-pid="7279386">
                    <div class="product-tile pid-7279386   ct-product-tile " data-delay-time="3000" data-variants-mapping="[]" data-in-cart-msg="no carrinho" data-one-product-added="Adicionado ao carrinho" data-remove-from-cart-msg="Removido do carrinho" data-stay-open="6000.0" data-product-tile-impression="{&quot;name&quot;:&quot;7279386&quot;,&quot;id&quot;:&quot;7279386&quot;,&quot;price&quot;:2.49,&quot;brand&quot;:&quot;Continente Seleção&quot;,&quot;category&quot;:[{&quot;category_level_1&quot;:&quot;Take-Away&quot;},{&quot;category_level_2&quot;:&quot;Massas Frescas e Noodles&quot;},{&quot;category_level_3&quot;:&quot;Massas Simples e Recheadas&quot;}],&quot;variant&quot;:&quot;&quot;}">
                    <div class="ct-inner-tile-wrap row no-gutters justify-content-center align-content-start">
                    
                    <div class="ct-image-container col-4 col-sm" data-confirmation-image="{&quot;url&quot;:&quot;https://www.continente.pt/dw/image/v2/BDVS_PRD/on/demandware.static/-/Sites-col-master-catalog/default/dw3a2d52cb/images/col/727/7279386-frente.jpg?sw=87&amp;sh=80&quot;,&quot;fallbackimage&quot;:{&quot;url&quot;:&quot;https://www.continente.pt/dw/image/v2/BDVS_PRD/on/demandware.static/Sites-continente-Site/-/default/dw7c42b4da/images/noimagelarge_product.png?sw=87&amp;sh=80&quot;,&quot;title&quot;:&quot;Girasoli Fresco com Cabra e Mel&quot;,&quot;alt&quot;:&quot;Girasoli Fresco com Cabra e Mel&quot;},&quot;title&quot;:&quot;Girasoli Fresco com Cabra e Mel&quot;,&quot;alt&quot;:&quot;Girasoli Fresco com Cabra e Mel&quot;}">
                    <a href="https://www.continente.pt/produto/girasoli-fresco-com-cabra-e-mel-continente-selecao-7279386.html?cgid=home" tabindex="-1">
                    <picture class="intrinsic intrinsic--square">
                    <img class="ct-tile-image lazyloaded" loading="lazy" onerror="this.onerror=null;this.src='/on/demandware.static/Sites-continente-Site/-/default/dw7c42b4da/images/noimagelarge_product.png';" data-src="https://www.continente.pt/dw/image/v2/BDVS_PRD/on/demandware.static/-/Sites-col-master-catalog/default/dw3a2d52cb/images/col/727/7279386-frente.jpg?sw=280&amp;sh=280" alt="Girasoli Fresco com Cabra e Mel" title="Girasoli Fresco com Cabra e Mel" src="https://www.continente.pt/dw/image/v2/BDVS_PRD/on/demandware.static/-/Sites-col-master-catalog/default/dw3a2d52cb/images/col/727/7279386-frente.jpg?sw=280&amp;sh=280">
                    </picture>
                    </a>
                    <div class="color-swatches d-flex" style="margin-left: 5px;">
                    <div class="swatches d-flex">
                    </div>
                    </div>
                    </div>
                    <div class="ct-tile-body col col-sm-auto ">
                    <div class="ct-pdp-details">
                    <div class="ct-pdp-link">
                    <a class="ct-tile--description" href="https://www.continente.pt/produto/girasoli-fresco-com-cabra-e-mel-continente-selecao-7279386.html?cgid=home" tabindex="-1">Girasoli Fresco com Cabra e Mel</a>
                    <div class="ct-tile--favorite-top d-sm-none">
                    <button class="wishlist-toggler guest-mode inactive button button--tertiary" data-pid="7279386" data-add-url="https://www.continente.pt/on/demandware.store/Sites-continente-Site/default/Wishlist-AddProduct?pid=7279386" data-toggle="tooltip" aria-label="Adicionar aos favoritos " data-original-title="Adicionar aos favoritos" data-placement="top" tabindex="-1">
                    <svg class="active-content" width="100%" height="100%" viewBox="0 0 20 22" fill="none" xmlns="http://www.w3.org/2000/svg">
                    <path fill-rule="evenodd" clip-rule="evenodd" d="M0 1.53052C0 0.685236 0.692171 0 1.54601 0H15.0736C15.9274 0 16.6196 0.685235 16.6196 1.53052V13.4064L15.8127 13.922L14.2658 14.2658L12.7189 13.4064L10.6054 14.3818C10.4994 14.2451 10.3327 14.157 10.1452 14.157H6.76329C6.4431 14.157 6.18354 14.414 6.18354 14.731C6.18354 15.0479 6.4431 15.3049 6.76329 15.3049H10.1452C10.2478 15.3049 10.3441 15.2785 10.4277 15.2322L10.3126 16.8439L13.2345 20.2793H1.54601C0.69217 20.2793 0 19.5941 0 18.7488V1.53052ZM6.18354 5.5483C6.18354 5.23132 6.4431 4.97436 6.76329 4.97436H12.3676C12.6878 4.97436 12.9473 5.23132 12.9473 5.5483C12.9473 5.86528 12.6878 6.12224 12.3676 6.12224H6.76329C6.4431 6.12224 6.18354 5.86528 6.18354 5.5483ZM6.76329 11.0961C6.4431 11.0961 6.18354 11.3531 6.18354 11.6701C6.18354 11.987 6.4431 12.244 6.76329 12.244H12.3676C12.6878 12.244 12.9473 11.987 12.9473 11.6701C12.9473 11.3531 12.6878 11.0961 12.3676 11.0961H6.76329ZM6.18354 8.60985C6.18354 8.29287 6.4431 8.03591 6.76329 8.03591H12.3676C12.6878 8.03591 12.9473 8.29287 12.9473 8.60985C12.9473 8.92684 12.6878 9.1838 12.3676 9.1838H6.76329C6.4431 9.1838 6.18354 8.92684 6.18354 8.60985ZM3.67118 5.5483C3.67118 5.23132 3.93075 4.97436 4.25093 4.97436H4.63743C4.95762 4.97436 5.21719 5.23132 5.21719 5.5483C5.21719 5.86528 4.95762 6.12224 4.63743 6.12224H4.25093C3.93075 6.12224 3.67118 5.86528 3.67118 5.5483ZM4.25093 11.0961C3.93075 11.0961 3.67118 11.3531 3.67118 11.6701C3.67118 11.987 3.93075 12.244 4.25093 12.244H4.63743C4.95762 12.244 5.21719 11.987 5.21719 11.6701C5.21719 11.3531 4.95762 11.0961 4.63743 11.0961H4.25093ZM3.67118 8.60985C3.67118 8.29287 3.93075 8.03591 4.25093 8.03591H4.63743C4.95762 8.03591 5.21719 8.29287 5.21719 8.60985C5.21719 8.92684 4.95762 9.1838 4.63743 9.1838H4.25093C3.93075 9.1838 3.67118 8.92684 3.67118 8.60985ZM4.25093 14.157C3.93075 14.157 3.67118 14.414 3.67118 14.731C3.67118 15.0479 3.93075 15.3049 4.25093 15.3049H4.63743C4.95762 15.3049 5.21719 15.0479 5.21719 14.731C5.21719 14.414 4.95762 14.157 4.63743 14.157H4.25093Z" fill="#EB0203"></path>
                    <path fill-rule="evenodd" clip-rule="evenodd" d="M14.6252 13.6363C13.4918 12.6215 11.7817 12.5264 10.6569 13.4792C9.12421 14.7764 9.34841 16.8912 10.4409 18.0122L14.0159 21.6742C14.2197 21.8832 14.4928 22 14.7822 22C15.0737 22 15.3448 21.8852 15.5486 21.6762L19.1236 18.0142C20.214 16.8933 20.4423 14.7785 18.9075 13.4792C17.7827 12.5283 16.0724 12.6217 14.9391 13.6365C14.8855 13.6845 14.8331 13.7345 14.7822 13.7866C14.7313 13.7345 14.6789 13.6843 14.6252 13.6363ZM18.1546 14.3522C19.0973 15.1508 18.9962 16.4896 18.2891 17.2173C18.2888 17.2175 18.2886 17.2177 18.2884 17.218L14.7832 20.8084L11.2753 17.2151C11.2752 17.215 11.2751 17.2149 11.2749 17.2148C10.5677 16.4887 10.4678 15.1495 11.4104 14.3518L11.4108 14.3514C12.0745 13.7892 13.2018 13.82 13.9488 14.5846L14.7822 15.4378L15.6157 14.5846C16.3617 13.8211 17.4896 13.79 18.1545 14.3521" fill="#EB0203"></path>
                    </svg>
                    <svg class="inactive-content" width="100%" height="100%" viewBox="0 0 20 23" fill="none" xmlns="http://www.w3.org/2000/svg">
                    <path fill-rule="evenodd" clip-rule="evenodd" d="M6.18408 5.77914C6.18408 5.46223 6.44363 5.20532 6.7638 5.20532H12.3678C12.6879 5.20532 12.9475 5.46223 12.9475 5.77914C12.9475 6.09606 12.6879 6.35297 12.3678 6.35297H6.7638C6.44363 6.35297 6.18408 6.09606 6.18408 5.77914Z" fill="#EB0203"></path>
                    <path fill-rule="evenodd" clip-rule="evenodd" d="M6.18408 11.9034C6.18408 11.5865 6.44363 11.3296 6.7638 11.3296H12.3678C12.6879 11.3296 12.9475 11.5865 12.9475 11.9034C12.9475 12.2202 12.6879 12.4771 12.3678 12.4771H6.7638C6.44363 12.4771 6.18408 12.2202 6.18408 11.9034Z" fill="#EB0203"></path>
                    <path fill-rule="evenodd" clip-rule="evenodd" d="M6.18408 8.84116C6.18408 8.52424 6.44363 8.26733 6.7638 8.26733H12.3678C12.6879 8.26733 12.9475 8.52424 12.9475 8.84116C12.9475 9.15807 12.6879 9.41498 12.3678 9.41498H6.7638C6.44363 9.41498 6.18408 9.15807 6.18408 8.84116Z" fill="#EB0203"></path>
                    <path fill-rule="evenodd" clip-rule="evenodd" d="M6.18408 14.9655C6.18408 14.6486 6.44363 14.3917 6.7638 14.3917H10.1455C10.4657 14.3917 10.7252 14.6486 10.7252 14.9655C10.7252 15.2825 10.4657 15.5394 10.1455 15.5394H6.7638C6.44363 15.5394 6.18408 15.2825 6.18408 14.9655Z" fill="#EB0203"></path>
                    <path fill-rule="evenodd" clip-rule="evenodd" d="M3.67139 5.77914C3.67139 5.46223 3.93094 5.20532 4.25111 5.20532H4.63759C4.95776 5.20532 5.21731 5.46223 5.21731 5.77914C5.21731 6.09606 4.95776 6.35297 4.63759 6.35297H4.25111C3.93094 6.35297 3.67139 6.09606 3.67139 5.77914Z" fill="#EB0203"></path>
                    <path fill-rule="evenodd" clip-rule="evenodd" d="M3.67139 11.9034C3.67139 11.5865 3.93094 11.3296 4.25111 11.3296H4.63759C4.95776 11.3296 5.21731 11.5865 5.21731 11.9034C5.21731 12.2202 4.95776 12.4771 4.63759 12.4771H4.25111C3.93094 12.4771 3.67139 12.2202 3.67139 11.9034Z" fill="#EB0203"></path>
                    <path fill-rule="evenodd" clip-rule="evenodd" d="M3.67139 8.84116C3.67139 8.52424 3.93094 8.26733 4.25111 8.26733H4.63759C4.95776 8.26733 5.21731 8.52424 5.21731 8.84116C5.21731 9.15807 4.95776 9.41498 4.63759 9.41498H4.25111C3.93094 9.41498 3.67139 9.15807 3.67139 8.84116Z" fill="#EB0203"></path>
                    <path fill-rule="evenodd" clip-rule="evenodd" d="M3.67139 14.9655C3.67139 14.6486 3.93094 14.3917 4.25111 14.3917H4.63759C4.95776 14.3917 5.21731 14.6486 5.21731 14.9655C5.21731 15.2825 4.95776 15.5394 4.63759 15.5394H4.25111C3.93094 15.5394 3.67139 15.2825 3.67139 14.9655Z" fill="#EB0203"></path>
                    <path fill-rule="evenodd" clip-rule="evenodd" d="M0 1.76033C0 0.914738 0.692131 0.229248 1.54592 0.229248H15.0727C15.9265 0.229248 16.6186 0.914738 16.6186 1.76033V11.2818C16.6186 11.5989 16.3591 11.8559 16.0389 11.8559C15.7187 11.8559 15.4592 11.5989 15.4592 11.2818V1.76033C15.4592 1.54893 15.2862 1.37756 15.0727 1.37756H1.54592C1.33247 1.37756 1.15944 1.54893 1.15944 1.76033V18.985C1.15944 19.1964 1.33247 19.3678 1.54592 19.3678H9.27551C9.59568 19.3678 9.85523 19.6249 9.85523 19.942C9.85523 20.2591 9.59568 20.5161 9.27551 20.5161H1.54592C0.692131 20.5161 0 19.8306 0 18.985V1.76033Z" fill="#EB0203"></path>
                    <path fill-rule="evenodd" clip-rule="evenodd" d="M14.6254 13.8718C13.4921 12.8567 11.7821 12.7615 10.6574 13.7147C9.12472 15.0124 9.34891 17.128 10.4413 18.2493L14.0161 21.9126C14.2199 22.1217 14.493 22.2386 14.7824 22.2386C15.0739 22.2386 15.3449 22.1238 15.5487 21.9147L19.1235 18.2514C20.2139 17.13 20.4422 15.0144 18.9075 13.7147C17.7827 12.7634 16.0726 12.8569 14.9392 13.872C14.8856 13.92 14.8333 13.9701 14.7824 14.0222C14.7314 13.97 14.6791 13.9199 14.6254 13.8718ZM18.1546 14.588C19.0972 15.3869 18.9961 16.7262 18.2891 17.4541C18.2888 17.4543 18.2886 17.4546 18.2884 17.4548L14.7834 21.0466L11.2757 17.452C11.2756 17.4519 11.2755 17.4517 11.2753 17.4516C10.5681 16.7252 10.4682 15.3856 11.4108 14.5876L11.4112 14.5872C12.0748 14.0248 13.202 14.0556 13.949 14.8205L14.7824 15.674L15.6158 14.8205C16.3618 14.0567 17.4896 14.0256 18.1545 14.5879" fill="#EB0203"></path>
                    </svg>
                    </button>
                    </div>
                    </div>
                    <p class="ct-tile--brand">Continente Seleção</p>
                    <p class="ct-tile--quantity">emb. 250 gr</p>
                    </div>
                    <div class="ct-tile-bottom row no-gutters justify-content-between">
                    <div class="ct-price-wrap col-8 col-sm-12">
                    <div class="price js-product-price">
                    <div class="prices-wrapper">
                    <span class="sales ct-tile--price-primary ">
                    <span class="value" content="2.49">
                    <span class="ct-price-formatted">
                    €2,49
                    </span>
                    <span class="ct-m-unit">
                    /un
                    </span>
                    </span>
                    </span>
                    </div>
                    <div class="ct-tile--price-secondary">
                     <span class="ct-price-value">
                    €9,96
                    </span>
                    <span class="ct-m-unit">
                    /kg
                    </span>
                    </div>
                    </div>
                    </div>
                    <div class="ct-tile-buy-section d-flex justify-content-center no-gutters col-auto col-sm-12">
                    <div class="col-2 d-sm-flex d-none">
                    <button class="wishlist-toggler guest-mode inactive button button--tertiary" data-pid="7279386" data-add-url="https://www.continente.pt/on/demandware.store/Sites-continente-Site/default/Wishlist-AddProduct?pid=7279386" data-toggle="tooltip" aria-label="Adicionar aos favoritos " data-original-title="Adicionar aos favoritos" data-placement="top" tabindex="-1">
                    <svg class="active-content" width="100%" height="100%" viewBox="0 0 20 22" fill="none" xmlns="http://www.w3.org/2000/svg">
                    <path fill-rule="evenodd" clip-rule="evenodd" d="M0 1.53052C0 0.685236 0.692171 0 1.54601 0H15.0736C15.9274 0 16.6196 0.685235 16.6196 1.53052V13.4064L15.8127 13.922L14.2658 14.2658L12.7189 13.4064L10.6054 14.3818C10.4994 14.2451 10.3327 14.157 10.1452 14.157H6.76329C6.4431 14.157 6.18354 14.414 6.18354 14.731C6.18354 15.0479 6.4431 15.3049 6.76329 15.3049H10.1452C10.2478 15.3049 10.3441 15.2785 10.4277 15.2322L10.3126 16.8439L13.2345 20.2793H1.54601C0.69217 20.2793 0 19.5941 0 18.7488V1.53052ZM6.18354 5.5483C6.18354 5.23132 6.4431 4.97436 6.76329 4.97436H12.3676C12.6878 4.97436 12.9473 5.23132 12.9473 5.5483C12.9473 5.86528 12.6878 6.12224 12.3676 6.12224H6.76329C6.4431 6.12224 6.18354 5.86528 6.18354 5.5483ZM6.76329 11.0961C6.4431 11.0961 6.18354 11.3531 6.18354 11.6701C6.18354 11.987 6.4431 12.244 6.76329 12.244H12.3676C12.6878 12.244 12.9473 11.987 12.9473 11.6701C12.9473 11.3531 12.6878 11.0961 12.3676 11.0961H6.76329ZM6.18354 8.60985C6.18354 8.29287 6.4431 8.03591 6.76329 8.03591H12.3676C12.6878 8.03591 12.9473 8.29287 12.9473 8.60985C12.9473 8.92684 12.6878 9.1838 12.3676 9.1838H6.76329C6.4431 9.1838 6.18354 8.92684 6.18354 8.60985ZM3.67118 5.5483C3.67118 5.23132 3.93075 4.97436 4.25093 4.97436H4.63743C4.95762 4.97436 5.21719 5.23132 5.21719 5.5483C5.21719 5.86528 4.95762 6.12224 4.63743 6.12224H4.25093C3.93075 6.12224 3.67118 5.86528 3.67118 5.5483ZM4.25093 11.0961C3.93075 11.0961 3.67118 11.3531 3.67118 11.6701C3.67118 11.987 3.93075 12.244 4.25093 12.244H4.63743C4.95762 12.244 5.21719 11.987 5.21719 11.6701C5.21719 11.3531 4.95762 11.0961 4.63743 11.0961H4.25093ZM3.67118 8.60985C3.67118 8.29287 3.93075 8.03591 4.25093 8.03591H4.63743C4.95762 8.03591 5.21719 8.29287 5.21719 8.60985C5.21719 8.92684 4.95762 9.1838 4.63743 9.1838H4.25093C3.93075 9.1838 3.67118 8.92684 3.67118 8.60985ZM4.25093 14.157C3.93075 14.157 3.67118 14.414 3.67118 14.731C3.67118 15.0479 3.93075 15.3049 4.25093 15.3049H4.63743C4.95762 15.3049 5.21719 15.0479 5.21719 14.731C5.21719 14.414 4.95762 14.157 4.63743 14.157H4.25093Z" fill="#EB0203"></path>
                    <path fill-rule="evenodd" clip-rule="evenodd" d="M14.6252 13.6363C13.4918 12.6215 11.7817 12.5264 10.6569 13.4792C9.12421 14.7764 9.34841 16.8912 10.4409 18.0122L14.0159 21.6742C14.2197 21.8832 14.4928 22 14.7822 22C15.0737 22 15.3448 21.8852 15.5486 21.6762L19.1236 18.0142C20.214 16.8933 20.4423 14.7785 18.9075 13.4792C17.7827 12.5283 16.0724 12.6217 14.9391 13.6365C14.8855 13.6845 14.8331 13.7345 14.7822 13.7866C14.7313 13.7345 14.6789 13.6843 14.6252 13.6363ZM18.1546 14.3522C19.0973 15.1508 18.9962 16.4896 18.2891 17.2173C18.2888 17.2175 18.2886 17.2177 18.2884 17.218L14.7832 20.8084L11.2753 17.2151C11.2752 17.215 11.2751 17.2149 11.2749 17.2148C10.5677 16.4887 10.4678 15.1495 11.4104 14.3518L11.4108 14.3514C12.0745 13.7892 13.2018 13.82 13.9488 14.5846L14.7822 15.4378L15.6157 14.5846C16.3617 13.8211 17.4896 13.79 18.1545 14.3521" fill="#EB0203"></path>
                    </svg>
                    <svg class="inactive-content" width="100%" height="100%" viewBox="0 0 20 23" fill="none" xmlns="http://www.w3.org/2000/svg">
                    <path fill-rule="evenodd" clip-rule="evenodd" d="M6.18408 5.77914C6.18408 5.46223 6.44363 5.20532 6.7638 5.20532H12.3678C12.6879 5.20532 12.9475 5.46223 12.9475 5.77914C12.9475 6.09606 12.6879 6.35297 12.3678 6.35297H6.7638C6.44363 6.35297 6.18408 6.09606 6.18408 5.77914Z" fill="#EB0203"></path>
                    <path fill-rule="evenodd" clip-rule="evenodd" d="M6.18408 11.9034C6.18408 11.5865 6.44363 11.3296 6.7638 11.3296H12.3678C12.6879 11.3296 12.9475 11.5865 12.9475 11.9034C12.9475 12.2202 12.6879 12.4771 12.3678 12.4771H6.7638C6.44363 12.4771 6.18408 12.2202 6.18408 11.9034Z" fill="#EB0203"></path>
                    <path fill-rule="evenodd" clip-rule="evenodd" d="M6.18408 8.84116C6.18408 8.52424 6.44363 8.26733 6.7638 8.26733H12.3678C12.6879 8.26733 12.9475 8.52424 12.9475 8.84116C12.9475 9.15807 12.6879 9.41498 12.3678 9.41498H6.7638C6.44363 9.41498 6.18408 9.15807 6.18408 8.84116Z" fill="#EB0203"></path>
                    <path fill-rule="evenodd" clip-rule="evenodd" d="M6.18408 14.9655C6.18408 14.6486 6.44363 14.3917 6.7638 14.3917H10.1455C10.4657 14.3917 10.7252 14.6486 10.7252 14.9655C10.7252 15.2825 10.4657 15.5394 10.1455 15.5394H6.7638C6.44363 15.5394 6.18408 15.2825 6.18408 14.9655Z" fill="#EB0203"></path>
                    <path fill-rule="evenodd" clip-rule="evenodd" d="M3.67139 5.77914C3.67139 5.46223 3.93094 5.20532 4.25111 5.20532H4.63759C4.95776 5.20532 5.21731 5.46223 5.21731 5.77914C5.21731 6.09606 4.95776 6.35297 4.63759 6.35297H4.25111C3.93094 6.35297 3.67139 6.09606 3.67139 5.77914Z" fill="#EB0203"></path>
                    <path fill-rule="evenodd" clip-rule="evenodd" d="M3.67139 11.9034C3.67139 11.5865 3.93094 11.3296 4.25111 11.3296H4.63759C4.95776 11.3296 5.21731 11.5865 5.21731 11.9034C5.21731 12.2202 4.95776 12.4771 4.63759 12.4771H4.25111C3.93094 12.4771 3.67139 12.2202 3.67139 11.9034Z" fill="#EB0203"></path>
                    <path fill-rule="evenodd" clip-rule="evenodd" d="M3.67139 8.84116C3.67139 8.52424 3.93094 8.26733 4.25111 8.26733H4.63759C4.95776 8.26733 5.21731 8.52424 5.21731 8.84116C5.21731 9.15807 4.95776 9.41498 4.63759 9.41498H4.25111C3.93094 9.41498 3.67139 9.15807 3.67139 8.84116Z" fill="#EB0203"></path>
                    <path fill-rule="evenodd" clip-rule="evenodd" d="M3.67139 14.9655C3.67139 14.6486 3.93094 14.3917 4.25111 14.3917H4.63759C4.95776 14.3917 5.21731 14.6486 5.21731 14.9655C5.21731 15.2825 4.95776 15.5394 4.63759 15.5394H4.25111C3.93094 15.5394 3.67139 15.2825 3.67139 14.9655Z" fill="#EB0203"></path>
                    <path fill-rule="evenodd" clip-rule="evenodd" d="M0 1.76033C0 0.914738 0.692131 0.229248 1.54592 0.229248H15.0727C15.9265 0.229248 16.6186 0.914738 16.6186 1.76033V11.2818C16.6186 11.5989 16.3591 11.8559 16.0389 11.8559C15.7187 11.8559 15.4592 11.5989 15.4592 11.2818V1.76033C15.4592 1.54893 15.2862 1.37756 15.0727 1.37756H1.54592C1.33247 1.37756 1.15944 1.54893 1.15944 1.76033V18.985C1.15944 19.1964 1.33247 19.3678 1.54592 19.3678H9.27551C9.59568 19.3678 9.85523 19.6249 9.85523 19.942C9.85523 20.2591 9.59568 20.5161 9.27551 20.5161H1.54592C0.692131 20.5161 0 19.8306 0 18.985V1.76033Z" fill="#EB0203"></path>
                    <path fill-rule="evenodd" clip-rule="evenodd" d="M14.6254 13.8718C13.4921 12.8567 11.7821 12.7615 10.6574 13.7147C9.12472 15.0124 9.34891 17.128 10.4413 18.2493L14.0161 21.9126C14.2199 22.1217 14.493 22.2386 14.7824 22.2386C15.0739 22.2386 15.3449 22.1238 15.5487 21.9147L19.1235 18.2514C20.2139 17.13 20.4422 15.0144 18.9075 13.7147C17.7827 12.7634 16.0726 12.8569 14.9392 13.872C14.8856 13.92 14.8333 13.9701 14.7824 14.0222C14.7314 13.97 14.6791 13.9199 14.6254 13.8718ZM18.1546 14.588C19.0972 15.3869 18.9961 16.7262 18.2891 17.4541C18.2888 17.4543 18.2886 17.4546 18.2884 17.4548L14.7834 21.0466L11.2757 17.452C11.2756 17.4519 11.2755 17.4517 11.2753 17.4516C10.5681 16.7252 10.4682 15.3856 11.4108 14.5876L11.4112 14.5872C12.0748 14.0248 13.202 14.0556 13.949 14.8205L14.7824 15.674L15.6158 14.8205C16.3618 14.0567 17.4896 14.0256 18.1545 14.5879" fill="#EB0203"></path>
                    </svg>
                    </button>
                    </div>
                    <div class="col-sm-10 col-12">
                    <div class="ct-tile-quantity d-none" data-pid="7279386">
                    <input type="hidden" class="add-to-cart-url" value="https://www.continente.pt/on/demandware.store/Sites-continente-Site/default/Cart-AddProduct" tabindex="-1">
                    <div class="d-none tile-delete-confirmation-btn" data-pid="7279386" data-delay-time="3000" data-in-cart-msg="no carrinho" data-one-product-added="Adicionado ao carrinho" data-remove-from-cart-msg="Removido do carrinho" data-stay-open="6000.0" data-confirmation-image="{&quot;url&quot;:&quot;https://www.continente.pt/dw/image/v2/BDVS_PRD/on/demandware.static/-/Sites-col-master-catalog/default/dw3a2d52cb/images/col/727/7279386-frente.jpg?sw=87&amp;sh=80&quot;,&quot;fallbackimage&quot;:{&quot;url&quot;:&quot;https://www.continente.pt/dw/image/v2/BDVS_PRD/on/demandware.static/Sites-continente-Site/-/default/dw7c42b4da/images/noimagelarge_product.png?sw=87&amp;sh=80&quot;,&quot;title&quot;:&quot;Girasoli Fresco com Cabra e Mel&quot;,&quot;alt&quot;:&quot;Girasoli Fresco com Cabra e Mel&quot;},&quot;title&quot;:&quot;Girasoli Fresco com Cabra e Mel&quot;,&quot;alt&quot;:&quot;Girasoli Fresco com Cabra e Mel&quot;}"></div>
                    <div class="ct-tile-quantity-update quantity-update product-qty-vue" data-remove-action="https://www.continente.pt/on/demandware.store/Sites-continente-Site/default/Cart-RemoveProductLineItem" data-action="https://www.continente.pt/on/demandware.store/Sites-continente-Site/default/Cart-UpdateQuantity" data-dimension-update="https://www.continente.pt/on/demandware.store/Sites-continente-Site/default/Cart-DimensionUpdate" data-pid="7279386" data-uuid="27e89d9ff0d3c9ecb7d5fc7343" data-add-delay="500.0" data-measure-options="{&quot;hasConversionRate&quot;:true,&quot;hasAlternativeSaleUnit&quot;:false,&quot;primaryToSecondary&quot;:1,&quot;secondaryToPrimary&quot;:1,&quot;unitConversionRate&quot;:1,&quot;minOrderQuantity&quot;:1,&quot;stepQuantity&quot;:1,&quot;primaryunit&quot;:&quot;un&quot;,&quot;secondaryunit&quot;:&quot;kg&quot;,&quot;selectedunit&quot;:&quot;primary&quot;,&quot;maxNumberOfUnitsPerSale&quot;:50}" data-price-available="null" :data-has-error="isMaxQtyReached || isMinQtyReached || qtySelectedMoreThanOne">
                    <template v-show="prodUnits">
                    <div class="quantity-input-wrapper has-units">
                    <label class="visually-hidden" :for="'quantity-' + pid + additionalTag">
                    Quantidade no carrinho
                    </label>
                    <input :ref="'quantityInput-' + pid + additionalTag" class="add-to-cart-quantity form-control ct-form-input text-center" inputmode="numeric" :class="{'is-invalid': isInvalid}" :data-pid="pid + additionalTag" :name="'quantity-' + pid + additionalTag" type="text" aria-label="Insira a quantidade" title="" v-model="displayValue" @change="updateQuantity" @focus="updateQtyFormat" @blur="restoreQtyFormat" :disabled="!isPriceAvailable">
                    <span class="quantity-icon quantity-icon--minus">
                    <button class="decrease-quantity-btn" @click="updateQuantity" :disabled="!isPriceAvailable" role="button" aria-label="Reduzir quantidade">
                    <i class="css-math-minus"></i>
                    </button>
                    </span>
                    <span class="quantity-icon quantity-icon--plus">
                    <button class="increase-quantity-btn" @click="updateQuantity" :disabled="isMaxQtyReached || !isPriceAvailable" role="button" aria-label="Aumentar quantidade">
                    <i class="css-math-plus"></i>
                    </button>
                    <span class="quantity-btn-disabled-placeholder"></span>
                    </span>
                    <template v-if="isPDP">
                    <span class="quantity-error ct-span-error text-sm-center product-max-allocation" v-if="isMaxQtyReached">
                    Quantidade máxima atingida
                    </span>
                    <span class="quantity-error ct-span-product text-sm-center product-allocation" v-if="!isMinQtyReached &amp;&amp; !isMaxQtyReached">
                    {{quantitySelected}} no carrinho
                    </span>
                    <span class="quantity-error ct-span-error text-sm-center product-min-allocation" :data-pid="pid" v-if="isMinQtyReached &amp;&amp; !isMaxQtyReached">
                    Quantidade mínima atingida
                    </span>
                    </template>
                    </div>
                    <template v-if="showNotes">
                    <div class="add-note-link-container ">
                    <div class="add-note">
                    <a href="/produto/girasoli-fresco-com-cabra-e-mel-continente-selecao-7279386.html?showNote=true" class="ct-add-note-redirect-pdp" aria-label="Adicionar comentário">
                    <span class="svg-wrapper svg-icon-notes" style="width:19px; height:20px">
                    <svg class="svg-inline icon-notes" viewBox="0 0 28 30" xmlns="http://www.w3.org/2000/svg" width="100%" height="100%"><path d="M21.738 0C22.985 0 24 1.04 24 2.319V12.47c0 .469-.37.848-.828.848-.457 0-.827-.38-.827-.848V2.32c0-.343-.273-.622-.607-.622H2.262c-.334 0-.607.279-.607.622V27.68c0 .343.273.622.607.622h7.81c.457 0 .827.38.827.849 0 .468-.37.848-.827.848h-7.81C1.015 30 0 28.96 0 27.681V2.32C0 1.04 1.015 0 2.262 0h19.476zm2.844 16.004l.227.007c.823.053 1.589.39 2.176.964.64.627.993 1.46.993 2.349 0 .888-.353 1.722-.993 2.348l-6.83 6.665c-.11.108-.247.186-.397.226l-5.032 1.363c-.078.021-.16.032-.241.032-.242 0-.478-.097-.647-.266-.23-.231-.314-.566-.218-.874l1.49-4.798c.044-.139.122-.266.227-.369l6.844-6.677c.64-.625 1.493-.97 2.401-.97zm-2.886 3.94l-4.922 4.802-.947 3.048 3.22-.872 4.897-4.78-2.248-2.197zm2.887-2.174c-.425 0-.824.162-1.124.455l-.484.472 2.248 2.197.484-.472c.62-.606.62-1.591 0-2.197l-.117-.104c-.283-.227-.636-.35-1.007-.35zm-10.839.022c.498 0 .904.396.904.883 0 .488-.406.884-.904.884H5.946c-.499 0-.904-.396-.904-.884 0-.487.405-.883.904-.883zm5.042-4.876c.498 0 .904.397.904.884s-.406.884-.904.884H5.946c-.499 0-.904-.397-.904-.884s.405-.884.904-.884zm0-4.875c.498 0 .904.396.904.884 0 .487-.406.883-.904.883H5.946c-.499 0-.904-.396-.904-.883 0-.488.405-.884.904-.884z" fill="#EB0203" fill-rule="evenodd"></path></svg>
                    </span>
                    <div class="available-note d-none"></div>
                    </a>
                    </div>
                    </div>
                    </template>
                    <div class="measurement-unit-section" v-if="isPriceAvailable &amp;&amp; prodUnits ? prodUnits.hasAlternativeUnit : false">
                    <div class="ct-form-radio" @click="setDimension">
                    <input type="radio" title="" class="ct-form-check-input product-measurement-unit" :data-type="prodUnits.selectedUnit == prodUnits.secondaryUnit ? 'primary' : ''" :id="prodUnits.secondaryUnit + '-' + pid + '-measurement-unit-ptile' + additionalTag" :name="'measurement-unit-' + pid + '-ptile' + additionalTag" :value="prodUnits.secondaryUnit" v-model="prodUnits.selectedUnit">
                    <label :class="prodUnits.secondaryUnit + '-label ct-form-check-label mb-0'" :for="prodUnits.secondaryUnit + '-' + pid + '-measurement-unit-ptile' + additionalTag">
                    {{prodUnits.secondaryUnit}}
                    </label>
                    <span class="checkmark"></span>
                    </div>
                    <div class="ct-form-radio" @click="setDimension">
                    <input type="radio" title="" class="ct-form-check-input product-measurement-unit" :data-type="prodUnits.selectedUnit == prodUnits.primaryUnit ? 'primary' : ''" :id="prodUnits.primaryUnit + '-' + pid + '-measurement-unit-ptile' + additionalTag" :name="'measurement-unit-' + pid + '-ptile' + additionalTag" :value="prodUnits.primaryUnit" v-model="prodUnits.selectedUnit">
                    <label :class="prodUnits.primaryUnit + '-label ct-form-check-label mb-0'" :for="prodUnits.primaryUnit + '-' + pid + '-measurement-unit-ptile' + additionalTag">
                    {{prodUnits.primaryUnit}}
                    </label>
                    <span class="checkmark"></span>
                    </div>
                    </div>
                    <template v-if="!isPDP &amp;&amp; isPriceAvailable">
                    <span class="quantity-error ct-span-error product-max-allocation" v-if="isMaxQtyReached">
                    Quantidade máxima atingida
                    </span>
                    <span class="quantity-error ct-span-product product-allocation" v-if="!isMinQtyReached &amp;&amp; !isMaxQtyReached">
                    {{quantitySelected}} no carrinho
                    </span>
                    <span class="quantity-error ct-span-error product-min-allocation" :data-pid="pid" v-if="isMinQtyReached &amp;&amp; !isMaxQtyReached">
                    Quantidade mínima atingida
                    </span>
                    </template>
                    </template>
                    </div>
                    <input class="quantity-value-mask d-none" name="quantity" type="number" min="0" value="" tabindex="-1">
                    </div>
                    <button type="button" class="add-to-cart button js-add-to-cart js-add-to-cart-tile 7279386 button--primary dynamic-layout-btn" data-toggle="modal" data-target="#chooseBonusProductModal" data-pid="7279386" data-quantity-value="null" aria-label="Carrinho" tabindex="-1">
                    <span class="d-block d-sm-none">
                    <span class="svg-wrapper svg-icon-cart" style="width:20px; height:20px">
                    <svg class="svg-inline icon-cart" xmlns="http://www.w3.org/2000/svg" viewBox="0 0 500 500" width="100%" height="100%"><path fill="#EB0203" fill-rule="evenodd" d="M 485.67317,94.386311 C 476.37798,83.847129 463.09468,78.03348 448.30404,78.03348 H 90.690813 L 87.079511,51.327997 C 83.185582,22.539551 62.962285,0 41.011841,0 H 14.727836 C 6.563151,0 0,6.5286975 0,14.580758 c 0,8.05206 6.5945535,14.580758 14.727836,14.580758 h 26.284005 c 4.710398,0 14.696435,9.855222 16.894619,26.021523 L 100.01739,368.0631 c 1.88416,13.77244 9.01256,26.70549 20.1605,36.37417 8.25889,7.15046 18.02511,11.9071 28.26237,13.89679 -4.17655,7.58572 -6.53175,16.25957 -6.53175,25.493 0,29.53459 24.27424,53.59751 54.13815,53.59751 29.8325,0 54.13814,-24.03184 54.13814,-53.59751 0,-8.79818 -2.19818,-17.09897 -5.9979,-24.43598 h 77.12488 c -3.79973,7.33701 -5.96652,15.6378 -5.96652,24.43598 0,29.53459 24.27424,53.59751 54.13817,53.59751 29.83249,0 54.13814,-24.03184 54.13814,-53.59751 0,-8.79818 -2.1982,-17.09897 -5.9979,-24.43598 h 38.56243 c 8.13328,0 14.72783,-6.5287 14.72783,-14.61183 0,-8.02098 -6.59455,-14.54967 -14.72783,-14.54967 H 159.24277 c -14.38241,0 -28.13677,-11.90711 -30.02092,-26.02153 l -3.07746,-22.88154 h 290.6314 c 14.03698,0 27.94834,-5.28513 39.06488,-14.95381 11.11652,-9.6376 18.27632,-22.57065 20.16048,-36.37417 l 21.10259,-156.78201 c 1.94694,-14.51858 -2.10398,-28.29103 -11.43057,-38.861299 z M 220.76053,443.82706 c 0,13.49265 -11.08513,24.46709 -24.68247,24.46709 -13.62874,0 -24.71387,-10.97444 -24.71387,-24.46709 0,-13.49262 11.08513,-24.43598 24.71387,-24.43598 13.59734,0 24.68247,10.94336 24.68247,24.43598 z m 173.43675,0 c 0,13.49265 -11.08512,24.46709 -24.68245,24.46709 -13.62876,0 -24.71388,-10.97444 -24.71388,-24.46709 0,-13.49262 11.08512,-24.43598 24.71388,-24.43598 13.59733,0 24.68245,10.94336 24.68245,24.43598 z m 73.7648,-314.46558 -21.13397,156.782 c -1.88416,14.11442 -15.63851,26.05261 -30.02091,26.05261 H 122.25046 L 94.616142,107.19499 H 448.33544 c 6.18632,0 11.61896,2.2695 15.23028,6.37326 3.64269,4.13484 5.21283,9.73086 4.39636,15.79323 z"></path></svg>
                    </span>
                    </span>
                    <span class="add-to-cart--text d-none d-sm-block">Carrinho</span>
                    </button>
                    </div>
                    </div>
                    </div>
                    </div>
                    
                    <div class="col-12 d-sm-none">
                    </div>
                    </div>
                    </div>
                    </div>
                    </div><div class="pd-tile-wrap slick-slide" data-idx="13" style="width: 276px; height: auto;" data-slick-index="12" aria-hidden="true" tabindex="-1" role="tabpanel" id="slick-slide012" aria-describedby="slick-slide-control03">
                    
                    <script type="text/javascript">//<!--
                    /* <![CDATA[ */
                    (function(){
                    try {
                        if(window.CQuotient) {
                            var cq_params = {};
                            cq_params.cookieId = window.CQuotient.getCQCookieId();
                            cq_params.userId = window.CQuotient.getCQUserId();
                            cq_params.emailId = CQuotient.getCQHashedEmail();
                            cq_params.loginId = CQuotient.getCQHashedLogin();
                            cq_params.accumulate = true;
                            cq_params.products = [{
                                id: '5049797',
                                sku: '',
                                type: '',
                                alt_id: ''
                            }];
                            cq_params.recommenderName = '__UNDEFINED__';
                            cq_params.realm = "BDVS";
                            cq_params.siteId = "continente";
                            cq_params.instanceType = "prd";
                            cq_params.locale = window.CQuotient.locale;
                            cq_params.slotId = '';
                            cq_params.slotConfigId = '';
                            cq_params.slotConfigTemplate = '';
                            if(window.CQuotient.sendActivity)
                                window.CQuotient.sendActivity( CQuotient.clientId, 'viewReco', cq_params );
                            else
                                window.CQuotient.activities.push( {activityType: 'viewReco', parameters: cq_params} );
                        }
                    } catch(err) {}
                    })();
                    /* ]]> */
                    // -->
                    </script>
                    <script type="text/javascript">//<!--
                    /* <![CDATA[ (viewProduct-active_data.js) */
                    dw.ac._capture({id: "5049797", type: "recommendation"});
                    /* ]]> */
                    // -->
                    </script>
                    <div class="product" data-pid="5049797">
                    <div class="product-tile pid-5049797   ct-product-tile " data-delay-time="3000" data-variants-mapping="[]" data-in-cart-msg="no carrinho" data-one-product-added="Adicionado ao carrinho" data-remove-from-cart-msg="Removido do carrinho" data-stay-open="6000.0" data-product-tile-impression="{&quot;name&quot;:&quot;5049797&quot;,&quot;id&quot;:&quot;5049797&quot;,&quot;price&quot;:2.99,&quot;brand&quot;:&quot;Continente Fácil &amp; Bom&quot;,&quot;category&quot;:[{&quot;category_level_1&quot;:&quot;Take-Away&quot;},{&quot;category_level_2&quot;:&quot;Refeições Prontas&quot;},{&quot;category_level_3&quot;:&quot;Peixe e Marisco&quot;}],&quot;variant&quot;:&quot;&quot;}">
                    <div class="ct-inner-tile-wrap row no-gutters justify-content-center align-content-start">
                    
                    <div class="ct-image-container col-4 col-sm" data-confirmation-image="{&quot;url&quot;:&quot;https://www.continente.pt/dw/image/v2/BDVS_PRD/on/demandware.static/-/Sites-col-master-catalog/default/dwc0aa3107/images/col/504/5049797-frente.jpg?sw=87&amp;sh=80&quot;,&quot;fallbackimage&quot;:{&quot;url&quot;:&quot;https://www.continente.pt/dw/image/v2/BDVS_PRD/on/demandware.static/Sites-continente-Site/-/default/dw7c42b4da/images/noimagelarge_product.png?sw=87&amp;sh=80&quot;,&quot;title&quot;:&quot;Bacalhau à Brás&quot;,&quot;alt&quot;:&quot;Bacalhau à Brás&quot;},&quot;title&quot;:&quot;Bacalhau à Brás&quot;,&quot;alt&quot;:&quot;Bacalhau à Brás&quot;}">
                    <a href="https://www.continente.pt/produto/bacalhau-a-bras-continente-facil-bom-5049797.html?cgid=home" tabindex="-1">
                    <picture class="intrinsic intrinsic--square">
                    <img class="ct-tile-image lazyloaded" loading="lazy" onerror="this.onerror=null;this.src='/on/demandware.static/Sites-continente-Site/-/default/dw7c42b4da/images/noimagelarge_product.png';" data-src="https://www.continente.pt/dw/image/v2/BDVS_PRD/on/demandware.static/-/Sites-col-master-catalog/default/dwc0aa3107/images/col/504/5049797-frente.jpg?sw=280&amp;sh=280" alt="Bacalhau à Brás" title="Bacalhau à Brás" src="https://www.continente.pt/dw/image/v2/BDVS_PRD/on/demandware.static/-/Sites-col-master-catalog/default/dwc0aa3107/images/col/504/5049797-frente.jpg?sw=280&amp;sh=280">
                    </picture>
                    </a>
                    <div class="color-swatches d-flex" style="margin-left: 5px;">
                    <div class="swatches d-flex">
                    </div>
                    </div>
                    </div>
                    <div class="ct-tile-body col col-sm-auto ">
                    <div class="ct-pdp-details">
                    <div class="ct-pdp-link">
                    <a class="ct-tile--description" href="https://www.continente.pt/produto/bacalhau-a-bras-continente-facil-bom-5049797.html?cgid=home" tabindex="-1">Bacalhau à Brás</a>
                    <div class="ct-tile--favorite-top d-sm-none">
                    <button class="wishlist-toggler guest-mode inactive button button--tertiary" data-pid="5049797" data-add-url="https://www.continente.pt/on/demandware.store/Sites-continente-Site/default/Wishlist-AddProduct?pid=5049797" data-toggle="tooltip" aria-label="Adicionar aos favoritos " data-original-title="Adicionar aos favoritos" data-placement="top" tabindex="-1">
                    <svg class="active-content" width="100%" height="100%" viewBox="0 0 20 22" fill="none" xmlns="http://www.w3.org/2000/svg">
                    <path fill-rule="evenodd" clip-rule="evenodd" d="M0 1.53052C0 0.685236 0.692171 0 1.54601 0H15.0736C15.9274 0 16.6196 0.685235 16.6196 1.53052V13.4064L15.8127 13.922L14.2658 14.2658L12.7189 13.4064L10.6054 14.3818C10.4994 14.2451 10.3327 14.157 10.1452 14.157H6.76329C6.4431 14.157 6.18354 14.414 6.18354 14.731C6.18354 15.0479 6.4431 15.3049 6.76329 15.3049H10.1452C10.2478 15.3049 10.3441 15.2785 10.4277 15.2322L10.3126 16.8439L13.2345 20.2793H1.54601C0.69217 20.2793 0 19.5941 0 18.7488V1.53052ZM6.18354 5.5483C6.18354 5.23132 6.4431 4.97436 6.76329 4.97436H12.3676C12.6878 4.97436 12.9473 5.23132 12.9473 5.5483C12.9473 5.86528 12.6878 6.12224 12.3676 6.12224H6.76329C6.4431 6.12224 6.18354 5.86528 6.18354 5.5483ZM6.76329 11.0961C6.4431 11.0961 6.18354 11.3531 6.18354 11.6701C6.18354 11.987 6.4431 12.244 6.76329 12.244H12.3676C12.6878 12.244 12.9473 11.987 12.9473 11.6701C12.9473 11.3531 12.6878 11.0961 12.3676 11.0961H6.76329ZM6.18354 8.60985C6.18354 8.29287 6.4431 8.03591 6.76329 8.03591H12.3676C12.6878 8.03591 12.9473 8.29287 12.9473 8.60985C12.9473 8.92684 12.6878 9.1838 12.3676 9.1838H6.76329C6.4431 9.1838 6.18354 8.92684 6.18354 8.60985ZM3.67118 5.5483C3.67118 5.23132 3.93075 4.97436 4.25093 4.97436H4.63743C4.95762 4.97436 5.21719 5.23132 5.21719 5.5483C5.21719 5.86528 4.95762 6.12224 4.63743 6.12224H4.25093C3.93075 6.12224 3.67118 5.86528 3.67118 5.5483ZM4.25093 11.0961C3.93075 11.0961 3.67118 11.3531 3.67118 11.6701C3.67118 11.987 3.93075 12.244 4.25093 12.244H4.63743C4.95762 12.244 5.21719 11.987 5.21719 11.6701C5.21719 11.3531 4.95762 11.0961 4.63743 11.0961H4.25093ZM3.67118 8.60985C3.67118 8.29287 3.93075 8.03591 4.25093 8.03591H4.63743C4.95762 8.03591 5.21719 8.29287 5.21719 8.60985C5.21719 8.92684 4.95762 9.1838 4.63743 9.1838H4.25093C3.93075 9.1838 3.67118 8.92684 3.67118 8.60985ZM4.25093 14.157C3.93075 14.157 3.67118 14.414 3.67118 14.731C3.67118 15.0479 3.93075 15.3049 4.25093 15.3049H4.63743C4.95762 15.3049 5.21719 15.0479 5.21719 14.731C5.21719 14.414 4.95762 14.157 4.63743 14.157H4.25093Z" fill="#EB0203"></path>
                    <path fill-rule="evenodd" clip-rule="evenodd" d="M14.6252 13.6363C13.4918 12.6215 11.7817 12.5264 10.6569 13.4792C9.12421 14.7764 9.34841 16.8912 10.4409 18.0122L14.0159 21.6742C14.2197 21.8832 14.4928 22 14.7822 22C15.0737 22 15.3448 21.8852 15.5486 21.6762L19.1236 18.0142C20.214 16.8933 20.4423 14.7785 18.9075 13.4792C17.7827 12.5283 16.0724 12.6217 14.9391 13.6365C14.8855 13.6845 14.8331 13.7345 14.7822 13.7866C14.7313 13.7345 14.6789 13.6843 14.6252 13.6363ZM18.1546 14.3522C19.0973 15.1508 18.9962 16.4896 18.2891 17.2173C18.2888 17.2175 18.2886 17.2177 18.2884 17.218L14.7832 20.8084L11.2753 17.2151C11.2752 17.215 11.2751 17.2149 11.2749 17.2148C10.5677 16.4887 10.4678 15.1495 11.4104 14.3518L11.4108 14.3514C12.0745 13.7892 13.2018 13.82 13.9488 14.5846L14.7822 15.4378L15.6157 14.5846C16.3617 13.8211 17.4896 13.79 18.1545 14.3521" fill="#EB0203"></path>
                    </svg>
                    <svg class="inactive-content" width="100%" height="100%" viewBox="0 0 20 23" fill="none" xmlns="http://www.w3.org/2000/svg">
                    <path fill-rule="evenodd" clip-rule="evenodd" d="M6.18408 5.77914C6.18408 5.46223 6.44363 5.20532 6.7638 5.20532H12.3678C12.6879 5.20532 12.9475 5.46223 12.9475 5.77914C12.9475 6.09606 12.6879 6.35297 12.3678 6.35297H6.7638C6.44363 6.35297 6.18408 6.09606 6.18408 5.77914Z" fill="#EB0203"></path>
                    <path fill-rule="evenodd" clip-rule="evenodd" d="M6.18408 11.9034C6.18408 11.5865 6.44363 11.3296 6.7638 11.3296H12.3678C12.6879 11.3296 12.9475 11.5865 12.9475 11.9034C12.9475 12.2202 12.6879 12.4771 12.3678 12.4771H6.7638C6.44363 12.4771 6.18408 12.2202 6.18408 11.9034Z" fill="#EB0203"></path>
                    <path fill-rule="evenodd" clip-rule="evenodd" d="M6.18408 8.84116C6.18408 8.52424 6.44363 8.26733 6.7638 8.26733H12.3678C12.6879 8.26733 12.9475 8.52424 12.9475 8.84116C12.9475 9.15807 12.6879 9.41498 12.3678 9.41498H6.7638C6.44363 9.41498 6.18408 9.15807 6.18408 8.84116Z" fill="#EB0203"></path>
                    <path fill-rule="evenodd" clip-rule="evenodd" d="M6.18408 14.9655C6.18408 14.6486 6.44363 14.3917 6.7638 14.3917H10.1455C10.4657 14.3917 10.7252 14.6486 10.7252 14.9655C10.7252 15.2825 10.4657 15.5394 10.1455 15.5394H6.7638C6.44363 15.5394 6.18408 15.2825 6.18408 14.9655Z" fill="#EB0203"></path>
                    <path fill-rule="evenodd" clip-rule="evenodd" d="M3.67139 5.77914C3.67139 5.46223 3.93094 5.20532 4.25111 5.20532H4.63759C4.95776 5.20532 5.21731 5.46223 5.21731 5.77914C5.21731 6.09606 4.95776 6.35297 4.63759 6.35297H4.25111C3.93094 6.35297 3.67139 6.09606 3.67139 5.77914Z" fill="#EB0203"></path>
                    <path fill-rule="evenodd" clip-rule="evenodd" d="M3.67139 11.9034C3.67139 11.5865 3.93094 11.3296 4.25111 11.3296H4.63759C4.95776 11.3296 5.21731 11.5865 5.21731 11.9034C5.21731 12.2202 4.95776 12.4771 4.63759 12.4771H4.25111C3.93094 12.4771 3.67139 12.2202 3.67139 11.9034Z" fill="#EB0203"></path>
                    <path fill-rule="evenodd" clip-rule="evenodd" d="M3.67139 8.84116C3.67139 8.52424 3.93094 8.26733 4.25111 8.26733H4.63759C4.95776 8.26733 5.21731 8.52424 5.21731 8.84116C5.21731 9.15807 4.95776 9.41498 4.63759 9.41498H4.25111C3.93094 9.41498 3.67139 9.15807 3.67139 8.84116Z" fill="#EB0203"></path>
                    <path fill-rule="evenodd" clip-rule="evenodd" d="M3.67139 14.9655C3.67139 14.6486 3.93094 14.3917 4.25111 14.3917H4.63759C4.95776 14.3917 5.21731 14.6486 5.21731 14.9655C5.21731 15.2825 4.95776 15.5394 4.63759 15.5394H4.25111C3.93094 15.5394 3.67139 15.2825 3.67139 14.9655Z" fill="#EB0203"></path>
                    <path fill-rule="evenodd" clip-rule="evenodd" d="M0 1.76033C0 0.914738 0.692131 0.229248 1.54592 0.229248H15.0727C15.9265 0.229248 16.6186 0.914738 16.6186 1.76033V11.2818C16.6186 11.5989 16.3591 11.8559 16.0389 11.8559C15.7187 11.8559 15.4592 11.5989 15.4592 11.2818V1.76033C15.4592 1.54893 15.2862 1.37756 15.0727 1.37756H1.54592C1.33247 1.37756 1.15944 1.54893 1.15944 1.76033V18.985C1.15944 19.1964 1.33247 19.3678 1.54592 19.3678H9.27551C9.59568 19.3678 9.85523 19.6249 9.85523 19.942C9.85523 20.2591 9.59568 20.5161 9.27551 20.5161H1.54592C0.692131 20.5161 0 19.8306 0 18.985V1.76033Z" fill="#EB0203"></path>
                    <path fill-rule="evenodd" clip-rule="evenodd" d="M14.6254 13.8718C13.4921 12.8567 11.7821 12.7615 10.6574 13.7147C9.12472 15.0124 9.34891 17.128 10.4413 18.2493L14.0161 21.9126C14.2199 22.1217 14.493 22.2386 14.7824 22.2386C15.0739 22.2386 15.3449 22.1238 15.5487 21.9147L19.1235 18.2514C20.2139 17.13 20.4422 15.0144 18.9075 13.7147C17.7827 12.7634 16.0726 12.8569 14.9392 13.872C14.8856 13.92 14.8333 13.9701 14.7824 14.0222C14.7314 13.97 14.6791 13.9199 14.6254 13.8718ZM18.1546 14.588C19.0972 15.3869 18.9961 16.7262 18.2891 17.4541C18.2888 17.4543 18.2886 17.4546 18.2884 17.4548L14.7834 21.0466L11.2757 17.452C11.2756 17.4519 11.2755 17.4517 11.2753 17.4516C10.5681 16.7252 10.4682 15.3856 11.4108 14.5876L11.4112 14.5872C12.0748 14.0248 13.202 14.0556 13.949 14.8205L14.7824 15.674L15.6158 14.8205C16.3618 14.0567 17.4896 14.0256 18.1545 14.5879" fill="#EB0203"></path>
                    </svg>
                    </button>
                    </div>
                    </div>
                    <p class="ct-tile--brand">Continente Fácil &amp; Bom</p>
                    <p class="ct-tile--quantity">emb. 250 gr</p>
                    </div>
                    <div class="ct-tile-bottom row no-gutters justify-content-between">
                    <div class="ct-price-wrap col-8 col-sm-12">
                    <div class="price js-product-price">
                    <div class="prices-wrapper">
                    <span class="sales ct-tile--price-primary ">
                    <span class="value" content="2.99">
                    <span class="ct-price-formatted">
                    €2,99
                    </span>
                    <span class="ct-m-unit">
                    /un
                    </span>
                    </span>
                    </span>
                    </div>
                    <div class="ct-tile--price-secondary">
                    <span class="ct-price-value">
                    €11,96
                    </span>
                    <span class="ct-m-unit">
                    /kg
                    </span>
                    </div>
                    </div>
                    </div>
                    <div class="ct-tile-buy-section d-flex justify-content-center no-gutters col-auto col-sm-12">
                    <div class="col-2 d-sm-flex d-none">
                    <button class="wishlist-toggler guest-mode inactive button button--tertiary" data-pid="5049797" data-add-url="https://www.continente.pt/on/demandware.store/Sites-continente-Site/default/Wishlist-AddProduct?pid=5049797" data-toggle="tooltip" aria-label="Adicionar aos favoritos " data-original-title="Adicionar aos favoritos" data-placement="top" tabindex="-1">
                    <svg class="active-content" width="100%" height="100%" viewBox="0 0 20 22" fill="none" xmlns="http://www.w3.org/2000/svg">
                    <path fill-rule="evenodd" clip-rule="evenodd" d="M0 1.53052C0 0.685236 0.692171 0 1.54601 0H15.0736C15.9274 0 16.6196 0.685235 16.6196 1.53052V13.4064L15.8127 13.922L14.2658 14.2658L12.7189 13.4064L10.6054 14.3818C10.4994 14.2451 10.3327 14.157 10.1452 14.157H6.76329C6.4431 14.157 6.18354 14.414 6.18354 14.731C6.18354 15.0479 6.4431 15.3049 6.76329 15.3049H10.1452C10.2478 15.3049 10.3441 15.2785 10.4277 15.2322L10.3126 16.8439L13.2345 20.2793H1.54601C0.69217 20.2793 0 19.5941 0 18.7488V1.53052ZM6.18354 5.5483C6.18354 5.23132 6.4431 4.97436 6.76329 4.97436H12.3676C12.6878 4.97436 12.9473 5.23132 12.9473 5.5483C12.9473 5.86528 12.6878 6.12224 12.3676 6.12224H6.76329C6.4431 6.12224 6.18354 5.86528 6.18354 5.5483ZM6.76329 11.0961C6.4431 11.0961 6.18354 11.3531 6.18354 11.6701C6.18354 11.987 6.4431 12.244 6.76329 12.244H12.3676C12.6878 12.244 12.9473 11.987 12.9473 11.6701C12.9473 11.3531 12.6878 11.0961 12.3676 11.0961H6.76329ZM6.18354 8.60985C6.18354 8.29287 6.4431 8.03591 6.76329 8.03591H12.3676C12.6878 8.03591 12.9473 8.29287 12.9473 8.60985C12.9473 8.92684 12.6878 9.1838 12.3676 9.1838H6.76329C6.4431 9.1838 6.18354 8.92684 6.18354 8.60985ZM3.67118 5.5483C3.67118 5.23132 3.93075 4.97436 4.25093 4.97436H4.63743C4.95762 4.97436 5.21719 5.23132 5.21719 5.5483C5.21719 5.86528 4.95762 6.12224 4.63743 6.12224H4.25093C3.93075 6.12224 3.67118 5.86528 3.67118 5.5483ZM4.25093 11.0961C3.93075 11.0961 3.67118 11.3531 3.67118 11.6701C3.67118 11.987 3.93075 12.244 4.25093 12.244H4.63743C4.95762 12.244 5.21719 11.987 5.21719 11.6701C5.21719 11.3531 4.95762 11.0961 4.63743 11.0961H4.25093ZM3.67118 8.60985C3.67118 8.29287 3.93075 8.03591 4.25093 8.03591H4.63743C4.95762 8.03591 5.21719 8.29287 5.21719 8.60985C5.21719 8.92684 4.95762 9.1838 4.63743 9.1838H4.25093C3.93075 9.1838 3.67118 8.92684 3.67118 8.60985ZM4.25093 14.157C3.93075 14.157 3.67118 14.414 3.67118 14.731C3.67118 15.0479 3.93075 15.3049 4.25093 15.3049H4.63743C4.95762 15.3049 5.21719 15.0479 5.21719 14.731C5.21719 14.414 4.95762 14.157 4.63743 14.157H4.25093Z" fill="#EB0203"></path>
                    <path fill-rule="evenodd" clip-rule="evenodd" d="M14.6252 13.6363C13.4918 12.6215 11.7817 12.5264 10.6569 13.4792C9.12421 14.7764 9.34841 16.8912 10.4409 18.0122L14.0159 21.6742C14.2197 21.8832 14.4928 22 14.7822 22C15.0737 22 15.3448 21.8852 15.5486 21.6762L19.1236 18.0142C20.214 16.8933 20.4423 14.7785 18.9075 13.4792C17.7827 12.5283 16.0724 12.6217 14.9391 13.6365C14.8855 13.6845 14.8331 13.7345 14.7822 13.7866C14.7313 13.7345 14.6789 13.6843 14.6252 13.6363ZM18.1546 14.3522C19.0973 15.1508 18.9962 16.4896 18.2891 17.2173C18.2888 17.2175 18.2886 17.2177 18.2884 17.218L14.7832 20.8084L11.2753 17.2151C11.2752 17.215 11.2751 17.2149 11.2749 17.2148C10.5677 16.4887 10.4678 15.1495 11.4104 14.3518L11.4108 14.3514C12.0745 13.7892 13.2018 13.82 13.9488 14.5846L14.7822 15.4378L15.6157 14.5846C16.3617 13.8211 17.4896 13.79 18.1545 14.3521" fill="#EB0203"></path>
                    </svg>
                    <svg class="inactive-content" width="100%" height="100%" viewBox="0 0 20 23" fill="none" xmlns="http://www.w3.org/2000/svg">
                    <path fill-rule="evenodd" clip-rule="evenodd" d="M6.18408 5.77914C6.18408 5.46223 6.44363 5.20532 6.7638 5.20532H12.3678C12.6879 5.20532 12.9475 5.46223 12.9475 5.77914C12.9475 6.09606 12.6879 6.35297 12.3678 6.35297H6.7638C6.44363 6.35297 6.18408 6.09606 6.18408 5.77914Z" fill="#EB0203"></path>
                    <path fill-rule="evenodd" clip-rule="evenodd" d="M6.18408 11.9034C6.18408 11.5865 6.44363 11.3296 6.7638 11.3296H12.3678C12.6879 11.3296 12.9475 11.5865 12.9475 11.9034C12.9475 12.2202 12.6879 12.4771 12.3678 12.4771H6.7638C6.44363 12.4771 6.18408 12.2202 6.18408 11.9034Z" fill="#EB0203"></path>
                    <path fill-rule="evenodd" clip-rule="evenodd" d="M6.18408 8.84116C6.18408 8.52424 6.44363 8.26733 6.7638 8.26733H12.3678C12.6879 8.26733 12.9475 8.52424 12.9475 8.84116C12.9475 9.15807 12.6879 9.41498 12.3678 9.41498H6.7638C6.44363 9.41498 6.18408 9.15807 6.18408 8.84116Z" fill="#EB0203"></path>
                    <path fill-rule="evenodd" clip-rule="evenodd" d="M6.18408 14.9655C6.18408 14.6486 6.44363 14.3917 6.7638 14.3917H10.1455C10.4657 14.3917 10.7252 14.6486 10.7252 14.9655C10.7252 15.2825 10.4657 15.5394 10.1455 15.5394H6.7638C6.44363 15.5394 6.18408 15.2825 6.18408 14.9655Z" fill="#EB0203"></path>
                    <path fill-rule="evenodd" clip-rule="evenodd" d="M3.67139 5.77914C3.67139 5.46223 3.93094 5.20532 4.25111 5.20532H4.63759C4.95776 5.20532 5.21731 5.46223 5.21731 5.77914C5.21731 6.09606 4.95776 6.35297 4.63759 6.35297H4.25111C3.93094 6.35297 3.67139 6.09606 3.67139 5.77914Z" fill="#EB0203"></path>
                    <path fill-rule="evenodd" clip-rule="evenodd" d="M3.67139 11.9034C3.67139 11.5865 3.93094 11.3296 4.25111 11.3296H4.63759C4.95776 11.3296 5.21731 11.5865 5.21731 11.9034C5.21731 12.2202 4.95776 12.4771 4.63759 12.4771H4.25111C3.93094 12.4771 3.67139 12.2202 3.67139 11.9034Z" fill="#EB0203"></path>
                    <path fill-rule="evenodd" clip-rule="evenodd" d="M3.67139 8.84116C3.67139 8.52424 3.93094 8.26733 4.25111 8.26733H4.63759C4.95776 8.26733 5.21731 8.52424 5.21731 8.84116C5.21731 9.15807 4.95776 9.41498 4.63759 9.41498H4.25111C3.93094 9.41498 3.67139 9.15807 3.67139 8.84116Z" fill="#EB0203"></path>
                    <path fill-rule="evenodd" clip-rule="evenodd" d="M3.67139 14.9655C3.67139 14.6486 3.93094 14.3917 4.25111 14.3917H4.63759C4.95776 14.3917 5.21731 14.6486 5.21731 14.9655C5.21731 15.2825 4.95776 15.5394 4.63759 15.5394H4.25111C3.93094 15.5394 3.67139 15.2825 3.67139 14.9655Z" fill="#EB0203"></path>
                    <path fill-rule="evenodd" clip-rule="evenodd" d="M0 1.76033C0 0.914738 0.692131 0.229248 1.54592 0.229248H15.0727C15.9265 0.229248 16.6186 0.914738 16.6186 1.76033V11.2818C16.6186 11.5989 16.3591 11.8559 16.0389 11.8559C15.7187 11.8559 15.4592 11.5989 15.4592 11.2818V1.76033C15.4592 1.54893 15.2862 1.37756 15.0727 1.37756H1.54592C1.33247 1.37756 1.15944 1.54893 1.15944 1.76033V18.985C1.15944 19.1964 1.33247 19.3678 1.54592 19.3678H9.27551C9.59568 19.3678 9.85523 19.6249 9.85523 19.942C9.85523 20.2591 9.59568 20.5161 9.27551 20.5161H1.54592C0.692131 20.5161 0 19.8306 0 18.985V1.76033Z" fill="#EB0203"></path>
                    <path fill-rule="evenodd" clip-rule="evenodd" d="M14.6254 13.8718C13.4921 12.8567 11.7821 12.7615 10.6574 13.7147C9.12472 15.0124 9.34891 17.128 10.4413 18.2493L14.0161 21.9126C14.2199 22.1217 14.493 22.2386 14.7824 22.2386C15.0739 22.2386 15.3449 22.1238 15.5487 21.9147L19.1235 18.2514C20.2139 17.13 20.4422 15.0144 18.9075 13.7147C17.7827 12.7634 16.0726 12.8569 14.9392 13.872C14.8856 13.92 14.8333 13.9701 14.7824 14.0222C14.7314 13.97 14.6791 13.9199 14.6254 13.8718ZM18.1546 14.588C19.0972 15.3869 18.9961 16.7262 18.2891 17.4541C18.2888 17.4543 18.2886 17.4546 18.2884 17.4548L14.7834 21.0466L11.2757 17.452C11.2756 17.4519 11.2755 17.4517 11.2753 17.4516C10.5681 16.7252 10.4682 15.3856 11.4108 14.5876L11.4112 14.5872C12.0748 14.0248 13.202 14.0556 13.949 14.8205L14.7824 15.674L15.6158 14.8205C16.3618 14.0567 17.4896 14.0256 18.1545 14.5879" fill="#EB0203"></path>
                    </svg>
                    </button>
                    </div>
                    <div class="col-sm-10 col-12">
                    <div class="ct-tile-quantity d-none" data-pid="5049797">
                    <input type="hidden" class="add-to-cart-url" value="https://www.continente.pt/on/demandware.store/Sites-continente-Site/default/Cart-AddProduct" tabindex="-1">
                    <div class="d-none tile-delete-confirmation-btn" data-pid="5049797" data-delay-time="3000" data-in-cart-msg="no carrinho" data-one-product-added="Adicionado ao carrinho" data-remove-from-cart-msg="Removido do carrinho" data-stay-open="6000.0" data-confirmation-image="{&quot;url&quot;:&quot;https://www.continente.pt/dw/image/v2/BDVS_PRD/on/demandware.static/-/Sites-col-master-catalog/default/dwc0aa3107/images/col/504/5049797-frente.jpg?sw=87&amp;sh=80&quot;,&quot;fallbackimage&quot;:{&quot;url&quot;:&quot;https://www.continente.pt/dw/image/v2/BDVS_PRD/on/demandware.static/Sites-continente-Site/-/default/dw7c42b4da/images/noimagelarge_product.png?sw=87&amp;sh=80&quot;,&quot;title&quot;:&quot;Bacalhau à Brás&quot;,&quot;alt&quot;:&quot;Bacalhau à Brás&quot;},&quot;title&quot;:&quot;Bacalhau à Brás&quot;,&quot;alt&quot;:&quot;Bacalhau à Brás&quot;}"></div>
                    <div class="ct-tile-quantity-update quantity-update product-qty-vue" data-remove-action="https://www.continente.pt/on/demandware.store/Sites-continente-Site/default/Cart-RemoveProductLineItem" data-action="https://www.continente.pt/on/demandware.store/Sites-continente-Site/default/Cart-UpdateQuantity" data-dimension-update="https://www.continente.pt/on/demandware.store/Sites-continente-Site/default/Cart-DimensionUpdate" data-pid="5049797" data-uuid="28ede2b57de52700eca15a23f3" data-add-delay="500.0" data-measure-options="{&quot;hasConversionRate&quot;:true,&quot;hasAlternativeSaleUnit&quot;:false,&quot;primaryToSecondary&quot;:1,&quot;secondaryToPrimary&quot;:1,&quot;unitConversionRate&quot;:1,&quot;minOrderQuantity&quot;:1,&quot;stepQuantity&quot;:1,&quot;primaryunit&quot;:&quot;un&quot;,&quot;secondaryunit&quot;:&quot;kg&quot;,&quot;selectedunit&quot;:&quot;primary&quot;,&quot;maxNumberOfUnitsPerSale&quot;:50}" data-price-available="null" :data-has-error="isMaxQtyReached || isMinQtyReached || qtySelectedMoreThanOne">
                    <template v-show="prodUnits">
                    <div class="quantity-input-wrapper has-units">
                    <label class="visually-hidden" :for="'quantity-' + pid + additionalTag">
                    Quantidade no carrinho
                    </label>
                    <input :ref="'quantityInput-' + pid + additionalTag" class="add-to-cart-quantity form-control ct-form-input text-center" inputmode="numeric" :class="{'is-invalid': isInvalid}" :data-pid="pid + additionalTag" :name="'quantity-' + pid + additionalTag" type="text" aria-label="Insira a quantidade" title="" v-model="displayValue" @change="updateQuantity" @focus="updateQtyFormat" @blur="restoreQtyFormat" :disabled="!isPriceAvailable">
                    <span class="quantity-icon quantity-icon--minus">
                    <button class="decrease-quantity-btn" @click="updateQuantity" :disabled="!isPriceAvailable" role="button" aria-label="Reduzir quantidade">
                    <i class="css-math-minus"></i>
                    </button>
                    </span>
                    <span class="quantity-icon quantity-icon--plus">
                    <button class="increase-quantity-btn" @click="updateQuantity" :disabled="isMaxQtyReached || !isPriceAvailable" role="button" aria-label="Aumentar quantidade">
                    <i class="css-math-plus"></i>
                    </button>
                    <span class="quantity-btn-disabled-placeholder"></span>
                    </span>
                    <template v-if="isPDP">
                    <span class="quantity-error ct-span-error text-sm-center product-max-allocation" v-if="isMaxQtyReached">
                    Quantidade máxima atingida
                    </span>
                    <span class="quantity-error ct-span-product text-sm-center product-allocation" v-if="!isMinQtyReached &amp;&amp; !isMaxQtyReached">
                    {{quantitySelected}} no carrinho
                    </span>
                    <span class="quantity-error ct-span-error text-sm-center product-min-allocation" :data-pid="pid" v-if="isMinQtyReached &amp;&amp; !isMaxQtyReached">
                    Quantidade mínima atingida
                    </span>
                    </template>
                    </div>
                    <template v-if="showNotes">
                    <div class="add-note-link-container ">
                    <div class="add-note">
                    <a href="/produto/bacalhau-a-bras-continente-facil-bom-5049797.html?showNote=true" class="ct-add-note-redirect-pdp" aria-label="Adicionar comentário">
                    <span class="svg-wrapper svg-icon-notes" style="width:19px; height:20px">
                    <svg class="svg-inline icon-notes" viewBox="0 0 28 30" xmlns="http://www.w3.org/2000/svg" width="100%" height="100%"><path d="M21.738 0C22.985 0 24 1.04 24 2.319V12.47c0 .469-.37.848-.828.848-.457 0-.827-.38-.827-.848V2.32c0-.343-.273-.622-.607-.622H2.262c-.334 0-.607.279-.607.622V27.68c0 .343.273.622.607.622h7.81c.457 0 .827.38.827.849 0 .468-.37.848-.827.848h-7.81C1.015 30 0 28.96 0 27.681V2.32C0 1.04 1.015 0 2.262 0h19.476zm2.844 16.004l.227.007c.823.053 1.589.39 2.176.964.64.627.993 1.46.993 2.349 0 .888-.353 1.722-.993 2.348l-6.83 6.665c-.11.108-.247.186-.397.226l-5.032 1.363c-.078.021-.16.032-.241.032-.242 0-.478-.097-.647-.266-.23-.231-.314-.566-.218-.874l1.49-4.798c.044-.139.122-.266.227-.369l6.844-6.677c.64-.625 1.493-.97 2.401-.97zm-2.886 3.94l-4.922 4.802-.947 3.048 3.22-.872 4.897-4.78-2.248-2.197zm2.887-2.174c-.425 0-.824.162-1.124.455l-.484.472 2.248 2.197.484-.472c.62-.606.62-1.591 0-2.197l-.117-.104c-.283-.227-.636-.35-1.007-.35zm-10.839.022c.498 0 .904.396.904.883 0 .488-.406.884-.904.884H5.946c-.499 0-.904-.396-.904-.884 0-.487.405-.883.904-.883zm5.042-4.876c.498 0 .904.397.904.884s-.406.884-.904.884H5.946c-.499 0-.904-.397-.904-.884s.405-.884.904-.884zm0-4.875c.498 0 .904.396.904.884 0 .487-.406.883-.904.883H5.946c-.499 0-.904-.396-.904-.883 0-.488.405-.884.904-.884z" fill="#EB0203" fill-rule="evenodd"></path></svg>
                    </span>
                    <div class="available-note d-none"></div>
                    </a>
                    </div>
                    </div>
                    </template>
                    <div class="measurement-unit-section" v-if="isPriceAvailable &amp;&amp; prodUnits ? prodUnits.hasAlternativeUnit : false">
                    <div class="ct-form-radio" @click="setDimension">
                    <input type="radio" title="" class="ct-form-check-input product-measurement-unit" :data-type="prodUnits.selectedUnit == prodUnits.secondaryUnit ? 'primary' : ''" :id="prodUnits.secondaryUnit + '-' + pid + '-measurement-unit-ptile' + additionalTag" :name="'measurement-unit-' + pid + '-ptile' + additionalTag" :value="prodUnits.secondaryUnit" v-model="prodUnits.selectedUnit">
                    <label :class="prodUnits.secondaryUnit + '-label ct-form-check-label mb-0'" :for="prodUnits.secondaryUnit + '-' + pid + '-measurement-unit-ptile' + additionalTag">
                    {{prodUnits.secondaryUnit}}
                    </label>
                    <span class="checkmark"></span>
                    </div>
                    <div class="ct-form-radio" @click="setDimension">
                    <input type="radio" title="" class="ct-form-check-input product-measurement-unit" :data-type="prodUnits.selectedUnit == prodUnits.primaryUnit ? 'primary' : ''" :id="prodUnits.primaryUnit + '-' + pid + '-measurement-unit-ptile' + additionalTag" :name="'measurement-unit-' + pid + '-ptile' + additionalTag" :value="prodUnits.primaryUnit" v-model="prodUnits.selectedUnit">
                    <label :class="prodUnits.primaryUnit + '-label ct-form-check-label mb-0'" :for="prodUnits.primaryUnit + '-' + pid + '-measurement-unit-ptile' + additionalTag">
                    {{prodUnits.primaryUnit}}
                    </label>
                    <span class="checkmark"></span>
                    </div>
                    </div>
                    <template v-if="!isPDP &amp;&amp; isPriceAvailable">
                    <span class="quantity-error ct-span-error product-max-allocation" v-if="isMaxQtyReached">
                    Quantidade máxima atingida
                    </span>
                    <span class="quantity-error ct-span-product product-allocation" v-if="!isMinQtyReached &amp;&amp; !isMaxQtyReached">
                    {{quantitySelected}} no carrinho
                    </span>
                    <span class="quantity-error ct-span-error product-min-allocation" :data-pid="pid" v-if="isMinQtyReached &amp;&amp; !isMaxQtyReached">
                    Quantidade mínima atingida
                    </span>
                    </template>
                    </template>
                    </div>
                    <input class="quantity-value-mask d-none" name="quantity" type="number" min="0" value="" tabindex="-1">
                    </div>
                    <button type="button" class="add-to-cart button js-add-to-cart js-add-to-cart-tile 5049797 button--primary dynamic-layout-btn" data-toggle="modal" data-target="#chooseBonusProductModal" data-pid="5049797" data-quantity-value="null" aria-label="Carrinho" tabindex="-1">
                    <span class="d-block d-sm-none">
                    <span class="svg-wrapper svg-icon-cart" style="width:20px; height:20px">
                    <svg class="svg-inline icon-cart" xmlns="http://www.w3.org/2000/svg" viewBox="0 0 500 500" width="100%" height="100%"><path fill="#EB0203" fill-rule="evenodd" d="M 485.67317,94.386311 C 476.37798,83.847129 463.09468,78.03348 448.30404,78.03348 H 90.690813 L 87.079511,51.327997 C 83.185582,22.539551 62.962285,0 41.011841,0 H 14.727836 C 6.563151,0 0,6.5286975 0,14.580758 c 0,8.05206 6.5945535,14.580758 14.727836,14.580758 h 26.284005 c 4.710398,0 14.696435,9.855222 16.894619,26.021523 L 100.01739,368.0631 c 1.88416,13.77244 9.01256,26.70549 20.1605,36.37417 8.25889,7.15046 18.02511,11.9071 28.26237,13.89679 -4.17655,7.58572 -6.53175,16.25957 -6.53175,25.493 0,29.53459 24.27424,53.59751 54.13815,53.59751 29.8325,0 54.13814,-24.03184 54.13814,-53.59751 0,-8.79818 -2.19818,-17.09897 -5.9979,-24.43598 h 77.12488 c -3.79973,7.33701 -5.96652,15.6378 -5.96652,24.43598 0,29.53459 24.27424,53.59751 54.13817,53.59751 29.83249,0 54.13814,-24.03184 54.13814,-53.59751 0,-8.79818 -2.1982,-17.09897 -5.9979,-24.43598 h 38.56243 c 8.13328,0 14.72783,-6.5287 14.72783,-14.61183 0,-8.02098 -6.59455,-14.54967 -14.72783,-14.54967 H 159.24277 c -14.38241,0 -28.13677,-11.90711 -30.02092,-26.02153 l -3.07746,-22.88154 h 290.6314 c 14.03698,0 27.94834,-5.28513 39.06488,-14.95381 11.11652,-9.6376 18.27632,-22.57065 20.16048,-36.37417 l 21.10259,-156.78201 c 1.94694,-14.51858 -2.10398,-28.29103 -11.43057,-38.861299 z M 220.76053,443.82706 c 0,13.49265 -11.08513,24.46709 -24.68247,24.46709 -13.62874,0 -24.71387,-10.97444 -24.71387,-24.46709 0,-13.49262 11.08513,-24.43598 24.71387,-24.43598 13.59734,0 24.68247,10.94336 24.68247,24.43598 z m 173.43675,0 c 0,13.49265 -11.08512,24.46709 -24.68245,24.46709 -13.62876,0 -24.71388,-10.97444 -24.71388,-24.46709 0,-13.49262 11.08512,-24.43598 24.71388,-24.43598 13.59733,0 24.68245,10.94336 24.68245,24.43598 z m 73.7648,-314.46558 -21.13397,156.782 c -1.88416,14.11442 -15.63851,26.05261 -30.02091,26.05261 H 122.25046 L 94.616142,107.19499 H 448.33544 c 6.18632,0 11.61896,2.2695 15.23028,6.37326 3.64269,4.13484 5.21283,9.73086 4.39636,15.79323 z"></path></svg>
                    </span>
                    </span>
                    <span class="add-to-cart--text d-none d-sm-block">Carrinho</span>
                    </button>
                    </div>
                    </div>
                    </div>
                    </div>
                    
                    <div class="col-12 d-sm-none">
                    </div>
                    </div>
                    </div>
                    </div>
                    </div><div class="pd-tile-wrap slick-slide slick-active" data-idx="14" style="width: 276px; height: auto;" data-slick-index="13" aria-hidden="false" tabindex="-1" role="tabpanel" id="slick-slide013">
                    
                    <script type="text/javascript">//<!--
                    /* <![CDATA[ */
                    (function(){
                    try {
                        if(window.CQuotient) {
                            var cq_params = {};
                            cq_params.cookieId = window.CQuotient.getCQCookieId();
                            cq_params.userId = window.CQuotient.getCQUserId();
                            cq_params.emailId = CQuotient.getCQHashedEmail();
                            cq_params.loginId = CQuotient.getCQHashedLogin();
                            cq_params.accumulate = true;
                            cq_params.products = [{
                                id: '7133103',
                                sku: '',
                                type: '',
                                alt_id: ''
                            }];
                            cq_params.recommenderName = '__UNDEFINED__';
                            cq_params.realm = "BDVS";
                            cq_params.siteId = "continente";
                            cq_params.instanceType = "prd";
                            cq_params.locale = window.CQuotient.locale;
                            cq_params.slotId = '';
                            cq_params.slotConfigId = '';
                            cq_params.slotConfigTemplate = '';
                            if(window.CQuotient.sendActivity)
                                window.CQuotient.sendActivity( CQuotient.clientId, 'viewReco', cq_params );
                            else
                                window.CQuotient.activities.push( {activityType: 'viewReco', parameters: cq_params} );
                        }
                    } catch(err) {}
                    })();
                    /* ]]> */
                    // -->
                    </script>
                    <script type="text/javascript">//<!--
                    /* <![CDATA[ (viewProduct-active_data.js) */
                    dw.ac._capture({id: "7133103", type: "recommendation"});
                    /* ]]> */
                    // -->
                    </script>
                    <div class="product" data-pid="7133103">
                    <div class="product-tile pid-7133103   ct-product-tile " data-delay-time="3000" data-variants-mapping="[]" data-in-cart-msg="no carrinho" data-one-product-added="Adicionado ao carrinho" data-remove-from-cart-msg="Removido do carrinho" data-stay-open="6000.0" data-product-tile-impression="{&quot;name&quot;:&quot;7133103&quot;,&quot;id&quot;:&quot;7133103&quot;,&quot;price&quot;:5.29,&quot;brand&quot;:&quot;Continente Fácil &amp; Bom&quot;,&quot;category&quot;:[{&quot;category_level_1&quot;:&quot;Take-Away&quot;},{&quot;category_level_2&quot;:&quot;Refeições Prontas&quot;},{&quot;category_level_3&quot;:&quot;Italianas&quot;}],&quot;variant&quot;:&quot;&quot;}">
                    <div class="ct-inner-tile-wrap row no-gutters justify-content-center align-content-start">
                    
                    <div class="ct-image-container col-4 col-sm" data-confirmation-image="{&quot;url&quot;:&quot;https://www.continente.pt/dw/image/v2/BDVS_PRD/on/demandware.static/-/Sites-col-master-catalog/default/dw05fcf012/images/col/713/7133103-frente.jpg?sw=87&amp;sh=80&quot;,&quot;fallbackimage&quot;:{&quot;url&quot;:&quot;https://www.continente.pt/dw/image/v2/BDVS_PRD/on/demandware.static/Sites-continente-Site/-/default/dw7c42b4da/images/noimagelarge_product.png?sw=87&amp;sh=80&quot;,&quot;title&quot;:&quot;Cannellonis Bolonhesa&quot;,&quot;alt&quot;:&quot;Cannellonis Bolonhesa&quot;},&quot;title&quot;:&quot;Cannellonis Bolonhesa&quot;,&quot;alt&quot;:&quot;Cannellonis Bolonhesa&quot;}">
                    <a href="https://www.continente.pt/produto/cannellonis-bolonhesa-continente-facil-bom-7133103.html?cgid=home" tabindex="0">
                    <picture class="intrinsic intrinsic--square">
                    <img class="ct-tile-image lazyloaded" loading="lazy" onerror="this.onerror=null;this.src='/on/demandware.static/Sites-continente-Site/-/default/dw7c42b4da/images/noimagelarge_product.png';" data-src="https://www.continente.pt/dw/image/v2/BDVS_PRD/on/demandware.static/-/Sites-col-master-catalog/default/dw05fcf012/images/col/713/7133103-frente.jpg?sw=280&amp;sh=280" alt="Cannellonis Bolonhesa" title="Cannellonis Bolonhesa" src="https://www.continente.pt/dw/image/v2/BDVS_PRD/on/demandware.static/-/Sites-col-master-catalog/default/dw05fcf012/images/col/713/7133103-frente.jpg?sw=280&amp;sh=280">
                    </picture>
                    </a>
                    <div class="color-swatches d-flex" style="margin-left: 5px;">
                    <div class="swatches d-flex">
                    </div>
                    </div>
                    </div>
                    <div class="ct-tile-body col col-sm-auto ">
                    <div class="ct-pdp-details">
                    <div class="ct-pdp-link">
                    <a class="ct-tile--description" href="https://www.continente.pt/produto/cannellonis-bolonhesa-continente-facil-bom-7133103.html?cgid=home" tabindex="0">Cannellonis Bolonhesa</a>
                    <div class="ct-tile--favorite-top d-sm-none">
                    <button class="wishlist-toggler guest-mode inactive button button--tertiary" data-pid="7133103" data-add-url="https://www.continente.pt/on/demandware.store/Sites-continente-Site/default/Wishlist-AddProduct?pid=7133103" data-toggle="tooltip" aria-label="Adicionar aos favoritos " data-original-title="Adicionar aos favoritos" data-placement="top" tabindex="0">
                    <svg class="active-content" width="100%" height="100%" viewBox="0 0 20 22" fill="none" xmlns="http://www.w3.org/2000/svg">
                    <path fill-rule="evenodd" clip-rule="evenodd" d="M0 1.53052C0 0.685236 0.692171 0 1.54601 0H15.0736C15.9274 0 16.6196 0.685235 16.6196 1.53052V13.4064L15.8127 13.922L14.2658 14.2658L12.7189 13.4064L10.6054 14.3818C10.4994 14.2451 10.3327 14.157 10.1452 14.157H6.76329C6.4431 14.157 6.18354 14.414 6.18354 14.731C6.18354 15.0479 6.4431 15.3049 6.76329 15.3049H10.1452C10.2478 15.3049 10.3441 15.2785 10.4277 15.2322L10.3126 16.8439L13.2345 20.2793H1.54601C0.69217 20.2793 0 19.5941 0 18.7488V1.53052ZM6.18354 5.5483C6.18354 5.23132 6.4431 4.97436 6.76329 4.97436H12.3676C12.6878 4.97436 12.9473 5.23132 12.9473 5.5483C12.9473 5.86528 12.6878 6.12224 12.3676 6.12224H6.76329C6.4431 6.12224 6.18354 5.86528 6.18354 5.5483ZM6.76329 11.0961C6.4431 11.0961 6.18354 11.3531 6.18354 11.6701C6.18354 11.987 6.4431 12.244 6.76329 12.244H12.3676C12.6878 12.244 12.9473 11.987 12.9473 11.6701C12.9473 11.3531 12.6878 11.0961 12.3676 11.0961H6.76329ZM6.18354 8.60985C6.18354 8.29287 6.4431 8.03591 6.76329 8.03591H12.3676C12.6878 8.03591 12.9473 8.29287 12.9473 8.60985C12.9473 8.92684 12.6878 9.1838 12.3676 9.1838H6.76329C6.4431 9.1838 6.18354 8.92684 6.18354 8.60985ZM3.67118 5.5483C3.67118 5.23132 3.93075 4.97436 4.25093 4.97436H4.63743C4.95762 4.97436 5.21719 5.23132 5.21719 5.5483C5.21719 5.86528 4.95762 6.12224 4.63743 6.12224H4.25093C3.93075 6.12224 3.67118 5.86528 3.67118 5.5483ZM4.25093 11.0961C3.93075 11.0961 3.67118 11.3531 3.67118 11.6701C3.67118 11.987 3.93075 12.244 4.25093 12.244H4.63743C4.95762 12.244 5.21719 11.987 5.21719 11.6701C5.21719 11.3531 4.95762 11.0961 4.63743 11.0961H4.25093ZM3.67118 8.60985C3.67118 8.29287 3.93075 8.03591 4.25093 8.03591H4.63743C4.95762 8.03591 5.21719 8.29287 5.21719 8.60985C5.21719 8.92684 4.95762 9.1838 4.63743 9.1838H4.25093C3.93075 9.1838 3.67118 8.92684 3.67118 8.60985ZM4.25093 14.157C3.93075 14.157 3.67118 14.414 3.67118 14.731C3.67118 15.0479 3.93075 15.3049 4.25093 15.3049H4.63743C4.95762 15.3049 5.21719 15.0479 5.21719 14.731C5.21719 14.414 4.95762 14.157 4.63743 14.157H4.25093Z" fill="#EB0203"></path>
                    <path fill-rule="evenodd" clip-rule="evenodd" d="M14.6252 13.6363C13.4918 12.6215 11.7817 12.5264 10.6569 13.4792C9.12421 14.7764 9.34841 16.8912 10.4409 18.0122L14.0159 21.6742C14.2197 21.8832 14.4928 22 14.7822 22C15.0737 22 15.3448 21.8852 15.5486 21.6762L19.1236 18.0142C20.214 16.8933 20.4423 14.7785 18.9075 13.4792C17.7827 12.5283 16.0724 12.6217 14.9391 13.6365C14.8855 13.6845 14.8331 13.7345 14.7822 13.7866C14.7313 13.7345 14.6789 13.6843 14.6252 13.6363ZM18.1546 14.3522C19.0973 15.1508 18.9962 16.4896 18.2891 17.2173C18.2888 17.2175 18.2886 17.2177 18.2884 17.218L14.7832 20.8084L11.2753 17.2151C11.2752 17.215 11.2751 17.2149 11.2749 17.2148C10.5677 16.4887 10.4678 15.1495 11.4104 14.3518L11.4108 14.3514C12.0745 13.7892 13.2018 13.82 13.9488 14.5846L14.7822 15.4378L15.6157 14.5846C16.3617 13.8211 17.4896 13.79 18.1545 14.3521" fill="#EB0203"></path>
                    </svg>
                    <svg class="inactive-content" width="100%" height="100%" viewBox="0 0 20 23" fill="none" xmlns="http://www.w3.org/2000/svg">
                    <path fill-rule="evenodd" clip-rule="evenodd" d="M6.18408 5.77914C6.18408 5.46223 6.44363 5.20532 6.7638 5.20532H12.3678C12.6879 5.20532 12.9475 5.46223 12.9475 5.77914C12.9475 6.09606 12.6879 6.35297 12.3678 6.35297H6.7638C6.44363 6.35297 6.18408 6.09606 6.18408 5.77914Z" fill="#EB0203"></path>
                    <path fill-rule="evenodd" clip-rule="evenodd" d="M6.18408 11.9034C6.18408 11.5865 6.44363 11.3296 6.7638 11.3296H12.3678C12.6879 11.3296 12.9475 11.5865 12.9475 11.9034C12.9475 12.2202 12.6879 12.4771 12.3678 12.4771H6.7638C6.44363 12.4771 6.18408 12.2202 6.18408 11.9034Z" fill="#EB0203"></path>
                    <path fill-rule="evenodd" clip-rule="evenodd" d="M6.18408 8.84116C6.18408 8.52424 6.44363 8.26733 6.7638 8.26733H12.3678C12.6879 8.26733 12.9475 8.52424 12.9475 8.84116C12.9475 9.15807 12.6879 9.41498 12.3678 9.41498H6.7638C6.44363 9.41498 6.18408 9.15807 6.18408 8.84116Z" fill="#EB0203"></path>
                    <path fill-rule="evenodd" clip-rule="evenodd" d="M6.18408 14.9655C6.18408 14.6486 6.44363 14.3917 6.7638 14.3917H10.1455C10.4657 14.3917 10.7252 14.6486 10.7252 14.9655C10.7252 15.2825 10.4657 15.5394 10.1455 15.5394H6.7638C6.44363 15.5394 6.18408 15.2825 6.18408 14.9655Z" fill="#EB0203"></path>
                    <path fill-rule="evenodd" clip-rule="evenodd" d="M3.67139 5.77914C3.67139 5.46223 3.93094 5.20532 4.25111 5.20532H4.63759C4.95776 5.20532 5.21731 5.46223 5.21731 5.77914C5.21731 6.09606 4.95776 6.35297 4.63759 6.35297H4.25111C3.93094 6.35297 3.67139 6.09606 3.67139 5.77914Z" fill="#EB0203"></path>
                    <path fill-rule="evenodd" clip-rule="evenodd" d="M3.67139 11.9034C3.67139 11.5865 3.93094 11.3296 4.25111 11.3296H4.63759C4.95776 11.3296 5.21731 11.5865 5.21731 11.9034C5.21731 12.2202 4.95776 12.4771 4.63759 12.4771H4.25111C3.93094 12.4771 3.67139 12.2202 3.67139 11.9034Z" fill="#EB0203"></path>
                    <path fill-rule="evenodd" clip-rule="evenodd" d="M3.67139 8.84116C3.67139 8.52424 3.93094 8.26733 4.25111 8.26733H4.63759C4.95776 8.26733 5.21731 8.52424 5.21731 8.84116C5.21731 9.15807 4.95776 9.41498 4.63759 9.41498H4.25111C3.93094 9.41498 3.67139 9.15807 3.67139 8.84116Z" fill="#EB0203"></path>
                    <path fill-rule="evenodd" clip-rule="evenodd" d="M3.67139 14.9655C3.67139 14.6486 3.93094 14.3917 4.25111 14.3917H4.63759C4.95776 14.3917 5.21731 14.6486 5.21731 14.9655C5.21731 15.2825 4.95776 15.5394 4.63759 15.5394H4.25111C3.93094 15.5394 3.67139 15.2825 3.67139 14.9655Z" fill="#EB0203"></path>
                    <path fill-rule="evenodd" clip-rule="evenodd" d="M0 1.76033C0 0.914738 0.692131 0.229248 1.54592 0.229248H15.0727C15.9265 0.229248 16.6186 0.914738 16.6186 1.76033V11.2818C16.6186 11.5989 16.3591 11.8559 16.0389 11.8559C15.7187 11.8559 15.4592 11.5989 15.4592 11.2818V1.76033C15.4592 1.54893 15.2862 1.37756 15.0727 1.37756H1.54592C1.33247 1.37756 1.15944 1.54893 1.15944 1.76033V18.985C1.15944 19.1964 1.33247 19.3678 1.54592 19.3678H9.27551C9.59568 19.3678 9.85523 19.6249 9.85523 19.942C9.85523 20.2591 9.59568 20.5161 9.27551 20.5161H1.54592C0.692131 20.5161 0 19.8306 0 18.985V1.76033Z" fill="#EB0203"></path>
                    <path fill-rule="evenodd" clip-rule="evenodd" d="M14.6254 13.8718C13.4921 12.8567 11.7821 12.7615 10.6574 13.7147C9.12472 15.0124 9.34891 17.128 10.4413 18.2493L14.0161 21.9126C14.2199 22.1217 14.493 22.2386 14.7824 22.2386C15.0739 22.2386 15.3449 22.1238 15.5487 21.9147L19.1235 18.2514C20.2139 17.13 20.4422 15.0144 18.9075 13.7147C17.7827 12.7634 16.0726 12.8569 14.9392 13.872C14.8856 13.92 14.8333 13.9701 14.7824 14.0222C14.7314 13.97 14.6791 13.9199 14.6254 13.8718ZM18.1546 14.588C19.0972 15.3869 18.9961 16.7262 18.2891 17.4541C18.2888 17.4543 18.2886 17.4546 18.2884 17.4548L14.7834 21.0466L11.2757 17.452C11.2756 17.4519 11.2755 17.4517 11.2753 17.4516C10.5681 16.7252 10.4682 15.3856 11.4108 14.5876L11.4112 14.5872C12.0748 14.0248 13.202 14.0556 13.949 14.8205L14.7824 15.674L15.6158 14.8205C16.3618 14.0567 17.4896 14.0256 18.1545 14.5879" fill="#EB0203"></path>
                    </svg>
                    </button>
                    </div>
                    </div>
                    <p class="ct-tile--brand">Continente Fácil &amp; Bom</p>
                    <p class="ct-tile--quantity">emb. 1 kg</p>
                    </div>
                    <div class="ct-tile-bottom row no-gutters justify-content-between">
                    <div class="ct-price-wrap col-8 col-sm-12">
                    <div class="price js-product-price">
                    <div class="prices-wrapper">
                    <span class="sales ct-tile--price-primary ">
                    <span class="value" content="5.29">
                    <span class="ct-price-formatted">
                    €5,29
                    </span>
                    <span class="ct-m-unit">
                    /un
                    </span>
                    </span>
                    </span>
                    </div>
                    <div class="ct-tile--price-secondary">
                    <span class="ct-price-value">
                    €5,29
                    </span>
                    <span class="ct-m-unit">
                    /kg
                    </span>
                    </div>
                    </div>
                    </div>
                    <div class="ct-tile-buy-section d-flex justify-content-center no-gutters col-auto col-sm-12">
                    <div class="col-2 d-sm-flex d-none">
                    <button class="wishlist-toggler guest-mode inactive button button--tertiary" data-pid="7133103" data-add-url="https://www.continente.pt/on/demandware.store/Sites-continente-Site/default/Wishlist-AddProduct?pid=7133103" data-toggle="tooltip" aria-label="Adicionar aos favoritos " data-original-title="Adicionar aos favoritos" data-placement="top" tabindex="0">
                    <svg class="active-content" width="100%" height="100%" viewBox="0 0 20 22" fill="none" xmlns="http://www.w3.org/2000/svg">
                    <path fill-rule="evenodd" clip-rule="evenodd" d="M0 1.53052C0 0.685236 0.692171 0 1.54601 0H15.0736C15.9274 0 16.6196 0.685235 16.6196 1.53052V13.4064L15.8127 13.922L14.2658 14.2658L12.7189 13.4064L10.6054 14.3818C10.4994 14.2451 10.3327 14.157 10.1452 14.157H6.76329C6.4431 14.157 6.18354 14.414 6.18354 14.731C6.18354 15.0479 6.4431 15.3049 6.76329 15.3049H10.1452C10.2478 15.3049 10.3441 15.2785 10.4277 15.2322L10.3126 16.8439L13.2345 20.2793H1.54601C0.69217 20.2793 0 19.5941 0 18.7488V1.53052ZM6.18354 5.5483C6.18354 5.23132 6.4431 4.97436 6.76329 4.97436H12.3676C12.6878 4.97436 12.9473 5.23132 12.9473 5.5483C12.9473 5.86528 12.6878 6.12224 12.3676 6.12224H6.76329C6.4431 6.12224 6.18354 5.86528 6.18354 5.5483ZM6.76329 11.0961C6.4431 11.0961 6.18354 11.3531 6.18354 11.6701C6.18354 11.987 6.4431 12.244 6.76329 12.244H12.3676C12.6878 12.244 12.9473 11.987 12.9473 11.6701C12.9473 11.3531 12.6878 11.0961 12.3676 11.0961H6.76329ZM6.18354 8.60985C6.18354 8.29287 6.4431 8.03591 6.76329 8.03591H12.3676C12.6878 8.03591 12.9473 8.29287 12.9473 8.60985C12.9473 8.92684 12.6878 9.1838 12.3676 9.1838H6.76329C6.4431 9.1838 6.18354 8.92684 6.18354 8.60985ZM3.67118 5.5483C3.67118 5.23132 3.93075 4.97436 4.25093 4.97436H4.63743C4.95762 4.97436 5.21719 5.23132 5.21719 5.5483C5.21719 5.86528 4.95762 6.12224 4.63743 6.12224H4.25093C3.93075 6.12224 3.67118 5.86528 3.67118 5.5483ZM4.25093 11.0961C3.93075 11.0961 3.67118 11.3531 3.67118 11.6701C3.67118 11.987 3.93075 12.244 4.25093 12.244H4.63743C4.95762 12.244 5.21719 11.987 5.21719 11.6701C5.21719 11.3531 4.95762 11.0961 4.63743 11.0961H4.25093ZM3.67118 8.60985C3.67118 8.29287 3.93075 8.03591 4.25093 8.03591H4.63743C4.95762 8.03591 5.21719 8.29287 5.21719 8.60985C5.21719 8.92684 4.95762 9.1838 4.63743 9.1838H4.25093C3.93075 9.1838 3.67118 8.92684 3.67118 8.60985ZM4.25093 14.157C3.93075 14.157 3.67118 14.414 3.67118 14.731C3.67118 15.0479 3.93075 15.3049 4.25093 15.3049H4.63743C4.95762 15.3049 5.21719 15.0479 5.21719 14.731C5.21719 14.414 4.95762 14.157 4.63743 14.157H4.25093Z" fill="#EB0203"></path>
                    <path fill-rule="evenodd" clip-rule="evenodd" d="M14.6252 13.6363C13.4918 12.6215 11.7817 12.5264 10.6569 13.4792C9.12421 14.7764 9.34841 16.8912 10.4409 18.0122L14.0159 21.6742C14.2197 21.8832 14.4928 22 14.7822 22C15.0737 22 15.3448 21.8852 15.5486 21.6762L19.1236 18.0142C20.214 16.8933 20.4423 14.7785 18.9075 13.4792C17.7827 12.5283 16.0724 12.6217 14.9391 13.6365C14.8855 13.6845 14.8331 13.7345 14.7822 13.7866C14.7313 13.7345 14.6789 13.6843 14.6252 13.6363ZM18.1546 14.3522C19.0973 15.1508 18.9962 16.4896 18.2891 17.2173C18.2888 17.2175 18.2886 17.2177 18.2884 17.218L14.7832 20.8084L11.2753 17.2151C11.2752 17.215 11.2751 17.2149 11.2749 17.2148C10.5677 16.4887 10.4678 15.1495 11.4104 14.3518L11.4108 14.3514C12.0745 13.7892 13.2018 13.82 13.9488 14.5846L14.7822 15.4378L15.6157 14.5846C16.3617 13.8211 17.4896 13.79 18.1545 14.3521" fill="#EB0203"></path>
                    </svg>
                    <svg class="inactive-content" width="100%" height="100%" viewBox="0 0 20 23" fill="none" xmlns="http://www.w3.org/2000/svg">
                    <path fill-rule="evenodd" clip-rule="evenodd" d="M6.18408 5.77914C6.18408 5.46223 6.44363 5.20532 6.7638 5.20532H12.3678C12.6879 5.20532 12.9475 5.46223 12.9475 5.77914C12.9475 6.09606 12.6879 6.35297 12.3678 6.35297H6.7638C6.44363 6.35297 6.18408 6.09606 6.18408 5.77914Z" fill="#EB0203"></path>
                    <path fill-rule="evenodd" clip-rule="evenodd" d="M6.18408 11.9034C6.18408 11.5865 6.44363 11.3296 6.7638 11.3296H12.3678C12.6879 11.3296 12.9475 11.5865 12.9475 11.9034C12.9475 12.2202 12.6879 12.4771 12.3678 12.4771H6.7638C6.44363 12.4771 6.18408 12.2202 6.18408 11.9034Z" fill="#EB0203"></path>
                    <path fill-rule="evenodd" clip-rule="evenodd" d="M6.18408 8.84116C6.18408 8.52424 6.44363 8.26733 6.7638 8.26733H12.3678C12.6879 8.26733 12.9475 8.52424 12.9475 8.84116C12.9475 9.15807 12.6879 9.41498 12.3678 9.41498H6.7638C6.44363 9.41498 6.18408 9.15807 6.18408 8.84116Z" fill="#EB0203"></path>
                    <path fill-rule="evenodd" clip-rule="evenodd" d="M6.18408 14.9655C6.18408 14.6486 6.44363 14.3917 6.7638 14.3917H10.1455C10.4657 14.3917 10.7252 14.6486 10.7252 14.9655C10.7252 15.2825 10.4657 15.5394 10.1455 15.5394H6.7638C6.44363 15.5394 6.18408 15.2825 6.18408 14.9655Z" fill="#EB0203"></path>
                    <path fill-rule="evenodd" clip-rule="evenodd" d="M3.67139 5.77914C3.67139 5.46223 3.93094 5.20532 4.25111 5.20532H4.63759C4.95776 5.20532 5.21731 5.46223 5.21731 5.77914C5.21731 6.09606 4.95776 6.35297 4.63759 6.35297H4.25111C3.93094 6.35297 3.67139 6.09606 3.67139 5.77914Z" fill="#EB0203"></path>
                    <path fill-rule="evenodd" clip-rule="evenodd" d="M3.67139 11.9034C3.67139 11.5865 3.93094 11.3296 4.25111 11.3296H4.63759C4.95776 11.3296 5.21731 11.5865 5.21731 11.9034C5.21731 12.2202 4.95776 12.4771 4.63759 12.4771H4.25111C3.93094 12.4771 3.67139 12.2202 3.67139 11.9034Z" fill="#EB0203"></path>
                    <path fill-rule="evenodd" clip-rule="evenodd" d="M3.67139 8.84116C3.67139 8.52424 3.93094 8.26733 4.25111 8.26733H4.63759C4.95776 8.26733 5.21731 8.52424 5.21731 8.84116C5.21731 9.15807 4.95776 9.41498 4.63759 9.41498H4.25111C3.93094 9.41498 3.67139 9.15807 3.67139 8.84116Z" fill="#EB0203"></path>
                    <path fill-rule="evenodd" clip-rule="evenodd" d="M3.67139 14.9655C3.67139 14.6486 3.93094 14.3917 4.25111 14.3917H4.63759C4.95776 14.3917 5.21731 14.6486 5.21731 14.9655C5.21731 15.2825 4.95776 15.5394 4.63759 15.5394H4.25111C3.93094 15.5394 3.67139 15.2825 3.67139 14.9655Z" fill="#EB0203"></path>
                    <path fill-rule="evenodd" clip-rule="evenodd" d="M0 1.76033C0 0.914738 0.692131 0.229248 1.54592 0.229248H15.0727C15.9265 0.229248 16.6186 0.914738 16.6186 1.76033V11.2818C16.6186 11.5989 16.3591 11.8559 16.0389 11.8559C15.7187 11.8559 15.4592 11.5989 15.4592 11.2818V1.76033C15.4592 1.54893 15.2862 1.37756 15.0727 1.37756H1.54592C1.33247 1.37756 1.15944 1.54893 1.15944 1.76033V18.985C1.15944 19.1964 1.33247 19.3678 1.54592 19.3678H9.27551C9.59568 19.3678 9.85523 19.6249 9.85523 19.942C9.85523 20.2591 9.59568 20.5161 9.27551 20.5161H1.54592C0.692131 20.5161 0 19.8306 0 18.985V1.76033Z" fill="#EB0203"></path>
                    <path fill-rule="evenodd" clip-rule="evenodd" d="M14.6254 13.8718C13.4921 12.8567 11.7821 12.7615 10.6574 13.7147C9.12472 15.0124 9.34891 17.128 10.4413 18.2493L14.0161 21.9126C14.2199 22.1217 14.493 22.2386 14.7824 22.2386C15.0739 22.2386 15.3449 22.1238 15.5487 21.9147L19.1235 18.2514C20.2139 17.13 20.4422 15.0144 18.9075 13.7147C17.7827 12.7634 16.0726 12.8569 14.9392 13.872C14.8856 13.92 14.8333 13.9701 14.7824 14.0222C14.7314 13.97 14.6791 13.9199 14.6254 13.8718ZM18.1546 14.588C19.0972 15.3869 18.9961 16.7262 18.2891 17.4541C18.2888 17.4543 18.2886 17.4546 18.2884 17.4548L14.7834 21.0466L11.2757 17.452C11.2756 17.4519 11.2755 17.4517 11.2753 17.4516C10.5681 16.7252 10.4682 15.3856 11.4108 14.5876L11.4112 14.5872C12.0748 14.0248 13.202 14.0556 13.949 14.8205L14.7824 15.674L15.6158 14.8205C16.3618 14.0567 17.4896 14.0256 18.1545 14.5879" fill="#EB0203"></path>
                    </svg>
                    </button>
                    </div>
                    <div class="col-sm-10 col-12">
                    <div class="ct-tile-quantity d-none" data-pid="7133103">
                    <input type="hidden" class="add-to-cart-url" value="https://www.continente.pt/on/demandware.store/Sites-continente-Site/default/Cart-AddProduct" tabindex="0">
                    <div class="d-none tile-delete-confirmation-btn" data-pid="7133103" data-delay-time="3000" data-in-cart-msg="no carrinho" data-one-product-added="Adicionado ao carrinho" data-remove-from-cart-msg="Removido do carrinho" data-stay-open="6000.0" data-confirmation-image="{&quot;url&quot;:&quot;https://www.continente.pt/dw/image/v2/BDVS_PRD/on/demandware.static/-/Sites-col-master-catalog/default/dw05fcf012/images/col/713/7133103-frente.jpg?sw=87&amp;sh=80&quot;,&quot;fallbackimage&quot;:{&quot;url&quot;:&quot;https://www.continente.pt/dw/image/v2/BDVS_PRD/on/demandware.static/Sites-continente-Site/-/default/dw7c42b4da/images/noimagelarge_product.png?sw=87&amp;sh=80&quot;,&quot;title&quot;:&quot;Cannellonis Bolonhesa&quot;,&quot;alt&quot;:&quot;Cannellonis Bolonhesa&quot;},&quot;title&quot;:&quot;Cannellonis Bolonhesa&quot;,&quot;alt&quot;:&quot;Cannellonis Bolonhesa&quot;}"></div>
                    <div class="ct-tile-quantity-update quantity-update product-qty-vue" data-remove-action="https://www.continente.pt/on/demandware.store/Sites-continente-Site/default/Cart-RemoveProductLineItem" data-action="https://www.continente.pt/on/demandware.store/Sites-continente-Site/default/Cart-UpdateQuantity" data-dimension-update="https://www.continente.pt/on/demandware.store/Sites-continente-Site/default/Cart-DimensionUpdate" data-pid="7133103" data-uuid="ba54a50e8d5312f17b474e6c44" data-add-delay="500.0" data-measure-options="{&quot;hasConversionRate&quot;:true,&quot;hasAlternativeSaleUnit&quot;:false,&quot;primaryToSecondary&quot;:1,&quot;secondaryToPrimary&quot;:1,&quot;unitConversionRate&quot;:1,&quot;minOrderQuantity&quot;:1,&quot;stepQuantity&quot;:1,&quot;primaryunit&quot;:&quot;un&quot;,&quot;secondaryunit&quot;:&quot;kg&quot;,&quot;selectedunit&quot;:&quot;primary&quot;,&quot;maxNumberOfUnitsPerSale&quot;:50}" data-price-available="null" :data-has-error="isMaxQtyReached || isMinQtyReached || qtySelectedMoreThanOne">
                    <template v-show="prodUnits">
                    <div class="quantity-input-wrapper has-units">
                    <label class="visually-hidden" :for="'quantity-' + pid + additionalTag">
                    Quantidade no carrinho
                    </label>
                    <input :ref="'quantityInput-' + pid + additionalTag" class="add-to-cart-quantity form-control ct-form-input text-center" inputmode="numeric" :class="{'is-invalid': isInvalid}" :data-pid="pid + additionalTag" :name="'quantity-' + pid + additionalTag" type="text" aria-label="Insira a quantidade" title="" v-model="displayValue" @change="updateQuantity" @focus="updateQtyFormat" @blur="restoreQtyFormat" :disabled="!isPriceAvailable">
                    <span class="quantity-icon quantity-icon--minus">
                    <button class="decrease-quantity-btn" @click="updateQuantity" :disabled="!isPriceAvailable" role="button" aria-label="Reduzir quantidade">
                    <i class="css-math-minus"></i>
                    </button>
                    </span>
                    <span class="quantity-icon quantity-icon--plus">
                    <button class="increase-quantity-btn" @click="updateQuantity" :disabled="isMaxQtyReached || !isPriceAvailable" role="button" aria-label="Aumentar quantidade">
                    <i class="css-math-plus"></i>
                    </button>
                    <span class="quantity-btn-disabled-placeholder"></span>
                    </span>
                    <template v-if="isPDP">
                    <span class="quantity-error ct-span-error text-sm-center product-max-allocation" v-if="isMaxQtyReached">
                    Quantidade máxima atingida
                    </span>
                    <span class="quantity-error ct-span-product text-sm-center product-allocation" v-if="!isMinQtyReached &amp;&amp; !isMaxQtyReached">
                    {{quantitySelected}} no carrinho
                    </span>
                    <span class="quantity-error ct-span-error text-sm-center product-min-allocation" :data-pid="pid" v-if="isMinQtyReached &amp;&amp; !isMaxQtyReached">
                    Quantidade mínima atingida
                    </span>
                    </template>
                    </div>
                    <template v-if="showNotes">
                    <div class="add-note-link-container ">
                    <div class="add-note">
                    <a href="/produto/cannellonis-bolonhesa-continente-facil-bom-7133103.html?showNote=true" class="ct-add-note-redirect-pdp" aria-label="Adicionar comentário">
                    <span class="svg-wrapper svg-icon-notes" style="width:19px; height:20px">
                    <svg class="svg-inline icon-notes" viewBox="0 0 28 30" xmlns="http://www.w3.org/2000/svg" width="100%" height="100%"><path d="M21.738 0C22.985 0 24 1.04 24 2.319V12.47c0 .469-.37.848-.828.848-.457 0-.827-.38-.827-.848V2.32c0-.343-.273-.622-.607-.622H2.262c-.334 0-.607.279-.607.622V27.68c0 .343.273.622.607.622h7.81c.457 0 .827.38.827.849 0 .468-.37.848-.827.848h-7.81C1.015 30 0 28.96 0 27.681V2.32C0 1.04 1.015 0 2.262 0h19.476zm2.844 16.004l.227.007c.823.053 1.589.39 2.176.964.64.627.993 1.46.993 2.349 0 .888-.353 1.722-.993 2.348l-6.83 6.665c-.11.108-.247.186-.397.226l-5.032 1.363c-.078.021-.16.032-.241.032-.242 0-.478-.097-.647-.266-.23-.231-.314-.566-.218-.874l1.49-4.798c.044-.139.122-.266.227-.369l6.844-6.677c.64-.625 1.493-.97 2.401-.97zm-2.886 3.94l-4.922 4.802-.947 3.048 3.22-.872 4.897-4.78-2.248-2.197zm2.887-2.174c-.425 0-.824.162-1.124.455l-.484.472 2.248 2.197.484-.472c.62-.606.62-1.591 0-2.197l-.117-.104c-.283-.227-.636-.35-1.007-.35zm-10.839.022c.498 0 .904.396.904.883 0 .488-.406.884-.904.884H5.946c-.499 0-.904-.396-.904-.884 0-.487.405-.883.904-.883zm5.042-4.876c.498 0 .904.397.904.884s-.406.884-.904.884H5.946c-.499 0-.904-.397-.904-.884s.405-.884.904-.884zm0-4.875c.498 0 .904.396.904.884 0 .487-.406.883-.904.883H5.946c-.499 0-.904-.396-.904-.883 0-.488.405-.884.904-.884z" fill="#EB0203" fill-rule="evenodd"></path></svg>
                    </span>
                    <div class="available-note d-none"></div>
                    </a>
                    </div>
                    </div>
                    </template>
                    <div class="measurement-unit-section" v-if="isPriceAvailable &amp;&amp; prodUnits ? prodUnits.hasAlternativeUnit : false">
                    <div class="ct-form-radio" @click="setDimension">
                    <input type="radio" title="" class="ct-form-check-input product-measurement-unit" :data-type="prodUnits.selectedUnit == prodUnits.secondaryUnit ? 'primary' : ''" :id="prodUnits.secondaryUnit + '-' + pid + '-measurement-unit-ptile' + additionalTag" :name="'measurement-unit-' + pid + '-ptile' + additionalTag" :value="prodUnits.secondaryUnit" v-model="prodUnits.selectedUnit">
                    <label :class="prodUnits.secondaryUnit + '-label ct-form-check-label mb-0'" :for="prodUnits.secondaryUnit + '-' + pid + '-measurement-unit-ptile' + additionalTag">
                    {{prodUnits.secondaryUnit}}
                    </label>
                    <span class="checkmark"></span>
                    </div>
                    <div class="ct-form-radio" @click="setDimension">
                    <input type="radio" title="" class="ct-form-check-input product-measurement-unit" :data-type="prodUnits.selectedUnit == prodUnits.primaryUnit ? 'primary' : ''" :id="prodUnits.primaryUnit + '-' + pid + '-measurement-unit-ptile' + additionalTag" :name="'measurement-unit-' + pid + '-ptile' + additionalTag" :value="prodUnits.primaryUnit" v-model="prodUnits.selectedUnit">
                    <label :class="prodUnits.primaryUnit + '-label ct-form-check-label mb-0'" :for="prodUnits.primaryUnit + '-' + pid + '-measurement-unit-ptile' + additionalTag">
                    {{prodUnits.primaryUnit}}
                    </label>
                    <span class="checkmark"></span>
                    </div>
                    </div>
                    <template v-if="!isPDP &amp;&amp; isPriceAvailable">
                    <span class="quantity-error ct-span-error product-max-allocation" v-if="isMaxQtyReached">
                    Quantidade máxima atingida
                    </span>
                    <span class="quantity-error ct-span-product product-allocation" v-if="!isMinQtyReached &amp;&amp; !isMaxQtyReached">
                    {{quantitySelected}} no carrinho
                    </span>
                    <span class="quantity-error ct-span-error product-min-allocation" :data-pid="pid" v-if="isMinQtyReached &amp;&amp; !isMaxQtyReached">
                    Quantidade mínima atingida
                    </span>
                    </template>
                    </template>
                    </div>
                    <input class="quantity-value-mask d-none" name="quantity" type="number" min="0" value="" tabindex="0">
                    </div>
                    <button type="button" class="add-to-cart button js-add-to-cart js-add-to-cart-tile 7133103 button--primary dynamic-layout-btn" data-toggle="modal" data-target="#chooseBonusProductModal" data-pid="7133103" data-quantity-value="null" aria-label="Carrinho" tabindex="0">
                    <span class="d-block d-sm-none">
                    <span class="svg-wrapper svg-icon-cart" style="width:20px; height:20px">
                    <svg class="svg-inline icon-cart" xmlns="http://www.w3.org/2000/svg" viewBox="0 0 500 500" width="100%" height="100%"><path fill="#EB0203" fill-rule="evenodd" d="M 485.67317,94.386311 C 476.37798,83.847129 463.09468,78.03348 448.30404,78.03348 H 90.690813 L 87.079511,51.327997 C 83.185582,22.539551 62.962285,0 41.011841,0 H 14.727836 C 6.563151,0 0,6.5286975 0,14.580758 c 0,8.05206 6.5945535,14.580758 14.727836,14.580758 h 26.284005 c 4.710398,0 14.696435,9.855222 16.894619,26.021523 L 100.01739,368.0631 c 1.88416,13.77244 9.01256,26.70549 20.1605,36.37417 8.25889,7.15046 18.02511,11.9071 28.26237,13.89679 -4.17655,7.58572 -6.53175,16.25957 -6.53175,25.493 0,29.53459 24.27424,53.59751 54.13815,53.59751 29.8325,0 54.13814,-24.03184 54.13814,-53.59751 0,-8.79818 -2.19818,-17.09897 -5.9979,-24.43598 h 77.12488 c -3.79973,7.33701 -5.96652,15.6378 -5.96652,24.43598 0,29.53459 24.27424,53.59751 54.13817,53.59751 29.83249,0 54.13814,-24.03184 54.13814,-53.59751 0,-8.79818 -2.1982,-17.09897 -5.9979,-24.43598 h 38.56243 c 8.13328,0 14.72783,-6.5287 14.72783,-14.61183 0,-8.02098 -6.59455,-14.54967 -14.72783,-14.54967 H 159.24277 c -14.38241,0 -28.13677,-11.90711 -30.02092,-26.02153 l -3.07746,-22.88154 h 290.6314 c 14.03698,0 27.94834,-5.28513 39.06488,-14.95381 11.11652,-9.6376 18.27632,-22.57065 20.16048,-36.37417 l 21.10259,-156.78201 c 1.94694,-14.51858 -2.10398,-28.29103 -11.43057,-38.861299 z M 220.76053,443.82706 c 0,13.49265 -11.08513,24.46709 -24.68247,24.46709 -13.62874,0 -24.71387,-10.97444 -24.71387,-24.46709 0,-13.49262 11.08513,-24.43598 24.71387,-24.43598 13.59734,0 24.68247,10.94336 24.68247,24.43598 z m 173.43675,0 c 0,13.49265 -11.08512,24.46709 -24.68245,24.46709 -13.62876,0 -24.71388,-10.97444 -24.71388,-24.46709 0,-13.49262 11.08512,-24.43598 24.71388,-24.43598 13.59733,0 24.68245,10.94336 24.68245,24.43598 z m 73.7648,-314.46558 -21.13397,156.782 c -1.88416,14.11442 -15.63851,26.05261 -30.02091,26.05261 H 122.25046 L 94.616142,107.19499 H 448.33544 c 6.18632,0 11.61896,2.2695 15.23028,6.37326 3.64269,4.13484 5.21283,9.73086 4.39636,15.79323 z"></path></svg>
                    </span>
                    </span>
                    <span class="add-to-cart--text d-none d-sm-block">Carrinho</span>
                    </button>
                    </div>
                    </div>
                    </div>
                    </div>
                    
                    <div class="col-12 d-sm-none">
                    </div>
                    </div>
                    </div>
                    </div>
                    </div><div class="pd-tile-wrap slick-slide slick-active" data-idx="15" style="width: 276px; height: auto;" data-slick-index="14" aria-hidden="false" tabindex="-1" role="tabpanel" id="slick-slide014">
                    
                    <script type="text/javascript">//<!--
                    /* <![CDATA[ */
                    (function(){
                    try {
                        if(window.CQuotient) {
                            var cq_params = {};
                            cq_params.cookieId = window.CQuotient.getCQCookieId();
                            cq_params.userId = window.CQuotient.getCQUserId();
                            cq_params.emailId = CQuotient.getCQHashedEmail();
                            cq_params.loginId = CQuotient.getCQHashedLogin();
                            cq_params.accumulate = true;
                            cq_params.products = [{
                                id: '6938946',
                                sku: '',
                                type: '',
                                alt_id: ''
                            }];
                            cq_params.recommenderName = '__UNDEFINED__';
                            cq_params.realm = "BDVS";
                            cq_params.siteId = "continente";
                            cq_params.instanceType = "prd";
                            cq_params.locale = window.CQuotient.locale;
                            cq_params.slotId = '';
                            cq_params.slotConfigId = '';
                            cq_params.slotConfigTemplate = '';
                            if(window.CQuotient.sendActivity)
                                window.CQuotient.sendActivity( CQuotient.clientId, 'viewReco', cq_params );
                            else
                                window.CQuotient.activities.push( {activityType: 'viewReco', parameters: cq_params} );
                        }
                    } catch(err) {}
                    })();
                    /* ]]> */
                    // -->
                    </script>
                    <script type="text/javascript">//<!--
                    /* <![CDATA[ (viewProduct-active_data.js) */
                    dw.ac._capture({id: "6938946", type: "recommendation"});
                    /* ]]> */
                    // -->
                    </script>
                    <div class="product" data-pid="6938946">
                    <div class="product-tile pid-6938946   ct-product-tile " data-delay-time="3000" data-variants-mapping="[]" data-in-cart-msg="no carrinho" data-one-product-added="Adicionado ao carrinho" data-remove-from-cart-msg="Removido do carrinho" data-stay-open="6000.0" data-product-tile-impression="{&quot;name&quot;:&quot;6938946&quot;,&quot;id&quot;:&quot;6938946&quot;,&quot;price&quot;:11.99,&quot;brand&quot;:&quot;Continente&quot;,&quot;category&quot;:[{&quot;category_level_1&quot;:&quot;Take-Away&quot;},{&quot;category_level_2&quot;:&quot;Refeições Prontas&quot;},{&quot;category_level_3&quot;:&quot;Carne&quot;}],&quot;variant&quot;:&quot;&quot;}">
                    <div class="ct-inner-tile-wrap row no-gutters justify-content-center align-content-start">
                    
                    <div class="ct-image-container col-4 col-sm" data-confirmation-image="{&quot;url&quot;:&quot;https://www.continente.pt/dw/image/v2/BDVS_PRD/on/demandware.static/-/Sites-col-master-catalog/default/dw45bb8a71/images/col/693/6938946-frente.jpg?sw=87&amp;sh=80&quot;,&quot;fallbackimage&quot;:{&quot;url&quot;:&quot;https://www.continente.pt/dw/image/v2/BDVS_PRD/on/demandware.static/Sites-continente-Site/-/default/dw7c42b4da/images/noimagelarge_product.png?sw=87&amp;sh=80&quot;,&quot;title&quot;:&quot;Arroz de Pato&quot;,&quot;alt&quot;:&quot;Arroz de Pato&quot;},&quot;title&quot;:&quot;Arroz de Pato&quot;,&quot;alt&quot;:&quot;Arroz de Pato&quot;}">
                    <a href="https://www.continente.pt/produto/arroz-de-pato-continente-6938946.html?cgid=home" tabindex="0">
                    <picture class="intrinsic intrinsic--square">
                    <img class="ct-tile-image lazyloaded" loading="lazy" onerror="this.onerror=null;this.src='/on/demandware.static/Sites-continente-Site/-/default/dw7c42b4da/images/noimagelarge_product.png';" data-src="https://www.continente.pt/dw/image/v2/BDVS_PRD/on/demandware.static/-/Sites-col-master-catalog/default/dw45bb8a71/images/col/693/6938946-frente.jpg?sw=280&amp;sh=280" alt="Arroz de Pato" title="Arroz de Pato" src="https://www.continente.pt/dw/image/v2/BDVS_PRD/on/demandware.static/-/Sites-col-master-catalog/default/dw45bb8a71/images/col/693/6938946-frente.jpg?sw=280&amp;sh=280">
                    </picture>
                    </a>
                    <div class="color-swatches d-flex" style="margin-left: 5px;">
                    <div class="swatches d-flex">
                    </div>
                    </div>
                    </div>
                    <div class="ct-tile-body col col-sm-auto ">
                     <div class="ct-pdp-details">
                    <div class="ct-pdp-link">
                    <a class="ct-tile--description" href="https://www.continente.pt/produto/arroz-de-pato-continente-6938946.html?cgid=home" tabindex="0">Arroz de Pato</a>
                    <div class="ct-tile--favorite-top d-sm-none">
                    <button class="wishlist-toggler guest-mode inactive button button--tertiary" data-pid="6938946" data-add-url="https://www.continente.pt/on/demandware.store/Sites-continente-Site/default/Wishlist-AddProduct?pid=6938946" data-toggle="tooltip" aria-label="Adicionar aos favoritos " data-original-title="Adicionar aos favoritos" data-placement="top" tabindex="0">
                    <svg class="active-content" width="100%" height="100%" viewBox="0 0 20 22" fill="none" xmlns="http://www.w3.org/2000/svg">
                    <path fill-rule="evenodd" clip-rule="evenodd" d="M0 1.53052C0 0.685236 0.692171 0 1.54601 0H15.0736C15.9274 0 16.6196 0.685235 16.6196 1.53052V13.4064L15.8127 13.922L14.2658 14.2658L12.7189 13.4064L10.6054 14.3818C10.4994 14.2451 10.3327 14.157 10.1452 14.157H6.76329C6.4431 14.157 6.18354 14.414 6.18354 14.731C6.18354 15.0479 6.4431 15.3049 6.76329 15.3049H10.1452C10.2478 15.3049 10.3441 15.2785 10.4277 15.2322L10.3126 16.8439L13.2345 20.2793H1.54601C0.69217 20.2793 0 19.5941 0 18.7488V1.53052ZM6.18354 5.5483C6.18354 5.23132 6.4431 4.97436 6.76329 4.97436H12.3676C12.6878 4.97436 12.9473 5.23132 12.9473 5.5483C12.9473 5.86528 12.6878 6.12224 12.3676 6.12224H6.76329C6.4431 6.12224 6.18354 5.86528 6.18354 5.5483ZM6.76329 11.0961C6.4431 11.0961 6.18354 11.3531 6.18354 11.6701C6.18354 11.987 6.4431 12.244 6.76329 12.244H12.3676C12.6878 12.244 12.9473 11.987 12.9473 11.6701C12.9473 11.3531 12.6878 11.0961 12.3676 11.0961H6.76329ZM6.18354 8.60985C6.18354 8.29287 6.4431 8.03591 6.76329 8.03591H12.3676C12.6878 8.03591 12.9473 8.29287 12.9473 8.60985C12.9473 8.92684 12.6878 9.1838 12.3676 9.1838H6.76329C6.4431 9.1838 6.18354 8.92684 6.18354 8.60985ZM3.67118 5.5483C3.67118 5.23132 3.93075 4.97436 4.25093 4.97436H4.63743C4.95762 4.97436 5.21719 5.23132 5.21719 5.5483C5.21719 5.86528 4.95762 6.12224 4.63743 6.12224H4.25093C3.93075 6.12224 3.67118 5.86528 3.67118 5.5483ZM4.25093 11.0961C3.93075 11.0961 3.67118 11.3531 3.67118 11.6701C3.67118 11.987 3.93075 12.244 4.25093 12.244H4.63743C4.95762 12.244 5.21719 11.987 5.21719 11.6701C5.21719 11.3531 4.95762 11.0961 4.63743 11.0961H4.25093ZM3.67118 8.60985C3.67118 8.29287 3.93075 8.03591 4.25093 8.03591H4.63743C4.95762 8.03591 5.21719 8.29287 5.21719 8.60985C5.21719 8.92684 4.95762 9.1838 4.63743 9.1838H4.25093C3.93075 9.1838 3.67118 8.92684 3.67118 8.60985ZM4.25093 14.157C3.93075 14.157 3.67118 14.414 3.67118 14.731C3.67118 15.0479 3.93075 15.3049 4.25093 15.3049H4.63743C4.95762 15.3049 5.21719 15.0479 5.21719 14.731C5.21719 14.414 4.95762 14.157 4.63743 14.157H4.25093Z" fill="#EB0203"></path>
                    <path fill-rule="evenodd" clip-rule="evenodd" d="M14.6252 13.6363C13.4918 12.6215 11.7817 12.5264 10.6569 13.4792C9.12421 14.7764 9.34841 16.8912 10.4409 18.0122L14.0159 21.6742C14.2197 21.8832 14.4928 22 14.7822 22C15.0737 22 15.3448 21.8852 15.5486 21.6762L19.1236 18.0142C20.214 16.8933 20.4423 14.7785 18.9075 13.4792C17.7827 12.5283 16.0724 12.6217 14.9391 13.6365C14.8855 13.6845 14.8331 13.7345 14.7822 13.7866C14.7313 13.7345 14.6789 13.6843 14.6252 13.6363ZM18.1546 14.3522C19.0973 15.1508 18.9962 16.4896 18.2891 17.2173C18.2888 17.2175 18.2886 17.2177 18.2884 17.218L14.7832 20.8084L11.2753 17.2151C11.2752 17.215 11.2751 17.2149 11.2749 17.2148C10.5677 16.4887 10.4678 15.1495 11.4104 14.3518L11.4108 14.3514C12.0745 13.7892 13.2018 13.82 13.9488 14.5846L14.7822 15.4378L15.6157 14.5846C16.3617 13.8211 17.4896 13.79 18.1545 14.3521" fill="#EB0203"></path>
                    </svg>
                    <svg class="inactive-content" width="100%" height="100%" viewBox="0 0 20 23" fill="none" xmlns="http://www.w3.org/2000/svg">
                    <path fill-rule="evenodd" clip-rule="evenodd" d="M6.18408 5.77914C6.18408 5.46223 6.44363 5.20532 6.7638 5.20532H12.3678C12.6879 5.20532 12.9475 5.46223 12.9475 5.77914C12.9475 6.09606 12.6879 6.35297 12.3678 6.35297H6.7638C6.44363 6.35297 6.18408 6.09606 6.18408 5.77914Z" fill="#EB0203"></path>
                    <path fill-rule="evenodd" clip-rule="evenodd" d="M6.18408 11.9034C6.18408 11.5865 6.44363 11.3296 6.7638 11.3296H12.3678C12.6879 11.3296 12.9475 11.5865 12.9475 11.9034C12.9475 12.2202 12.6879 12.4771 12.3678 12.4771H6.7638C6.44363 12.4771 6.18408 12.2202 6.18408 11.9034Z" fill="#EB0203"></path>
                    <path fill-rule="evenodd" clip-rule="evenodd" d="M6.18408 8.84116C6.18408 8.52424 6.44363 8.26733 6.7638 8.26733H12.3678C12.6879 8.26733 12.9475 8.52424 12.9475 8.84116C12.9475 9.15807 12.6879 9.41498 12.3678 9.41498H6.7638C6.44363 9.41498 6.18408 9.15807 6.18408 8.84116Z" fill="#EB0203"></path>
                    <path fill-rule="evenodd" clip-rule="evenodd" d="M6.18408 14.9655C6.18408 14.6486 6.44363 14.3917 6.7638 14.3917H10.1455C10.4657 14.3917 10.7252 14.6486 10.7252 14.9655C10.7252 15.2825 10.4657 15.5394 10.1455 15.5394H6.7638C6.44363 15.5394 6.18408 15.2825 6.18408 14.9655Z" fill="#EB0203"></path>
                    <path fill-rule="evenodd" clip-rule="evenodd" d="M3.67139 5.77914C3.67139 5.46223 3.93094 5.20532 4.25111 5.20532H4.63759C4.95776 5.20532 5.21731 5.46223 5.21731 5.77914C5.21731 6.09606 4.95776 6.35297 4.63759 6.35297H4.25111C3.93094 6.35297 3.67139 6.09606 3.67139 5.77914Z" fill="#EB0203"></path>
                    <path fill-rule="evenodd" clip-rule="evenodd" d="M3.67139 11.9034C3.67139 11.5865 3.93094 11.3296 4.25111 11.3296H4.63759C4.95776 11.3296 5.21731 11.5865 5.21731 11.9034C5.21731 12.2202 4.95776 12.4771 4.63759 12.4771H4.25111C3.93094 12.4771 3.67139 12.2202 3.67139 11.9034Z" fill="#EB0203"></path>
                    <path fill-rule="evenodd" clip-rule="evenodd" d="M3.67139 8.84116C3.67139 8.52424 3.93094 8.26733 4.25111 8.26733H4.63759C4.95776 8.26733 5.21731 8.52424 5.21731 8.84116C5.21731 9.15807 4.95776 9.41498 4.63759 9.41498H4.25111C3.93094 9.41498 3.67139 9.15807 3.67139 8.84116Z" fill="#EB0203"></path>
                    <path fill-rule="evenodd" clip-rule="evenodd" d="M3.67139 14.9655C3.67139 14.6486 3.93094 14.3917 4.25111 14.3917H4.63759C4.95776 14.3917 5.21731 14.6486 5.21731 14.9655C5.21731 15.2825 4.95776 15.5394 4.63759 15.5394H4.25111C3.93094 15.5394 3.67139 15.2825 3.67139 14.9655Z" fill="#EB0203"></path>
                    <path fill-rule="evenodd" clip-rule="evenodd" d="M0 1.76033C0 0.914738 0.692131 0.229248 1.54592 0.229248H15.0727C15.9265 0.229248 16.6186 0.914738 16.6186 1.76033V11.2818C16.6186 11.5989 16.3591 11.8559 16.0389 11.8559C15.7187 11.8559 15.4592 11.5989 15.4592 11.2818V1.76033C15.4592 1.54893 15.2862 1.37756 15.0727 1.37756H1.54592C1.33247 1.37756 1.15944 1.54893 1.15944 1.76033V18.985C1.15944 19.1964 1.33247 19.3678 1.54592 19.3678H9.27551C9.59568 19.3678 9.85523 19.6249 9.85523 19.942C9.85523 20.2591 9.59568 20.5161 9.27551 20.5161H1.54592C0.692131 20.5161 0 19.8306 0 18.985V1.76033Z" fill="#EB0203"></path>
                    <path fill-rule="evenodd" clip-rule="evenodd" d="M14.6254 13.8718C13.4921 12.8567 11.7821 12.7615 10.6574 13.7147C9.12472 15.0124 9.34891 17.128 10.4413 18.2493L14.0161 21.9126C14.2199 22.1217 14.493 22.2386 14.7824 22.2386C15.0739 22.2386 15.3449 22.1238 15.5487 21.9147L19.1235 18.2514C20.2139 17.13 20.4422 15.0144 18.9075 13.7147C17.7827 12.7634 16.0726 12.8569 14.9392 13.872C14.8856 13.92 14.8333 13.9701 14.7824 14.0222C14.7314 13.97 14.6791 13.9199 14.6254 13.8718ZM18.1546 14.588C19.0972 15.3869 18.9961 16.7262 18.2891 17.4541C18.2888 17.4543 18.2886 17.4546 18.2884 17.4548L14.7834 21.0466L11.2757 17.452C11.2756 17.4519 11.2755 17.4517 11.2753 17.4516C10.5681 16.7252 10.4682 15.3856 11.4108 14.5876L11.4112 14.5872C12.0748 14.0248 13.202 14.0556 13.949 14.8205L14.7824 15.674L15.6158 14.8205C16.3618 14.0567 17.4896 14.0256 18.1545 14.5879" fill="#EB0203"></path>
                    </svg>
                    </button>
                    </div>
                    </div>
                    <p class="ct-tile--brand">Continente</p>
                    <p class="ct-tile--quantity">Quant. Mínima= 300 gr</p>
                    </div>
                    <div class="ct-tile-bottom row no-gutters justify-content-between">
                    <div class="ct-price-wrap col-8 col-sm-12">
                    <div class="price js-product-price">
                    <div class="prices-wrapper">
                    <span class="sales ct-tile--price-primary ">
                    <span class="value" content="11.99">
                    <span class="ct-price-formatted">
                    €11,99
                    </span>
                    <span class="ct-m-unit">
                    /kg
                    </span>
                    </span>
                    </span>
                    </div>
                    <div class="ct-tile--price-secondary">
                    <span class="ct-price-value">
                    €3,60
                    </span>
                    <span class="ct-m-unit">
                    /un
                    </span>
                    </div>
                    </div>
                    </div>
                    <div class="ct-tile-buy-section d-flex justify-content-center no-gutters col-auto col-sm-12">
                    <div class="col-2 d-sm-flex d-none">
                    <button class="wishlist-toggler guest-mode inactive button button--tertiary" data-pid="6938946" data-add-url="https://www.continente.pt/on/demandware.store/Sites-continente-Site/default/Wishlist-AddProduct?pid=6938946" data-toggle="tooltip" aria-label="Adicionar aos favoritos " data-original-title="Adicionar aos favoritos" data-placement="top" tabindex="0">
                    <svg class="active-content" width="100%" height="100%" viewBox="0 0 20 22" fill="none" xmlns="http://www.w3.org/2000/svg">
                    <path fill-rule="evenodd" clip-rule="evenodd" d="M0 1.53052C0 0.685236 0.692171 0 1.54601 0H15.0736C15.9274 0 16.6196 0.685235 16.6196 1.53052V13.4064L15.8127 13.922L14.2658 14.2658L12.7189 13.4064L10.6054 14.3818C10.4994 14.2451 10.3327 14.157 10.1452 14.157H6.76329C6.4431 14.157 6.18354 14.414 6.18354 14.731C6.18354 15.0479 6.4431 15.3049 6.76329 15.3049H10.1452C10.2478 15.3049 10.3441 15.2785 10.4277 15.2322L10.3126 16.8439L13.2345 20.2793H1.54601C0.69217 20.2793 0 19.5941 0 18.7488V1.53052ZM6.18354 5.5483C6.18354 5.23132 6.4431 4.97436 6.76329 4.97436H12.3676C12.6878 4.97436 12.9473 5.23132 12.9473 5.5483C12.9473 5.86528 12.6878 6.12224 12.3676 6.12224H6.76329C6.4431 6.12224 6.18354 5.86528 6.18354 5.5483ZM6.76329 11.0961C6.4431 11.0961 6.18354 11.3531 6.18354 11.6701C6.18354 11.987 6.4431 12.244 6.76329 12.244H12.3676C12.6878 12.244 12.9473 11.987 12.9473 11.6701C12.9473 11.3531 12.6878 11.0961 12.3676 11.0961H6.76329ZM6.18354 8.60985C6.18354 8.29287 6.4431 8.03591 6.76329 8.03591H12.3676C12.6878 8.03591 12.9473 8.29287 12.9473 8.60985C12.9473 8.92684 12.6878 9.1838 12.3676 9.1838H6.76329C6.4431 9.1838 6.18354 8.92684 6.18354 8.60985ZM3.67118 5.5483C3.67118 5.23132 3.93075 4.97436 4.25093 4.97436H4.63743C4.95762 4.97436 5.21719 5.23132 5.21719 5.5483C5.21719 5.86528 4.95762 6.12224 4.63743 6.12224H4.25093C3.93075 6.12224 3.67118 5.86528 3.67118 5.5483ZM4.25093 11.0961C3.93075 11.0961 3.67118 11.3531 3.67118 11.6701C3.67118 11.987 3.93075 12.244 4.25093 12.244H4.63743C4.95762 12.244 5.21719 11.987 5.21719 11.6701C5.21719 11.3531 4.95762 11.0961 4.63743 11.0961H4.25093ZM3.67118 8.60985C3.67118 8.29287 3.93075 8.03591 4.25093 8.03591H4.63743C4.95762 8.03591 5.21719 8.29287 5.21719 8.60985C5.21719 8.92684 4.95762 9.1838 4.63743 9.1838H4.25093C3.93075 9.1838 3.67118 8.92684 3.67118 8.60985ZM4.25093 14.157C3.93075 14.157 3.67118 14.414 3.67118 14.731C3.67118 15.0479 3.93075 15.3049 4.25093 15.3049H4.63743C4.95762 15.3049 5.21719 15.0479 5.21719 14.731C5.21719 14.414 4.95762 14.157 4.63743 14.157H4.25093Z" fill="#EB0203"></path>
                    <path fill-rule="evenodd" clip-rule="evenodd" d="M14.6252 13.6363C13.4918 12.6215 11.7817 12.5264 10.6569 13.4792C9.12421 14.7764 9.34841 16.8912 10.4409 18.0122L14.0159 21.6742C14.2197 21.8832 14.4928 22 14.7822 22C15.0737 22 15.3448 21.8852 15.5486 21.6762L19.1236 18.0142C20.214 16.8933 20.4423 14.7785 18.9075 13.4792C17.7827 12.5283 16.0724 12.6217 14.9391 13.6365C14.8855 13.6845 14.8331 13.7345 14.7822 13.7866C14.7313 13.7345 14.6789 13.6843 14.6252 13.6363ZM18.1546 14.3522C19.0973 15.1508 18.9962 16.4896 18.2891 17.2173C18.2888 17.2175 18.2886 17.2177 18.2884 17.218L14.7832 20.8084L11.2753 17.2151C11.2752 17.215 11.2751 17.2149 11.2749 17.2148C10.5677 16.4887 10.4678 15.1495 11.4104 14.3518L11.4108 14.3514C12.0745 13.7892 13.2018 13.82 13.9488 14.5846L14.7822 15.4378L15.6157 14.5846C16.3617 13.8211 17.4896 13.79 18.1545 14.3521" fill="#EB0203"></path>
                    </svg>
                    <svg class="inactive-content" width="100%" height="100%" viewBox="0 0 20 23" fill="none" xmlns="http://www.w3.org/2000/svg">
                    <path fill-rule="evenodd" clip-rule="evenodd" d="M6.18408 5.77914C6.18408 5.46223 6.44363 5.20532 6.7638 5.20532H12.3678C12.6879 5.20532 12.9475 5.46223 12.9475 5.77914C12.9475 6.09606 12.6879 6.35297 12.3678 6.35297H6.7638C6.44363 6.35297 6.18408 6.09606 6.18408 5.77914Z" fill="#EB0203"></path>
                    <path fill-rule="evenodd" clip-rule="evenodd" d="M6.18408 11.9034C6.18408 11.5865 6.44363 11.3296 6.7638 11.3296H12.3678C12.6879 11.3296 12.9475 11.5865 12.9475 11.9034C12.9475 12.2202 12.6879 12.4771 12.3678 12.4771H6.7638C6.44363 12.4771 6.18408 12.2202 6.18408 11.9034Z" fill="#EB0203"></path>
                    <path fill-rule="evenodd" clip-rule="evenodd" d="M6.18408 8.84116C6.18408 8.52424 6.44363 8.26733 6.7638 8.26733H12.3678C12.6879 8.26733 12.9475 8.52424 12.9475 8.84116C12.9475 9.15807 12.6879 9.41498 12.3678 9.41498H6.7638C6.44363 9.41498 6.18408 9.15807 6.18408 8.84116Z" fill="#EB0203"></path>
                    <path fill-rule="evenodd" clip-rule="evenodd" d="M6.18408 14.9655C6.18408 14.6486 6.44363 14.3917 6.7638 14.3917H10.1455C10.4657 14.3917 10.7252 14.6486 10.7252 14.9655C10.7252 15.2825 10.4657 15.5394 10.1455 15.5394H6.7638C6.44363 15.5394 6.18408 15.2825 6.18408 14.9655Z" fill="#EB0203"></path>
                    <path fill-rule="evenodd" clip-rule="evenodd" d="M3.67139 5.77914C3.67139 5.46223 3.93094 5.20532 4.25111 5.20532H4.63759C4.95776 5.20532 5.21731 5.46223 5.21731 5.77914C5.21731 6.09606 4.95776 6.35297 4.63759 6.35297H4.25111C3.93094 6.35297 3.67139 6.09606 3.67139 5.77914Z" fill="#EB0203"></path>
                    <path fill-rule="evenodd" clip-rule="evenodd" d="M3.67139 11.9034C3.67139 11.5865 3.93094 11.3296 4.25111 11.3296H4.63759C4.95776 11.3296 5.21731 11.5865 5.21731 11.9034C5.21731 12.2202 4.95776 12.4771 4.63759 12.4771H4.25111C3.93094 12.4771 3.67139 12.2202 3.67139 11.9034Z" fill="#EB0203"></path>
                    <path fill-rule="evenodd" clip-rule="evenodd" d="M3.67139 8.84116C3.67139 8.52424 3.93094 8.26733 4.25111 8.26733H4.63759C4.95776 8.26733 5.21731 8.52424 5.21731 8.84116C5.21731 9.15807 4.95776 9.41498 4.63759 9.41498H4.25111C3.93094 9.41498 3.67139 9.15807 3.67139 8.84116Z" fill="#EB0203"></path>
                    <path fill-rule="evenodd" clip-rule="evenodd" d="M3.67139 14.9655C3.67139 14.6486 3.93094 14.3917 4.25111 14.3917H4.63759C4.95776 14.3917 5.21731 14.6486 5.21731 14.9655C5.21731 15.2825 4.95776 15.5394 4.63759 15.5394H4.25111C3.93094 15.5394 3.67139 15.2825 3.67139 14.9655Z" fill="#EB0203"></path>
                    <path fill-rule="evenodd" clip-rule="evenodd" d="M0 1.76033C0 0.914738 0.692131 0.229248 1.54592 0.229248H15.0727C15.9265 0.229248 16.6186 0.914738 16.6186 1.76033V11.2818C16.6186 11.5989 16.3591 11.8559 16.0389 11.8559C15.7187 11.8559 15.4592 11.5989 15.4592 11.2818V1.76033C15.4592 1.54893 15.2862 1.37756 15.0727 1.37756H1.54592C1.33247 1.37756 1.15944 1.54893 1.15944 1.76033V18.985C1.15944 19.1964 1.33247 19.3678 1.54592 19.3678H9.27551C9.59568 19.3678 9.85523 19.6249 9.85523 19.942C9.85523 20.2591 9.59568 20.5161 9.27551 20.5161H1.54592C0.692131 20.5161 0 19.8306 0 18.985V1.76033Z" fill="#EB0203"></path>
                    <path fill-rule="evenodd" clip-rule="evenodd" d="M14.6254 13.8718C13.4921 12.8567 11.7821 12.7615 10.6574 13.7147C9.12472 15.0124 9.34891 17.128 10.4413 18.2493L14.0161 21.9126C14.2199 22.1217 14.493 22.2386 14.7824 22.2386C15.0739 22.2386 15.3449 22.1238 15.5487 21.9147L19.1235 18.2514C20.2139 17.13 20.4422 15.0144 18.9075 13.7147C17.7827 12.7634 16.0726 12.8569 14.9392 13.872C14.8856 13.92 14.8333 13.9701 14.7824 14.0222C14.7314 13.97 14.6791 13.9199 14.6254 13.8718ZM18.1546 14.588C19.0972 15.3869 18.9961 16.7262 18.2891 17.4541C18.2888 17.4543 18.2886 17.4546 18.2884 17.4548L14.7834 21.0466L11.2757 17.452C11.2756 17.4519 11.2755 17.4517 11.2753 17.4516C10.5681 16.7252 10.4682 15.3856 11.4108 14.5876L11.4112 14.5872C12.0748 14.0248 13.202 14.0556 13.949 14.8205L14.7824 15.674L15.6158 14.8205C16.3618 14.0567 17.4896 14.0256 18.1545 14.5879" fill="#EB0203"></path>
                    </svg>
                    </button>
                    </div>
                    <div class="col-sm-10 col-12">
                    <div class="ct-tile-quantity d-none" data-pid="6938946">
                    <input type="hidden" class="add-to-cart-url" value="https://www.continente.pt/on/demandware.store/Sites-continente-Site/default/Cart-AddProduct" tabindex="0">
                    <div class="d-none tile-delete-confirmation-btn" data-pid="6938946" data-delay-time="3000" data-in-cart-msg="no carrinho" data-one-product-added="Adicionado ao carrinho" data-remove-from-cart-msg="Removido do carrinho" data-stay-open="6000.0" data-confirmation-image="{&quot;url&quot;:&quot;https://www.continente.pt/dw/image/v2/BDVS_PRD/on/demandware.static/-/Sites-col-master-catalog/default/dw45bb8a71/images/col/693/6938946-frente.jpg?sw=87&amp;sh=80&quot;,&quot;fallbackimage&quot;:{&quot;url&quot;:&quot;https://www.continente.pt/dw/image/v2/BDVS_PRD/on/demandware.static/Sites-continente-Site/-/default/dw7c42b4da/images/noimagelarge_product.png?sw=87&amp;sh=80&quot;,&quot;title&quot;:&quot;Arroz de Pato&quot;,&quot;alt&quot;:&quot;Arroz de Pato&quot;},&quot;title&quot;:&quot;Arroz de Pato&quot;,&quot;alt&quot;:&quot;Arroz de Pato&quot;}"></div>
                    <div class="ct-tile-quantity-update quantity-update product-qty-vue" data-remove-action="https://www.continente.pt/on/demandware.store/Sites-continente-Site/default/Cart-RemoveProductLineItem" data-action="https://www.continente.pt/on/demandware.store/Sites-continente-Site/default/Cart-UpdateQuantity" data-dimension-update="https://www.continente.pt/on/demandware.store/Sites-continente-Site/default/Cart-DimensionUpdate" data-pid="6938946" data-uuid="d1be0d88ae5ada8446e72ac1b8" data-add-delay="500.0" data-measure-options="{&quot;hasConversionRate&quot;:true,&quot;hasAlternativeSaleUnit&quot;:true,&quot;primaryToSecondary&quot;:0.3,&quot;secondaryToPrimary&quot;:1,&quot;unitConversionRate&quot;:0.3,&quot;minOrderQuantity&quot;:0.3,&quot;stepQuantity&quot;:0.3,&quot;primaryunit&quot;:&quot;kg&quot;,&quot;secondaryunit&quot;:&quot;un&quot;,&quot;selectedunit&quot;:&quot;primary&quot;,&quot;maxNumberOfUnitsPerSale&quot;:49.8}" data-price-available="null" :data-has-error="isMaxQtyReached || isMinQtyReached || qtySelectedMoreThanOne">
                    <template v-show="prodUnits">
                    <div class="quantity-input-wrapper has-units">
                    <label class="visually-hidden" :for="'quantity-' + pid + additionalTag">
                    Quantidade no carrinho
                    </label>
                    <input :ref="'quantityInput-' + pid + additionalTag" class="add-to-cart-quantity form-control ct-form-input text-center" inputmode="numeric" :class="{'is-invalid': isInvalid}" :data-pid="pid + additionalTag" :name="'quantity-' + pid + additionalTag" type="text" aria-label="Insira a quantidade" title="" v-model="displayValue" @change="updateQuantity" @focus="updateQtyFormat" @blur="restoreQtyFormat" :disabled="!isPriceAvailable">
                    <span class="quantity-icon quantity-icon--minus">
                    <button class="decrease-quantity-btn" @click="updateQuantity" :disabled="!isPriceAvailable" role="button" aria-label="Reduzir quantidade">
                    <i class="css-math-minus"></i>
                    </button>
                    </span>
                    <span class="quantity-icon quantity-icon--plus">
                    <button class="increase-quantity-btn" @click="updateQuantity" :disabled="isMaxQtyReached || !isPriceAvailable" role="button" aria-label="Aumentar quantidade">
                    <i class="css-math-plus"></i>
                    </button>
                    <span class="quantity-btn-disabled-placeholder"></span>
                    </span>
                    <template v-if="isPDP">
                    <span class="quantity-error ct-span-error text-sm-center product-max-allocation" v-if="isMaxQtyReached">
                    Quantidade máxima atingida
                    </span>
                    <span class="quantity-error ct-span-product text-sm-center product-allocation" v-if="!isMinQtyReached &amp;&amp; !isMaxQtyReached">
                    {{quantitySelected}} no carrinho
                    </span>
                    <span class="quantity-error ct-span-error text-sm-center product-min-allocation" :data-pid="pid" v-if="isMinQtyReached &amp;&amp; !isMaxQtyReached">
                    Quantidade mínima atingida
                    </span>
                    </template>
                    </div>
                    <template v-if="showNotes">
                    <div class="add-note-link-container ">
                    <div class="add-note">
                    <a href="/produto/arroz-de-pato-continente-6938946.html?showNote=true" class="ct-add-note-redirect-pdp" aria-label="Adicionar comentário">
                    <span class="svg-wrapper svg-icon-notes" style="width:19px; height:20px">
                    <svg class="svg-inline icon-notes" viewBox="0 0 28 30" xmlns="http://www.w3.org/2000/svg" width="100%" height="100%"><path d="M21.738 0C22.985 0 24 1.04 24 2.319V12.47c0 .469-.37.848-.828.848-.457 0-.827-.38-.827-.848V2.32c0-.343-.273-.622-.607-.622H2.262c-.334 0-.607.279-.607.622V27.68c0 .343.273.622.607.622h7.81c.457 0 .827.38.827.849 0 .468-.37.848-.827.848h-7.81C1.015 30 0 28.96 0 27.681V2.32C0 1.04 1.015 0 2.262 0h19.476zm2.844 16.004l.227.007c.823.053 1.589.39 2.176.964.64.627.993 1.46.993 2.349 0 .888-.353 1.722-.993 2.348l-6.83 6.665c-.11.108-.247.186-.397.226l-5.032 1.363c-.078.021-.16.032-.241.032-.242 0-.478-.097-.647-.266-.23-.231-.314-.566-.218-.874l1.49-4.798c.044-.139.122-.266.227-.369l6.844-6.677c.64-.625 1.493-.97 2.401-.97zm-2.886 3.94l-4.922 4.802-.947 3.048 3.22-.872 4.897-4.78-2.248-2.197zm2.887-2.174c-.425 0-.824.162-1.124.455l-.484.472 2.248 2.197.484-.472c.62-.606.62-1.591 0-2.197l-.117-.104c-.283-.227-.636-.35-1.007-.35zm-10.839.022c.498 0 .904.396.904.883 0 .488-.406.884-.904.884H5.946c-.499 0-.904-.396-.904-.884 0-.487.405-.883.904-.883zm5.042-4.876c.498 0 .904.397.904.884s-.406.884-.904.884H5.946c-.499 0-.904-.397-.904-.884s.405-.884.904-.884zm0-4.875c.498 0 .904.396.904.884 0 .487-.406.883-.904.883H5.946c-.499 0-.904-.396-.904-.883 0-.488.405-.884.904-.884z" fill="#EB0203" fill-rule="evenodd"></path></svg>
                    </span>
                    <div class="available-note d-none"></div>
                    </a>
                    </div>
                    </div>
                    </template>
                    <div class="measurement-unit-section" v-if="isPriceAvailable &amp;&amp; prodUnits ? prodUnits.hasAlternativeUnit : false">
                    <div class="ct-form-radio" @click="setDimension">
                    <input type="radio" title="" class="ct-form-check-input product-measurement-unit" :data-type="prodUnits.selectedUnit == prodUnits.secondaryUnit ? 'primary' : ''" :id="prodUnits.secondaryUnit + '-' + pid + '-measurement-unit-ptile' + additionalTag" :name="'measurement-unit-' + pid + '-ptile' + additionalTag" :value="prodUnits.secondaryUnit" v-model="prodUnits.selectedUnit">
                    <label :class="prodUnits.secondaryUnit + '-label ct-form-check-label mb-0'" :for="prodUnits.secondaryUnit + '-' + pid + '-measurement-unit-ptile' + additionalTag">
                    {{prodUnits.secondaryUnit}}
                    </label>
                    <span class="checkmark"></span>
                    </div>
                    <div class="ct-form-radio" @click="setDimension">
                    <input type="radio" title="" class="ct-form-check-input product-measurement-unit" :data-type="prodUnits.selectedUnit == prodUnits.primaryUnit ? 'primary' : ''" :id="prodUnits.primaryUnit + '-' + pid + '-measurement-unit-ptile' + additionalTag" :name="'measurement-unit-' + pid + '-ptile' + additionalTag" :value="prodUnits.primaryUnit" v-model="prodUnits.selectedUnit">
                    <label :class="prodUnits.primaryUnit + '-label ct-form-check-label mb-0'" :for="prodUnits.primaryUnit + '-' + pid + '-measurement-unit-ptile' + additionalTag">
                    {{prodUnits.primaryUnit}}
                    </label>
                    <span class="checkmark"></span>
                    </div>
                    </div>
                    <template v-if="!isPDP &amp;&amp; isPriceAvailable">
                    <span class="quantity-error ct-span-error product-max-allocation" v-if="isMaxQtyReached">
                    Quantidade máxima atingida
                    </span>
                    <span class="quantity-error ct-span-product product-allocation" v-if="!isMinQtyReached &amp;&amp; !isMaxQtyReached">
                    {{quantitySelected}} no carrinho
                    </span>
                    <span class="quantity-error ct-span-error product-min-allocation" :data-pid="pid" v-if="isMinQtyReached &amp;&amp; !isMaxQtyReached">
                    Quantidade mínima atingida
                    </span>
                    </template>
                    </template>
                    </div>
                    <input class="quantity-value-mask d-none" name="quantity" type="number" min="0" value="" tabindex="0">
                    </div>
                    <button type="button" class="add-to-cart button js-add-to-cart js-add-to-cart-tile 6938946 button--primary dynamic-layout-btn" data-toggle="modal" data-target="#chooseBonusProductModal" data-pid="6938946" data-quantity-value="null" aria-label="Carrinho" tabindex="0">
                    <span class="d-block d-sm-none">
                    <span class="svg-wrapper svg-icon-cart" style="width:20px; height:20px">
                    <svg class="svg-inline icon-cart" xmlns="http://www.w3.org/2000/svg" viewBox="0 0 500 500" width="100%" height="100%"><path fill="#EB0203" fill-rule="evenodd" d="M 485.67317,94.386311 C 476.37798,83.847129 463.09468,78.03348 448.30404,78.03348 H 90.690813 L 87.079511,51.327997 C 83.185582,22.539551 62.962285,0 41.011841,0 H 14.727836 C 6.563151,0 0,6.5286975 0,14.580758 c 0,8.05206 6.5945535,14.580758 14.727836,14.580758 h 26.284005 c 4.710398,0 14.696435,9.855222 16.894619,26.021523 L 100.01739,368.0631 c 1.88416,13.77244 9.01256,26.70549 20.1605,36.37417 8.25889,7.15046 18.02511,11.9071 28.26237,13.89679 -4.17655,7.58572 -6.53175,16.25957 -6.53175,25.493 0,29.53459 24.27424,53.59751 54.13815,53.59751 29.8325,0 54.13814,-24.03184 54.13814,-53.59751 0,-8.79818 -2.19818,-17.09897 -5.9979,-24.43598 h 77.12488 c -3.79973,7.33701 -5.96652,15.6378 -5.96652,24.43598 0,29.53459 24.27424,53.59751 54.13817,53.59751 29.83249,0 54.13814,-24.03184 54.13814,-53.59751 0,-8.79818 -2.1982,-17.09897 -5.9979,-24.43598 h 38.56243 c 8.13328,0 14.72783,-6.5287 14.72783,-14.61183 0,-8.02098 -6.59455,-14.54967 -14.72783,-14.54967 H 159.24277 c -14.38241,0 -28.13677,-11.90711 -30.02092,-26.02153 l -3.07746,-22.88154 h 290.6314 c 14.03698,0 27.94834,-5.28513 39.06488,-14.95381 11.11652,-9.6376 18.27632,-22.57065 20.16048,-36.37417 l 21.10259,-156.78201 c 1.94694,-14.51858 -2.10398,-28.29103 -11.43057,-38.861299 z M 220.76053,443.82706 c 0,13.49265 -11.08513,24.46709 -24.68247,24.46709 -13.62874,0 -24.71387,-10.97444 -24.71387,-24.46709 0,-13.49262 11.08513,-24.43598 24.71387,-24.43598 13.59734,0 24.68247,10.94336 24.68247,24.43598 z m 173.43675,0 c 0,13.49265 -11.08512,24.46709 -24.68245,24.46709 -13.62876,0 -24.71388,-10.97444 -24.71388,-24.46709 0,-13.49262 11.08512,-24.43598 24.71388,-24.43598 13.59733,0 24.68245,10.94336 24.68245,24.43598 z m 73.7648,-314.46558 -21.13397,156.782 c -1.88416,14.11442 -15.63851,26.05261 -30.02091,26.05261 H 122.25046 L 94.616142,107.19499 H 448.33544 c 6.18632,0 11.61896,2.2695 15.23028,6.37326 3.64269,4.13484 5.21283,9.73086 4.39636,15.79323 z"></path></svg>
                    </span>
                    </span>
                    <span class="add-to-cart--text d-none d-sm-block">Carrinho</span>
                    </button>
                    </div>
                    </div>
                    </div>
                    </div>
                    
                    <div class="col-12 d-sm-none">
                    </div>
                    </div>
                    </div>
                    </div>
                    </div><div class="pd-tile-wrap slick-slide slick-active" data-idx="16" style="width: 276px; height: auto;" data-slick-index="15" aria-hidden="false" tabindex="-1" role="tabpanel" id="slick-slide015">
                    
                    <script type="text/javascript">//<!--
                    /* <![CDATA[ */
                    (function(){
                    try {
                        if(window.CQuotient) {
                            var cq_params = {};
                            cq_params.cookieId = window.CQuotient.getCQCookieId();
                            cq_params.userId = window.CQuotient.getCQUserId();
                            cq_params.emailId = CQuotient.getCQHashedEmail();
                            cq_params.loginId = CQuotient.getCQHashedLogin();
                            cq_params.accumulate = true;
                            cq_params.products = [{
                                id: '7186509',
                                sku: '',
                                type: '',
                                alt_id: ''
                            }];
                            cq_params.recommenderName = '__UNDEFINED__';
                            cq_params.realm = "BDVS";
                            cq_params.siteId = "continente";
                            cq_params.instanceType = "prd";
                            cq_params.locale = window.CQuotient.locale;
                            cq_params.slotId = '';
                            cq_params.slotConfigId = '';
                            cq_params.slotConfigTemplate = '';
                            if(window.CQuotient.sendActivity)
                                window.CQuotient.sendActivity( CQuotient.clientId, 'viewReco', cq_params );
                            else
                                window.CQuotient.activities.push( {activityType: 'viewReco', parameters: cq_params} );
                        }
                    } catch(err) {}
                    })();
                    /* ]]> */
                    // -->
                    </script>
                    <script type="text/javascript">//<!--
                    /* <![CDATA[ (viewProduct-active_data.js) */
                    dw.ac._capture({id: "7186509", type: "recommendation"});
                    /* ]]> */
                    // -->
                    </script>
                    <div class="product" data-pid="7186509">
                    <div class="product-tile pid-7186509   ct-product-tile " data-delay-time="3000" data-variants-mapping="[]" data-in-cart-msg="no carrinho" data-one-product-added="Adicionado ao carrinho" data-remove-from-cart-msg="Removido do carrinho" data-stay-open="6000.0" data-product-tile-impression="{&quot;name&quot;:&quot;7186509&quot;,&quot;id&quot;:&quot;7186509&quot;,&quot;price&quot;:2.49,&quot;brand&quot;:&quot;Sun&amp;Vegs&quot;,&quot;category&quot;:[{&quot;category_level_1&quot;:&quot;Take-Away&quot;},{&quot;category_level_2&quot;:&quot;Saladas, Sandes e Wraps&quot;},{&quot;category_level_3&quot;:&quot;Saladas Refeição&quot;}],&quot;variant&quot;:&quot;&quot;}">
                    <div class="ct-inner-tile-wrap row no-gutters justify-content-center align-content-start">
                    
                    <div class="ct-image-container col-4 col-sm" data-confirmation-image="{&quot;url&quot;:&quot;https://www.continente.pt/dw/image/v2/BDVS_PRD/on/demandware.static/-/Sites-col-master-catalog/default/dwb049063f/images/col/718/7186509-cima.jpg?sw=87&amp;sh=80&quot;,&quot;fallbackimage&quot;:{&quot;url&quot;:&quot;https://www.continente.pt/dw/image/v2/BDVS_PRD/on/demandware.static/Sites-continente-Site/-/default/dw7c42b4da/images/noimagelarge_product.png?sw=87&amp;sh=80&quot;,&quot;title&quot;:&quot;Salada de Atum&quot;,&quot;alt&quot;:&quot;Salada de Atum&quot;},&quot;title&quot;:&quot;Salada de Atum&quot;,&quot;alt&quot;:&quot;Salada de Atum&quot;}">
                    <a href="https://www.continente.pt/produto/salada-de-atum-sun-vegs-7186509.html?cgid=home" tabindex="0">
                    <picture class="intrinsic intrinsic--square">
                    <img class="ct-tile-image lazyloaded" loading="lazy" onerror="this.onerror=null;this.src='/on/demandware.static/Sites-continente-Site/-/default/dw7c42b4da/images/noimagelarge_product.png';" data-src="https://www.continente.pt/dw/image/v2/BDVS_PRD/on/demandware.static/-/Sites-col-master-catalog/default/dwb049063f/images/col/718/7186509-cima.jpg?sw=280&amp;sh=280" alt="Salada de Atum" title="Salada de Atum" src="https://www.continente.pt/dw/image/v2/BDVS_PRD/on/demandware.static/-/Sites-col-master-catalog/default/dwb049063f/images/col/718/7186509-cima.jpg?sw=280&amp;sh=280">
                    </picture>
                    </a>
                    <div class="color-swatches d-flex" style="margin-left: 5px;">
                    <div class="swatches d-flex">
                    </div>
                    </div>
                    </div>
                    <div class="ct-tile-body col col-sm-auto ">
                    <div class="ct-pdp-details">
                    <div class="ct-pdp-link">
                    <a class="ct-tile--description" href="https://www.continente.pt/produto/salada-de-atum-sun-vegs-7186509.html?cgid=home" tabindex="0">Salada de Atum</a>
                    <div class="ct-tile--favorite-top d-sm-none">
                    <button class="wishlist-toggler guest-mode inactive button button--tertiary" data-pid="7186509" data-add-url="https://www.continente.pt/on/demandware.store/Sites-continente-Site/default/Wishlist-AddProduct?pid=7186509" data-toggle="tooltip" aria-label="Adicionar aos favoritos " data-original-title="Adicionar aos favoritos" data-placement="top" tabindex="0">
                    <svg class="active-content" width="100%" height="100%" viewBox="0 0 20 22" fill="none" xmlns="http://www.w3.org/2000/svg">
                    <path fill-rule="evenodd" clip-rule="evenodd" d="M0 1.53052C0 0.685236 0.692171 0 1.54601 0H15.0736C15.9274 0 16.6196 0.685235 16.6196 1.53052V13.4064L15.8127 13.922L14.2658 14.2658L12.7189 13.4064L10.6054 14.3818C10.4994 14.2451 10.3327 14.157 10.1452 14.157H6.76329C6.4431 14.157 6.18354 14.414 6.18354 14.731C6.18354 15.0479 6.4431 15.3049 6.76329 15.3049H10.1452C10.2478 15.3049 10.3441 15.2785 10.4277 15.2322L10.3126 16.8439L13.2345 20.2793H1.54601C0.69217 20.2793 0 19.5941 0 18.7488V1.53052ZM6.18354 5.5483C6.18354 5.23132 6.4431 4.97436 6.76329 4.97436H12.3676C12.6878 4.97436 12.9473 5.23132 12.9473 5.5483C12.9473 5.86528 12.6878 6.12224 12.3676 6.12224H6.76329C6.4431 6.12224 6.18354 5.86528 6.18354 5.5483ZM6.76329 11.0961C6.4431 11.0961 6.18354 11.3531 6.18354 11.6701C6.18354 11.987 6.4431 12.244 6.76329 12.244H12.3676C12.6878 12.244 12.9473 11.987 12.9473 11.6701C12.9473 11.3531 12.6878 11.0961 12.3676 11.0961H6.76329ZM6.18354 8.60985C6.18354 8.29287 6.4431 8.03591 6.76329 8.03591H12.3676C12.6878 8.03591 12.9473 8.29287 12.9473 8.60985C12.9473 8.92684 12.6878 9.1838 12.3676 9.1838H6.76329C6.4431 9.1838 6.18354 8.92684 6.18354 8.60985ZM3.67118 5.5483C3.67118 5.23132 3.93075 4.97436 4.25093 4.97436H4.63743C4.95762 4.97436 5.21719 5.23132 5.21719 5.5483C5.21719 5.86528 4.95762 6.12224 4.63743 6.12224H4.25093C3.93075 6.12224 3.67118 5.86528 3.67118 5.5483ZM4.25093 11.0961C3.93075 11.0961 3.67118 11.3531 3.67118 11.6701C3.67118 11.987 3.93075 12.244 4.25093 12.244H4.63743C4.95762 12.244 5.21719 11.987 5.21719 11.6701C5.21719 11.3531 4.95762 11.0961 4.63743 11.0961H4.25093ZM3.67118 8.60985C3.67118 8.29287 3.93075 8.03591 4.25093 8.03591H4.63743C4.95762 8.03591 5.21719 8.29287 5.21719 8.60985C5.21719 8.92684 4.95762 9.1838 4.63743 9.1838H4.25093C3.93075 9.1838 3.67118 8.92684 3.67118 8.60985ZM4.25093 14.157C3.93075 14.157 3.67118 14.414 3.67118 14.731C3.67118 15.0479 3.93075 15.3049 4.25093 15.3049H4.63743C4.95762 15.3049 5.21719 15.0479 5.21719 14.731C5.21719 14.414 4.95762 14.157 4.63743 14.157H4.25093Z" fill="#EB0203"></path>
                    <path fill-rule="evenodd" clip-rule="evenodd" d="M14.6252 13.6363C13.4918 12.6215 11.7817 12.5264 10.6569 13.4792C9.12421 14.7764 9.34841 16.8912 10.4409 18.0122L14.0159 21.6742C14.2197 21.8832 14.4928 22 14.7822 22C15.0737 22 15.3448 21.8852 15.5486 21.6762L19.1236 18.0142C20.214 16.8933 20.4423 14.7785 18.9075 13.4792C17.7827 12.5283 16.0724 12.6217 14.9391 13.6365C14.8855 13.6845 14.8331 13.7345 14.7822 13.7866C14.7313 13.7345 14.6789 13.6843 14.6252 13.6363ZM18.1546 14.3522C19.0973 15.1508 18.9962 16.4896 18.2891 17.2173C18.2888 17.2175 18.2886 17.2177 18.2884 17.218L14.7832 20.8084L11.2753 17.2151C11.2752 17.215 11.2751 17.2149 11.2749 17.2148C10.5677 16.4887 10.4678 15.1495 11.4104 14.3518L11.4108 14.3514C12.0745 13.7892 13.2018 13.82 13.9488 14.5846L14.7822 15.4378L15.6157 14.5846C16.3617 13.8211 17.4896 13.79 18.1545 14.3521" fill="#EB0203"></path>
                    </svg>
                    <svg class="inactive-content" width="100%" height="100%" viewBox="0 0 20 23" fill="none" xmlns="http://www.w3.org/2000/svg">
                    <path fill-rule="evenodd" clip-rule="evenodd" d="M6.18408 5.77914C6.18408 5.46223 6.44363 5.20532 6.7638 5.20532H12.3678C12.6879 5.20532 12.9475 5.46223 12.9475 5.77914C12.9475 6.09606 12.6879 6.35297 12.3678 6.35297H6.7638C6.44363 6.35297 6.18408 6.09606 6.18408 5.77914Z" fill="#EB0203"></path>
                    <path fill-rule="evenodd" clip-rule="evenodd" d="M6.18408 11.9034C6.18408 11.5865 6.44363 11.3296 6.7638 11.3296H12.3678C12.6879 11.3296 12.9475 11.5865 12.9475 11.9034C12.9475 12.2202 12.6879 12.4771 12.3678 12.4771H6.7638C6.44363 12.4771 6.18408 12.2202 6.18408 11.9034Z" fill="#EB0203"></path>
                    <path fill-rule="evenodd" clip-rule="evenodd" d="M6.18408 8.84116C6.18408 8.52424 6.44363 8.26733 6.7638 8.26733H12.3678C12.6879 8.26733 12.9475 8.52424 12.9475 8.84116C12.9475 9.15807 12.6879 9.41498 12.3678 9.41498H6.7638C6.44363 9.41498 6.18408 9.15807 6.18408 8.84116Z" fill="#EB0203"></path>
                    <path fill-rule="evenodd" clip-rule="evenodd" d="M6.18408 14.9655C6.18408 14.6486 6.44363 14.3917 6.7638 14.3917H10.1455C10.4657 14.3917 10.7252 14.6486 10.7252 14.9655C10.7252 15.2825 10.4657 15.5394 10.1455 15.5394H6.7638C6.44363 15.5394 6.18408 15.2825 6.18408 14.9655Z" fill="#EB0203"></path>
                    <path fill-rule="evenodd" clip-rule="evenodd" d="M3.67139 5.77914C3.67139 5.46223 3.93094 5.20532 4.25111 5.20532H4.63759C4.95776 5.20532 5.21731 5.46223 5.21731 5.77914C5.21731 6.09606 4.95776 6.35297 4.63759 6.35297H4.25111C3.93094 6.35297 3.67139 6.09606 3.67139 5.77914Z" fill="#EB0203"></path>
                    <path fill-rule="evenodd" clip-rule="evenodd" d="M3.67139 11.9034C3.67139 11.5865 3.93094 11.3296 4.25111 11.3296H4.63759C4.95776 11.3296 5.21731 11.5865 5.21731 11.9034C5.21731 12.2202 4.95776 12.4771 4.63759 12.4771H4.25111C3.93094 12.4771 3.67139 12.2202 3.67139 11.9034Z" fill="#EB0203"></path>
                    <path fill-rule="evenodd" clip-rule="evenodd" d="M3.67139 8.84116C3.67139 8.52424 3.93094 8.26733 4.25111 8.26733H4.63759C4.95776 8.26733 5.21731 8.52424 5.21731 8.84116C5.21731 9.15807 4.95776 9.41498 4.63759 9.41498H4.25111C3.93094 9.41498 3.67139 9.15807 3.67139 8.84116Z" fill="#EB0203"></path>
                    <path fill-rule="evenodd" clip-rule="evenodd" d="M3.67139 14.9655C3.67139 14.6486 3.93094 14.3917 4.25111 14.3917H4.63759C4.95776 14.3917 5.21731 14.6486 5.21731 14.9655C5.21731 15.2825 4.95776 15.5394 4.63759 15.5394H4.25111C3.93094 15.5394 3.67139 15.2825 3.67139 14.9655Z" fill="#EB0203"></path>
                    <path fill-rule="evenodd" clip-rule="evenodd" d="M0 1.76033C0 0.914738 0.692131 0.229248 1.54592 0.229248H15.0727C15.9265 0.229248 16.6186 0.914738 16.6186 1.76033V11.2818C16.6186 11.5989 16.3591 11.8559 16.0389 11.8559C15.7187 11.8559 15.4592 11.5989 15.4592 11.2818V1.76033C15.4592 1.54893 15.2862 1.37756 15.0727 1.37756H1.54592C1.33247 1.37756 1.15944 1.54893 1.15944 1.76033V18.985C1.15944 19.1964 1.33247 19.3678 1.54592 19.3678H9.27551C9.59568 19.3678 9.85523 19.6249 9.85523 19.942C9.85523 20.2591 9.59568 20.5161 9.27551 20.5161H1.54592C0.692131 20.5161 0 19.8306 0 18.985V1.76033Z" fill="#EB0203"></path>
                    <path fill-rule="evenodd" clip-rule="evenodd" d="M14.6254 13.8718C13.4921 12.8567 11.7821 12.7615 10.6574 13.7147C9.12472 15.0124 9.34891 17.128 10.4413 18.2493L14.0161 21.9126C14.2199 22.1217 14.493 22.2386 14.7824 22.2386C15.0739 22.2386 15.3449 22.1238 15.5487 21.9147L19.1235 18.2514C20.2139 17.13 20.4422 15.0144 18.9075 13.7147C17.7827 12.7634 16.0726 12.8569 14.9392 13.872C14.8856 13.92 14.8333 13.9701 14.7824 14.0222C14.7314 13.97 14.6791 13.9199 14.6254 13.8718ZM18.1546 14.588C19.0972 15.3869 18.9961 16.7262 18.2891 17.4541C18.2888 17.4543 18.2886 17.4546 18.2884 17.4548L14.7834 21.0466L11.2757 17.452C11.2756 17.4519 11.2755 17.4517 11.2753 17.4516C10.5681 16.7252 10.4682 15.3856 11.4108 14.5876L11.4112 14.5872C12.0748 14.0248 13.202 14.0556 13.949 14.8205L14.7824 15.674L15.6158 14.8205C16.3618 14.0567 17.4896 14.0256 18.1545 14.5879" fill="#EB0203"></path>
                    </svg>
                    </button>
                    </div>
                    </div>
                    <p class="ct-tile--brand">Sun&amp;Vegs</p>
                    <p class="ct-tile--quantity">emb. 257 gr</p>
                    </div>
                    <div class="ct-tile-bottom row no-gutters justify-content-between">
                    <div class="ct-price-wrap col-8 col-sm-12">
                    <div class="price js-product-price">
                    <div class="prices-wrapper">
                    <span class="sales ct-tile--price-primary ">
                    <span class="value" content="2.49">
                    <span class="ct-price-formatted">
                    €2,49
                    </span>
                    <span class="ct-m-unit">
                    /un
                    </span>
                    </span>
                    </span>
                    </div>
                    <div class="ct-tile--price-secondary">
                    <span class="ct-price-value">
                    €9,69
                    </span>
                    <span class="ct-m-unit">
                    /kg
                    </span>
                    </div>
                    </div>
                    </div>
                    <div class="ct-tile-buy-section d-flex justify-content-center no-gutters col-auto col-sm-12">
                    <div class="col-2 d-sm-flex d-none">
                    <button class="wishlist-toggler guest-mode inactive button button--tertiary" data-pid="7186509" data-add-url="https://www.continente.pt/on/demandware.store/Sites-continente-Site/default/Wishlist-AddProduct?pid=7186509" data-toggle="tooltip" aria-label="Adicionar aos favoritos " data-original-title="Adicionar aos favoritos" data-placement="top" tabindex="0">
                    <svg class="active-content" width="100%" height="100%" viewBox="0 0 20 22" fill="none" xmlns="http://www.w3.org/2000/svg">
                    <path fill-rule="evenodd" clip-rule="evenodd" d="M0 1.53052C0 0.685236 0.692171 0 1.54601 0H15.0736C15.9274 0 16.6196 0.685235 16.6196 1.53052V13.4064L15.8127 13.922L14.2658 14.2658L12.7189 13.4064L10.6054 14.3818C10.4994 14.2451 10.3327 14.157 10.1452 14.157H6.76329C6.4431 14.157 6.18354 14.414 6.18354 14.731C6.18354 15.0479 6.4431 15.3049 6.76329 15.3049H10.1452C10.2478 15.3049 10.3441 15.2785 10.4277 15.2322L10.3126 16.8439L13.2345 20.2793H1.54601C0.69217 20.2793 0 19.5941 0 18.7488V1.53052ZM6.18354 5.5483C6.18354 5.23132 6.4431 4.97436 6.76329 4.97436H12.3676C12.6878 4.97436 12.9473 5.23132 12.9473 5.5483C12.9473 5.86528 12.6878 6.12224 12.3676 6.12224H6.76329C6.4431 6.12224 6.18354 5.86528 6.18354 5.5483ZM6.76329 11.0961C6.4431 11.0961 6.18354 11.3531 6.18354 11.6701C6.18354 11.987 6.4431 12.244 6.76329 12.244H12.3676C12.6878 12.244 12.9473 11.987 12.9473 11.6701C12.9473 11.3531 12.6878 11.0961 12.3676 11.0961H6.76329ZM6.18354 8.60985C6.18354 8.29287 6.4431 8.03591 6.76329 8.03591H12.3676C12.6878 8.03591 12.9473 8.29287 12.9473 8.60985C12.9473 8.92684 12.6878 9.1838 12.3676 9.1838H6.76329C6.4431 9.1838 6.18354 8.92684 6.18354 8.60985ZM3.67118 5.5483C3.67118 5.23132 3.93075 4.97436 4.25093 4.97436H4.63743C4.95762 4.97436 5.21719 5.23132 5.21719 5.5483C5.21719 5.86528 4.95762 6.12224 4.63743 6.12224H4.25093C3.93075 6.12224 3.67118 5.86528 3.67118 5.5483ZM4.25093 11.0961C3.93075 11.0961 3.67118 11.3531 3.67118 11.6701C3.67118 11.987 3.93075 12.244 4.25093 12.244H4.63743C4.95762 12.244 5.21719 11.987 5.21719 11.6701C5.21719 11.3531 4.95762 11.0961 4.63743 11.0961H4.25093ZM3.67118 8.60985C3.67118 8.29287 3.93075 8.03591 4.25093 8.03591H4.63743C4.95762 8.03591 5.21719 8.29287 5.21719 8.60985C5.21719 8.92684 4.95762 9.1838 4.63743 9.1838H4.25093C3.93075 9.1838 3.67118 8.92684 3.67118 8.60985ZM4.25093 14.157C3.93075 14.157 3.67118 14.414 3.67118 14.731C3.67118 15.0479 3.93075 15.3049 4.25093 15.3049H4.63743C4.95762 15.3049 5.21719 15.0479 5.21719 14.731C5.21719 14.414 4.95762 14.157 4.63743 14.157H4.25093Z" fill="#EB0203"></path>
                    <path fill-rule="evenodd" clip-rule="evenodd" d="M14.6252 13.6363C13.4918 12.6215 11.7817 12.5264 10.6569 13.4792C9.12421 14.7764 9.34841 16.8912 10.4409 18.0122L14.0159 21.6742C14.2197 21.8832 14.4928 22 14.7822 22C15.0737 22 15.3448 21.8852 15.5486 21.6762L19.1236 18.0142C20.214 16.8933 20.4423 14.7785 18.9075 13.4792C17.7827 12.5283 16.0724 12.6217 14.9391 13.6365C14.8855 13.6845 14.8331 13.7345 14.7822 13.7866C14.7313 13.7345 14.6789 13.6843 14.6252 13.6363ZM18.1546 14.3522C19.0973 15.1508 18.9962 16.4896 18.2891 17.2173C18.2888 17.2175 18.2886 17.2177 18.2884 17.218L14.7832 20.8084L11.2753 17.2151C11.2752 17.215 11.2751 17.2149 11.2749 17.2148C10.5677 16.4887 10.4678 15.1495 11.4104 14.3518L11.4108 14.3514C12.0745 13.7892 13.2018 13.82 13.9488 14.5846L14.7822 15.4378L15.6157 14.5846C16.3617 13.8211 17.4896 13.79 18.1545 14.3521" fill="#EB0203"></path>
                    </svg>
                    <svg class="inactive-content" width="100%" height="100%" viewBox="0 0 20 23" fill="none" xmlns="http://www.w3.org/2000/svg">
                    <path fill-rule="evenodd" clip-rule="evenodd" d="M6.18408 5.77914C6.18408 5.46223 6.44363 5.20532 6.7638 5.20532H12.3678C12.6879 5.20532 12.9475 5.46223 12.9475 5.77914C12.9475 6.09606 12.6879 6.35297 12.3678 6.35297H6.7638C6.44363 6.35297 6.18408 6.09606 6.18408 5.77914Z" fill="#EB0203"></path>
                    <path fill-rule="evenodd" clip-rule="evenodd" d="M6.18408 11.9034C6.18408 11.5865 6.44363 11.3296 6.7638 11.3296H12.3678C12.6879 11.3296 12.9475 11.5865 12.9475 11.9034C12.9475 12.2202 12.6879 12.4771 12.3678 12.4771H6.7638C6.44363 12.4771 6.18408 12.2202 6.18408 11.9034Z" fill="#EB0203"></path>
                    <path fill-rule="evenodd" clip-rule="evenodd" d="M6.18408 8.84116C6.18408 8.52424 6.44363 8.26733 6.7638 8.26733H12.3678C12.6879 8.26733 12.9475 8.52424 12.9475 8.84116C12.9475 9.15807 12.6879 9.41498 12.3678 9.41498H6.7638C6.44363 9.41498 6.18408 9.15807 6.18408 8.84116Z" fill="#EB0203"></path>
                    <path fill-rule="evenodd" clip-rule="evenodd" d="M6.18408 14.9655C6.18408 14.6486 6.44363 14.3917 6.7638 14.3917H10.1455C10.4657 14.3917 10.7252 14.6486 10.7252 14.9655C10.7252 15.2825 10.4657 15.5394 10.1455 15.5394H6.7638C6.44363 15.5394 6.18408 15.2825 6.18408 14.9655Z" fill="#EB0203"></path>
                    <path fill-rule="evenodd" clip-rule="evenodd" d="M3.67139 5.77914C3.67139 5.46223 3.93094 5.20532 4.25111 5.20532H4.63759C4.95776 5.20532 5.21731 5.46223 5.21731 5.77914C5.21731 6.09606 4.95776 6.35297 4.63759 6.35297H4.25111C3.93094 6.35297 3.67139 6.09606 3.67139 5.77914Z" fill="#EB0203"></path>
                    <path fill-rule="evenodd" clip-rule="evenodd" d="M3.67139 11.9034C3.67139 11.5865 3.93094 11.3296 4.25111 11.3296H4.63759C4.95776 11.3296 5.21731 11.5865 5.21731 11.9034C5.21731 12.2202 4.95776 12.4771 4.63759 12.4771H4.25111C3.93094 12.4771 3.67139 12.2202 3.67139 11.9034Z" fill="#EB0203"></path>
                    <path fill-rule="evenodd" clip-rule="evenodd" d="M3.67139 8.84116C3.67139 8.52424 3.93094 8.26733 4.25111 8.26733H4.63759C4.95776 8.26733 5.21731 8.52424 5.21731 8.84116C5.21731 9.15807 4.95776 9.41498 4.63759 9.41498H4.25111C3.93094 9.41498 3.67139 9.15807 3.67139 8.84116Z" fill="#EB0203"></path>
                    <path fill-rule="evenodd" clip-rule="evenodd" d="M3.67139 14.9655C3.67139 14.6486 3.93094 14.3917 4.25111 14.3917H4.63759C4.95776 14.3917 5.21731 14.6486 5.21731 14.9655C5.21731 15.2825 4.95776 15.5394 4.63759 15.5394H4.25111C3.93094 15.5394 3.67139 15.2825 3.67139 14.9655Z" fill="#EB0203"></path>
                    <path fill-rule="evenodd" clip-rule="evenodd" d="M0 1.76033C0 0.914738 0.692131 0.229248 1.54592 0.229248H15.0727C15.9265 0.229248 16.6186 0.914738 16.6186 1.76033V11.2818C16.6186 11.5989 16.3591 11.8559 16.0389 11.8559C15.7187 11.8559 15.4592 11.5989 15.4592 11.2818V1.76033C15.4592 1.54893 15.2862 1.37756 15.0727 1.37756H1.54592C1.33247 1.37756 1.15944 1.54893 1.15944 1.76033V18.985C1.15944 19.1964 1.33247 19.3678 1.54592 19.3678H9.27551C9.59568 19.3678 9.85523 19.6249 9.85523 19.942C9.85523 20.2591 9.59568 20.5161 9.27551 20.5161H1.54592C0.692131 20.5161 0 19.8306 0 18.985V1.76033Z" fill="#EB0203"></path>
                    <path fill-rule="evenodd" clip-rule="evenodd" d="M14.6254 13.8718C13.4921 12.8567 11.7821 12.7615 10.6574 13.7147C9.12472 15.0124 9.34891 17.128 10.4413 18.2493L14.0161 21.9126C14.2199 22.1217 14.493 22.2386 14.7824 22.2386C15.0739 22.2386 15.3449 22.1238 15.5487 21.9147L19.1235 18.2514C20.2139 17.13 20.4422 15.0144 18.9075 13.7147C17.7827 12.7634 16.0726 12.8569 14.9392 13.872C14.8856 13.92 14.8333 13.9701 14.7824 14.0222C14.7314 13.97 14.6791 13.9199 14.6254 13.8718ZM18.1546 14.588C19.0972 15.3869 18.9961 16.7262 18.2891 17.4541C18.2888 17.4543 18.2886 17.4546 18.2884 17.4548L14.7834 21.0466L11.2757 17.452C11.2756 17.4519 11.2755 17.4517 11.2753 17.4516C10.5681 16.7252 10.4682 15.3856 11.4108 14.5876L11.4112 14.5872C12.0748 14.0248 13.202 14.0556 13.949 14.8205L14.7824 15.674L15.6158 14.8205C16.3618 14.0567 17.4896 14.0256 18.1545 14.5879" fill="#EB0203"></path>
                    </svg>
                    </button>
                    </div>
                    <div class="col-sm-10 col-12">
                    <div class="ct-tile-quantity d-none" data-pid="7186509">
                    <input type="hidden" class="add-to-cart-url" value="https://www.continente.pt/on/demandware.store/Sites-continente-Site/default/Cart-AddProduct" tabindex="0">
                    <div class="d-none tile-delete-confirmation-btn" data-pid="7186509" data-delay-time="3000" data-in-cart-msg="no carrinho" data-one-product-added="Adicionado ao carrinho" data-remove-from-cart-msg="Removido do carrinho" data-stay-open="6000.0" data-confirmation-image="{&quot;url&quot;:&quot;https://www.continente.pt/dw/image/v2/BDVS_PRD/on/demandware.static/-/Sites-col-master-catalog/default/dwb049063f/images/col/718/7186509-cima.jpg?sw=87&amp;sh=80&quot;,&quot;fallbackimage&quot;:{&quot;url&quot;:&quot;https://www.continente.pt/dw/image/v2/BDVS_PRD/on/demandware.static/Sites-continente-Site/-/default/dw7c42b4da/images/noimagelarge_product.png?sw=87&amp;sh=80&quot;,&quot;title&quot;:&quot;Salada de Atum&quot;,&quot;alt&quot;:&quot;Salada de Atum&quot;},&quot;title&quot;:&quot;Salada de Atum&quot;,&quot;alt&quot;:&quot;Salada de Atum&quot;}"></div>
                    <div class="ct-tile-quantity-update quantity-update product-qty-vue" data-remove-action="https://www.continente.pt/on/demandware.store/Sites-continente-Site/default/Cart-RemoveProductLineItem" data-action="https://www.continente.pt/on/demandware.store/Sites-continente-Site/default/Cart-UpdateQuantity" data-dimension-update="https://www.continente.pt/on/demandware.store/Sites-continente-Site/default/Cart-DimensionUpdate" data-pid="7186509" data-uuid="11c228359983eccb9aaec77418" data-add-delay="500.0" data-measure-options="{&quot;hasConversionRate&quot;:true,&quot;hasAlternativeSaleUnit&quot;:false,&quot;primaryToSecondary&quot;:1,&quot;secondaryToPrimary&quot;:1,&quot;unitConversionRate&quot;:1,&quot;minOrderQuantity&quot;:1,&quot;stepQuantity&quot;:1,&quot;primaryunit&quot;:&quot;un&quot;,&quot;secondaryunit&quot;:&quot;kg&quot;,&quot;selectedunit&quot;:&quot;primary&quot;,&quot;maxNumberOfUnitsPerSale&quot;:50}" data-price-available="null" :data-has-error="isMaxQtyReached || isMinQtyReached || qtySelectedMoreThanOne">
                    <template v-show="prodUnits">
                    <div class="quantity-input-wrapper has-units">
                    <label class="visually-hidden" :for="'quantity-' + pid + additionalTag">
                    Quantidade no carrinho
                    </label>
                    <input :ref="'quantityInput-' + pid + additionalTag" class="add-to-cart-quantity form-control ct-form-input text-center" inputmode="numeric" :class="{'is-invalid': isInvalid}" :data-pid="pid + additionalTag" :name="'quantity-' + pid + additionalTag" type="text" aria-label="Insira a quantidade" title="" v-model="displayValue" @change="updateQuantity" @focus="updateQtyFormat" @blur="restoreQtyFormat" :disabled="!isPriceAvailable">
                    <span class="quantity-icon quantity-icon--minus">
                    <button class="decrease-quantity-btn" @click="updateQuantity" :disabled="!isPriceAvailable" role="button" aria-label="Reduzir quantidade">
                    <i class="css-math-minus"></i>
                    </button>
                    </span>
                    <span class="quantity-icon quantity-icon--plus">
                    <button class="increase-quantity-btn" @click="updateQuantity" :disabled="isMaxQtyReached || !isPriceAvailable" role="button" aria-label="Aumentar quantidade">
                    <i class="css-math-plus"></i>
                    </button>
                    <span class="quantity-btn-disabled-placeholder"></span>
                    </span>
                    <template v-if="isPDP">
                    <span class="quantity-error ct-span-error text-sm-center product-max-allocation" v-if="isMaxQtyReached">
                    Quantidade máxima atingida
                    </span>
                    <span class="quantity-error ct-span-product text-sm-center product-allocation" v-if="!isMinQtyReached &amp;&amp; !isMaxQtyReached">
                    {{quantitySelected}} no carrinho
                    </span>
                    <span class="quantity-error ct-span-error text-sm-center product-min-allocation" :data-pid="pid" v-if="isMinQtyReached &amp;&amp; !isMaxQtyReached">
                    Quantidade mínima atingida
                    </span>
                    </template>
                    </div>
                    <template v-if="showNotes">
                    <div class="add-note-link-container ">
                    <div class="add-note">
                    <a href="/produto/salada-de-atum-sun-vegs-7186509.html?showNote=true" class="ct-add-note-redirect-pdp" aria-label="Adicionar comentário">
                    <span class="svg-wrapper svg-icon-notes" style="width:19px; height:20px">
                    <svg class="svg-inline icon-notes" viewBox="0 0 28 30" xmlns="http://www.w3.org/2000/svg" width="100%" height="100%"><path d="M21.738 0C22.985 0 24 1.04 24 2.319V12.47c0 .469-.37.848-.828.848-.457 0-.827-.38-.827-.848V2.32c0-.343-.273-.622-.607-.622H2.262c-.334 0-.607.279-.607.622V27.68c0 .343.273.622.607.622h7.81c.457 0 .827.38.827.849 0 .468-.37.848-.827.848h-7.81C1.015 30 0 28.96 0 27.681V2.32C0 1.04 1.015 0 2.262 0h19.476zm2.844 16.004l.227.007c.823.053 1.589.39 2.176.964.64.627.993 1.46.993 2.349 0 .888-.353 1.722-.993 2.348l-6.83 6.665c-.11.108-.247.186-.397.226l-5.032 1.363c-.078.021-.16.032-.241.032-.242 0-.478-.097-.647-.266-.23-.231-.314-.566-.218-.874l1.49-4.798c.044-.139.122-.266.227-.369l6.844-6.677c.64-.625 1.493-.97 2.401-.97zm-2.886 3.94l-4.922 4.802-.947 3.048 3.22-.872 4.897-4.78-2.248-2.197zm2.887-2.174c-.425 0-.824.162-1.124.455l-.484.472 2.248 2.197.484-.472c.62-.606.62-1.591 0-2.197l-.117-.104c-.283-.227-.636-.35-1.007-.35zm-10.839.022c.498 0 .904.396.904.883 0 .488-.406.884-.904.884H5.946c-.499 0-.904-.396-.904-.884 0-.487.405-.883.904-.883zm5.042-4.876c.498 0 .904.397.904.884s-.406.884-.904.884H5.946c-.499 0-.904-.397-.904-.884s.405-.884.904-.884zm0-4.875c.498 0 .904.396.904.884 0 .487-.406.883-.904.883H5.946c-.499 0-.904-.396-.904-.883 0-.488.405-.884.904-.884z" fill="#EB0203" fill-rule="evenodd"></path></svg>
                    </span>
                    <div class="available-note d-none"></div>
                    </a>
                    </div>
                    </div>
                    </template>
                    <div class="measurement-unit-section" v-if="isPriceAvailable &amp;&amp; prodUnits ? prodUnits.hasAlternativeUnit : false">
                    <div class="ct-form-radio" @click="setDimension">
                    <input type="radio" title="" class="ct-form-check-input product-measurement-unit" :data-type="prodUnits.selectedUnit == prodUnits.secondaryUnit ? 'primary' : ''" :id="prodUnits.secondaryUnit + '-' + pid + '-measurement-unit-ptile' + additionalTag" :name="'measurement-unit-' + pid + '-ptile' + additionalTag" :value="prodUnits.secondaryUnit" v-model="prodUnits.selectedUnit">
                    <label :class="prodUnits.secondaryUnit + '-label ct-form-check-label mb-0'" :for="prodUnits.secondaryUnit + '-' + pid + '-measurement-unit-ptile' + additionalTag">
                    {{prodUnits.secondaryUnit}}
                    </label>
                    <span class="checkmark"></span>
                    </div>
                    <div class="ct-form-radio" @click="setDimension">
                    <input type="radio" title="" class="ct-form-check-input product-measurement-unit" :data-type="prodUnits.selectedUnit == prodUnits.primaryUnit ? 'primary' : ''" :id="prodUnits.primaryUnit + '-' + pid + '-measurement-unit-ptile' + additionalTag" :name="'measurement-unit-' + pid + '-ptile' + additionalTag" :value="prodUnits.primaryUnit" v-model="prodUnits.selectedUnit">
                    <label :class="prodUnits.primaryUnit + '-label ct-form-check-label mb-0'" :for="prodUnits.primaryUnit + '-' + pid + '-measurement-unit-ptile' + additionalTag">
                     {{prodUnits.primaryUnit}}
                    </label>
                    <span class="checkmark"></span>
                    </div>
                    </div>
                    <template v-if="!isPDP &amp;&amp; isPriceAvailable">
                    <span class="quantity-error ct-span-error product-max-allocation" v-if="isMaxQtyReached">
                    Quantidade máxima atingida
                    </span>
                    <span class="quantity-error ct-span-product product-allocation" v-if="!isMinQtyReached &amp;&amp; !isMaxQtyReached">
                    {{quantitySelected}} no carrinho
                    </span>
                    <span class="quantity-error ct-span-error product-min-allocation" :data-pid="pid" v-if="isMinQtyReached &amp;&amp; !isMaxQtyReached">
                    Quantidade mínima atingida
                    </span>
                    </template>
                    </template>
                    </div>
                    <input class="quantity-value-mask d-none" name="quantity" type="number" min="0" value="" tabindex="0">
                    </div>
                    <button type="button" class="add-to-cart button js-add-to-cart js-add-to-cart-tile 7186509 button--primary dynamic-layout-btn" data-toggle="modal" data-target="#chooseBonusProductModal" data-pid="7186509" data-quantity-value="null" aria-label="Carrinho" tabindex="0">
                    <span class="d-block d-sm-none">
                    <span class="svg-wrapper svg-icon-cart" style="width:20px; height:20px">
                    <svg class="svg-inline icon-cart" xmlns="http://www.w3.org/2000/svg" viewBox="0 0 500 500" width="100%" height="100%"><path fill="#EB0203" fill-rule="evenodd" d="M 485.67317,94.386311 C 476.37798,83.847129 463.09468,78.03348 448.30404,78.03348 H 90.690813 L 87.079511,51.327997 C 83.185582,22.539551 62.962285,0 41.011841,0 H 14.727836 C 6.563151,0 0,6.5286975 0,14.580758 c 0,8.05206 6.5945535,14.580758 14.727836,14.580758 h 26.284005 c 4.710398,0 14.696435,9.855222 16.894619,26.021523 L 100.01739,368.0631 c 1.88416,13.77244 9.01256,26.70549 20.1605,36.37417 8.25889,7.15046 18.02511,11.9071 28.26237,13.89679 -4.17655,7.58572 -6.53175,16.25957 -6.53175,25.493 0,29.53459 24.27424,53.59751 54.13815,53.59751 29.8325,0 54.13814,-24.03184 54.13814,-53.59751 0,-8.79818 -2.19818,-17.09897 -5.9979,-24.43598 h 77.12488 c -3.79973,7.33701 -5.96652,15.6378 -5.96652,24.43598 0,29.53459 24.27424,53.59751 54.13817,53.59751 29.83249,0 54.13814,-24.03184 54.13814,-53.59751 0,-8.79818 -2.1982,-17.09897 -5.9979,-24.43598 h 38.56243 c 8.13328,0 14.72783,-6.5287 14.72783,-14.61183 0,-8.02098 -6.59455,-14.54967 -14.72783,-14.54967 H 159.24277 c -14.38241,0 -28.13677,-11.90711 -30.02092,-26.02153 l -3.07746,-22.88154 h 290.6314 c 14.03698,0 27.94834,-5.28513 39.06488,-14.95381 11.11652,-9.6376 18.27632,-22.57065 20.16048,-36.37417 l 21.10259,-156.78201 c 1.94694,-14.51858 -2.10398,-28.29103 -11.43057,-38.861299 z M 220.76053,443.82706 c 0,13.49265 -11.08513,24.46709 -24.68247,24.46709 -13.62874,0 -24.71387,-10.97444 -24.71387,-24.46709 0,-13.49262 11.08513,-24.43598 24.71387,-24.43598 13.59734,0 24.68247,10.94336 24.68247,24.43598 z m 173.43675,0 c 0,13.49265 -11.08512,24.46709 -24.68245,24.46709 -13.62876,0 -24.71388,-10.97444 -24.71388,-24.46709 0,-13.49262 11.08512,-24.43598 24.71388,-24.43598 13.59733,0 24.68245,10.94336 24.68245,24.43598 z m 73.7648,-314.46558 -21.13397,156.782 c -1.88416,14.11442 -15.63851,26.05261 -30.02091,26.05261 H 122.25046 L 94.616142,107.19499 H 448.33544 c 6.18632,0 11.61896,2.2695 15.23028,6.37326 3.64269,4.13484 5.21283,9.73086 4.39636,15.79323 z"></path></svg>
                    </span>
                    </span>
                    <span class="add-to-cart--text d-none d-sm-block">Carrinho</span>
                     </button>
                    </div>
                    </div>
                    </div>
                    </div>
                    
                    <div class="col-12 d-sm-none">
                    </div>
                    </div>
                    </div>
                    </div>
                    </div><div class="pd-tile-wrap slick-slide slick-current slick-active" data-idx="17" style="width: 276px; height: auto;" data-slick-index="16" aria-hidden="false" tabindex="0" role="tabpanel" id="slick-slide016" aria-describedby="slick-slide-control04">
                    
                    <script type="text/javascript">//<!--
                    /* <![CDATA[ */
                    (function(){
                    try {
                        if(window.CQuotient) {
                            var cq_params = {};
                            cq_params.cookieId = window.CQuotient.getCQCookieId();
                            cq_params.userId = window.CQuotient.getCQUserId();
                            cq_params.emailId = CQuotient.getCQHashedEmail();
                            cq_params.loginId = CQuotient.getCQHashedLogin();
                            cq_params.accumulate = true;
                            cq_params.products = [{
                                id: '7566321',
                                sku: '',
                                type: '',
                                alt_id: ''
                            }];
                            cq_params.recommenderName = '__UNDEFINED__';
                            cq_params.realm = "BDVS";
                            cq_params.siteId = "continente";
                            cq_params.instanceType = "prd";
                            cq_params.locale = window.CQuotient.locale;
                            cq_params.slotId = '';
                            cq_params.slotConfigId = '';
                            cq_params.slotConfigTemplate = '';
                            if(window.CQuotient.sendActivity)
                                window.CQuotient.sendActivity( CQuotient.clientId, 'viewReco', cq_params );
                            else
                                window.CQuotient.activities.push( {activityType: 'viewReco', parameters: cq_params} );
                        }
                    } catch(err) {}
                    })();
                    /* ]]> */
                    // -->
                    </script>
                    <script type="text/javascript">//<!--
                    /* <![CDATA[ (viewProduct-active_data.js) */
                    dw.ac._capture({id: "7566321", type: "recommendation"});
                    /* ]]> */
                    // -->
                    </script>
                    <div class="product" data-pid="7566321">
                    <div class="product-tile pid-7566321   ct-product-tile " data-delay-time="3000" data-variants-mapping="[]" data-in-cart-msg="no carrinho" data-one-product-added="Adicionado ao carrinho" data-remove-from-cart-msg="Removido do carrinho" data-stay-open="6000.0" data-product-tile-impression="{&quot;name&quot;:&quot;7566321&quot;,&quot;id&quot;:&quot;7566321&quot;,&quot;price&quot;:1.99,&quot;brand&quot;:&quot;Continente&quot;,&quot;category&quot;:[{&quot;category_level_1&quot;:&quot;Take-Away&quot;},{&quot;category_level_2&quot;:&quot;Saladas, Sandes e Wraps&quot;},{&quot;category_level_3&quot;:&quot;Wraps&quot;}],&quot;variant&quot;:&quot;&quot;}">
                    <div class="ct-inner-tile-wrap row no-gutters justify-content-center align-content-start">
                    
                    <div class="ct-image-container col-4 col-sm" data-confirmation-image="{&quot;url&quot;:&quot;https://www.continente.pt/dw/image/v2/BDVS_PRD/on/demandware.static/-/Sites-col-master-catalog/default/dwc8c9ceba/images/col/756/7566321-frente.jpg?sw=87&amp;sh=80&quot;,&quot;fallbackimage&quot;:{&quot;url&quot;:&quot;https://www.continente.pt/dw/image/v2/BDVS_PRD/on/demandware.static/Sites-continente-Site/-/default/dw7c42b4da/images/noimagelarge_product.png?sw=87&amp;sh=80&quot;,&quot;title&quot;:&quot;Wrap Vegetariano&quot;,&quot;alt&quot;:&quot;Wrap Vegetariano&quot;},&quot;title&quot;:&quot;Wrap Vegetariano&quot;,&quot;alt&quot;:&quot;Wrap Vegetariano&quot;}">
                    <a href="https://www.continente.pt/produto/wrap-vegetariano-continente-7566321.html?cgid=home" tabindex="0">
                    <picture class="intrinsic intrinsic--square">
                    <img class="ct-tile-image lazyloaded" loading="lazy" onerror="this.onerror=null;this.src='/on/demandware.static/Sites-continente-Site/-/default/dw7c42b4da/images/noimagelarge_product.png';" data-src="https://www.continente.pt/dw/image/v2/BDVS_PRD/on/demandware.static/-/Sites-col-master-catalog/default/dwc8c9ceba/images/col/756/7566321-frente.jpg?sw=280&amp;sh=280" alt="Wrap Vegetariano" title="Wrap Vegetariano" src="https://www.continente.pt/dw/image/v2/BDVS_PRD/on/demandware.static/-/Sites-col-master-catalog/default/dwc8c9ceba/images/col/756/7566321-frente.jpg?sw=280&amp;sh=280">
                    </picture>
                    </a>
                    <div class="color-swatches d-flex" style="margin-left: 5px;">
                    <div class="swatches d-flex">
                    </div>
                    </div>
                    </div>
                    <div class="ct-tile-body col col-sm-auto ">
                    <div class="ct-pdp-details">
                    <div class="ct-pdp-link">
                    <a class="ct-tile--description" href="https://www.continente.pt/produto/wrap-vegetariano-continente-7566321.html?cgid=home" tabindex="0">Wrap Vegetariano</a>
                    <div class="ct-tile--favorite-top d-sm-none">
                    <button class="wishlist-toggler guest-mode inactive button button--tertiary" data-pid="7566321" data-add-url="https://www.continente.pt/on/demandware.store/Sites-continente-Site/default/Wishlist-AddProduct?pid=7566321" data-toggle="tooltip" aria-label="Adicionar aos favoritos " data-original-title="Adicionar aos favoritos" data-placement="top" tabindex="0">
                    <svg class="active-content" width="100%" height="100%" viewBox="0 0 20 22" fill="none" xmlns="http://www.w3.org/2000/svg">
                    <path fill-rule="evenodd" clip-rule="evenodd" d="M0 1.53052C0 0.685236 0.692171 0 1.54601 0H15.0736C15.9274 0 16.6196 0.685235 16.6196 1.53052V13.4064L15.8127 13.922L14.2658 14.2658L12.7189 13.4064L10.6054 14.3818C10.4994 14.2451 10.3327 14.157 10.1452 14.157H6.76329C6.4431 14.157 6.18354 14.414 6.18354 14.731C6.18354 15.0479 6.4431 15.3049 6.76329 15.3049H10.1452C10.2478 15.3049 10.3441 15.2785 10.4277 15.2322L10.3126 16.8439L13.2345 20.2793H1.54601C0.69217 20.2793 0 19.5941 0 18.7488V1.53052ZM6.18354 5.5483C6.18354 5.23132 6.4431 4.97436 6.76329 4.97436H12.3676C12.6878 4.97436 12.9473 5.23132 12.9473 5.5483C12.9473 5.86528 12.6878 6.12224 12.3676 6.12224H6.76329C6.4431 6.12224 6.18354 5.86528 6.18354 5.5483ZM6.76329 11.0961C6.4431 11.0961 6.18354 11.3531 6.18354 11.6701C6.18354 11.987 6.4431 12.244 6.76329 12.244H12.3676C12.6878 12.244 12.9473 11.987 12.9473 11.6701C12.9473 11.3531 12.6878 11.0961 12.3676 11.0961H6.76329ZM6.18354 8.60985C6.18354 8.29287 6.4431 8.03591 6.76329 8.03591H12.3676C12.6878 8.03591 12.9473 8.29287 12.9473 8.60985C12.9473 8.92684 12.6878 9.1838 12.3676 9.1838H6.76329C6.4431 9.1838 6.18354 8.92684 6.18354 8.60985ZM3.67118 5.5483C3.67118 5.23132 3.93075 4.97436 4.25093 4.97436H4.63743C4.95762 4.97436 5.21719 5.23132 5.21719 5.5483C5.21719 5.86528 4.95762 6.12224 4.63743 6.12224H4.25093C3.93075 6.12224 3.67118 5.86528 3.67118 5.5483ZM4.25093 11.0961C3.93075 11.0961 3.67118 11.3531 3.67118 11.6701C3.67118 11.987 3.93075 12.244 4.25093 12.244H4.63743C4.95762 12.244 5.21719 11.987 5.21719 11.6701C5.21719 11.3531 4.95762 11.0961 4.63743 11.0961H4.25093ZM3.67118 8.60985C3.67118 8.29287 3.93075 8.03591 4.25093 8.03591H4.63743C4.95762 8.03591 5.21719 8.29287 5.21719 8.60985C5.21719 8.92684 4.95762 9.1838 4.63743 9.1838H4.25093C3.93075 9.1838 3.67118 8.92684 3.67118 8.60985ZM4.25093 14.157C3.93075 14.157 3.67118 14.414 3.67118 14.731C3.67118 15.0479 3.93075 15.3049 4.25093 15.3049H4.63743C4.95762 15.3049 5.21719 15.0479 5.21719 14.731C5.21719 14.414 4.95762 14.157 4.63743 14.157H4.25093Z" fill="#EB0203"></path>
                    <path fill-rule="evenodd" clip-rule="evenodd" d="M14.6252 13.6363C13.4918 12.6215 11.7817 12.5264 10.6569 13.4792C9.12421 14.7764 9.34841 16.8912 10.4409 18.0122L14.0159 21.6742C14.2197 21.8832 14.4928 22 14.7822 22C15.0737 22 15.3448 21.8852 15.5486 21.6762L19.1236 18.0142C20.214 16.8933 20.4423 14.7785 18.9075 13.4792C17.7827 12.5283 16.0724 12.6217 14.9391 13.6365C14.8855 13.6845 14.8331 13.7345 14.7822 13.7866C14.7313 13.7345 14.6789 13.6843 14.6252 13.6363ZM18.1546 14.3522C19.0973 15.1508 18.9962 16.4896 18.2891 17.2173C18.2888 17.2175 18.2886 17.2177 18.2884 17.218L14.7832 20.8084L11.2753 17.2151C11.2752 17.215 11.2751 17.2149 11.2749 17.2148C10.5677 16.4887 10.4678 15.1495 11.4104 14.3518L11.4108 14.3514C12.0745 13.7892 13.2018 13.82 13.9488 14.5846L14.7822 15.4378L15.6157 14.5846C16.3617 13.8211 17.4896 13.79 18.1545 14.3521" fill="#EB0203"></path>
                    </svg>
                    <svg class="inactive-content" width="100%" height="100%" viewBox="0 0 20 23" fill="none" xmlns="http://www.w3.org/2000/svg">
                    <path fill-rule="evenodd" clip-rule="evenodd" d="M6.18408 5.77914C6.18408 5.46223 6.44363 5.20532 6.7638 5.20532H12.3678C12.6879 5.20532 12.9475 5.46223 12.9475 5.77914C12.9475 6.09606 12.6879 6.35297 12.3678 6.35297H6.7638C6.44363 6.35297 6.18408 6.09606 6.18408 5.77914Z" fill="#EB0203"></path>
                    <path fill-rule="evenodd" clip-rule="evenodd" d="M6.18408 11.9034C6.18408 11.5865 6.44363 11.3296 6.7638 11.3296H12.3678C12.6879 11.3296 12.9475 11.5865 12.9475 11.9034C12.9475 12.2202 12.6879 12.4771 12.3678 12.4771H6.7638C6.44363 12.4771 6.18408 12.2202 6.18408 11.9034Z" fill="#EB0203"></path>
                    <path fill-rule="evenodd" clip-rule="evenodd" d="M6.18408 8.84116C6.18408 8.52424 6.44363 8.26733 6.7638 8.26733H12.3678C12.6879 8.26733 12.9475 8.52424 12.9475 8.84116C12.9475 9.15807 12.6879 9.41498 12.3678 9.41498H6.7638C6.44363 9.41498 6.18408 9.15807 6.18408 8.84116Z" fill="#EB0203"></path>
                    <path fill-rule="evenodd" clip-rule="evenodd" d="M6.18408 14.9655C6.18408 14.6486 6.44363 14.3917 6.7638 14.3917H10.1455C10.4657 14.3917 10.7252 14.6486 10.7252 14.9655C10.7252 15.2825 10.4657 15.5394 10.1455 15.5394H6.7638C6.44363 15.5394 6.18408 15.2825 6.18408 14.9655Z" fill="#EB0203"></path>
                    <path fill-rule="evenodd" clip-rule="evenodd" d="M3.67139 5.77914C3.67139 5.46223 3.93094 5.20532 4.25111 5.20532H4.63759C4.95776 5.20532 5.21731 5.46223 5.21731 5.77914C5.21731 6.09606 4.95776 6.35297 4.63759 6.35297H4.25111C3.93094 6.35297 3.67139 6.09606 3.67139 5.77914Z" fill="#EB0203"></path>
                    <path fill-rule="evenodd" clip-rule="evenodd" d="M3.67139 11.9034C3.67139 11.5865 3.93094 11.3296 4.25111 11.3296H4.63759C4.95776 11.3296 5.21731 11.5865 5.21731 11.9034C5.21731 12.2202 4.95776 12.4771 4.63759 12.4771H4.25111C3.93094 12.4771 3.67139 12.2202 3.67139 11.9034Z" fill="#EB0203"></path>
                    <path fill-rule="evenodd" clip-rule="evenodd" d="M3.67139 8.84116C3.67139 8.52424 3.93094 8.26733 4.25111 8.26733H4.63759C4.95776 8.26733 5.21731 8.52424 5.21731 8.84116C5.21731 9.15807 4.95776 9.41498 4.63759 9.41498H4.25111C3.93094 9.41498 3.67139 9.15807 3.67139 8.84116Z" fill="#EB0203"></path>
                    <path fill-rule="evenodd" clip-rule="evenodd" d="M3.67139 14.9655C3.67139 14.6486 3.93094 14.3917 4.25111 14.3917H4.63759C4.95776 14.3917 5.21731 14.6486 5.21731 14.9655C5.21731 15.2825 4.95776 15.5394 4.63759 15.5394H4.25111C3.93094 15.5394 3.67139 15.2825 3.67139 14.9655Z" fill="#EB0203"></path>
                    <path fill-rule="evenodd" clip-rule="evenodd" d="M0 1.76033C0 0.914738 0.692131 0.229248 1.54592 0.229248H15.0727C15.9265 0.229248 16.6186 0.914738 16.6186 1.76033V11.2818C16.6186 11.5989 16.3591 11.8559 16.0389 11.8559C15.7187 11.8559 15.4592 11.5989 15.4592 11.2818V1.76033C15.4592 1.54893 15.2862 1.37756 15.0727 1.37756H1.54592C1.33247 1.37756 1.15944 1.54893 1.15944 1.76033V18.985C1.15944 19.1964 1.33247 19.3678 1.54592 19.3678H9.27551C9.59568 19.3678 9.85523 19.6249 9.85523 19.942C9.85523 20.2591 9.59568 20.5161 9.27551 20.5161H1.54592C0.692131 20.5161 0 19.8306 0 18.985V1.76033Z" fill="#EB0203"></path>
                    <path fill-rule="evenodd" clip-rule="evenodd" d="M14.6254 13.8718C13.4921 12.8567 11.7821 12.7615 10.6574 13.7147C9.12472 15.0124 9.34891 17.128 10.4413 18.2493L14.0161 21.9126C14.2199 22.1217 14.493 22.2386 14.7824 22.2386C15.0739 22.2386 15.3449 22.1238 15.5487 21.9147L19.1235 18.2514C20.2139 17.13 20.4422 15.0144 18.9075 13.7147C17.7827 12.7634 16.0726 12.8569 14.9392 13.872C14.8856 13.92 14.8333 13.9701 14.7824 14.0222C14.7314 13.97 14.6791 13.9199 14.6254 13.8718ZM18.1546 14.588C19.0972 15.3869 18.9961 16.7262 18.2891 17.4541C18.2888 17.4543 18.2886 17.4546 18.2884 17.4548L14.7834 21.0466L11.2757 17.452C11.2756 17.4519 11.2755 17.4517 11.2753 17.4516C10.5681 16.7252 10.4682 15.3856 11.4108 14.5876L11.4112 14.5872C12.0748 14.0248 13.202 14.0556 13.949 14.8205L14.7824 15.674L15.6158 14.8205C16.3618 14.0567 17.4896 14.0256 18.1545 14.5879" fill="#EB0203"></path>
                    </svg>
                    </button>
                    </div>
                    </div>
                    <p class="ct-tile--brand">Continente</p>
                    <p class="ct-tile--quantity">emb. 183 gr</p>
                    </div>
                    <div class="ct-tile-bottom row no-gutters justify-content-between">
                    <div class="ct-price-wrap col-8 col-sm-12">
                    <div class="price js-product-price">
                    <div class="prices-wrapper">
                    <span class="sales ct-tile--price-primary ">
                    <span class="value" content="1.99">
                    <span class="ct-price-formatted">
                    €1,99
                    </span>
                    <span class="ct-m-unit">
                    /un
                    </span>
                    </span>
                    </span>
                    </div>
                    <div class="ct-tile--price-secondary">
                    <span class="ct-price-value">
                    €10,87
                    </span>
                    <span class="ct-m-unit">
                    /kg
                    </span>
                    </div>
                    </div>
                    </div>
                    <div class="ct-tile-buy-section d-flex justify-content-center no-gutters col-auto col-sm-12">
                    <div class="col-2 d-sm-flex d-none">
                    <button class="wishlist-toggler guest-mode inactive button button--tertiary" data-pid="7566321" data-add-url="https://www.continente.pt/on/demandware.store/Sites-continente-Site/default/Wishlist-AddProduct?pid=7566321" data-toggle="tooltip" aria-label="Adicionar aos favoritos " data-original-title="Adicionar aos favoritos" data-placement="top" tabindex="0">
                    <svg class="active-content" width="100%" height="100%" viewBox="0 0 20 22" fill="none" xmlns="http://www.w3.org/2000/svg">
                    <path fill-rule="evenodd" clip-rule="evenodd" d="M0 1.53052C0 0.685236 0.692171 0 1.54601 0H15.0736C15.9274 0 16.6196 0.685235 16.6196 1.53052V13.4064L15.8127 13.922L14.2658 14.2658L12.7189 13.4064L10.6054 14.3818C10.4994 14.2451 10.3327 14.157 10.1452 14.157H6.76329C6.4431 14.157 6.18354 14.414 6.18354 14.731C6.18354 15.0479 6.4431 15.3049 6.76329 15.3049H10.1452C10.2478 15.3049 10.3441 15.2785 10.4277 15.2322L10.3126 16.8439L13.2345 20.2793H1.54601C0.69217 20.2793 0 19.5941 0 18.7488V1.53052ZM6.18354 5.5483C6.18354 5.23132 6.4431 4.97436 6.76329 4.97436H12.3676C12.6878 4.97436 12.9473 5.23132 12.9473 5.5483C12.9473 5.86528 12.6878 6.12224 12.3676 6.12224H6.76329C6.4431 6.12224 6.18354 5.86528 6.18354 5.5483ZM6.76329 11.0961C6.4431 11.0961 6.18354 11.3531 6.18354 11.6701C6.18354 11.987 6.4431 12.244 6.76329 12.244H12.3676C12.6878 12.244 12.9473 11.987 12.9473 11.6701C12.9473 11.3531 12.6878 11.0961 12.3676 11.0961H6.76329ZM6.18354 8.60985C6.18354 8.29287 6.4431 8.03591 6.76329 8.03591H12.3676C12.6878 8.03591 12.9473 8.29287 12.9473 8.60985C12.9473 8.92684 12.6878 9.1838 12.3676 9.1838H6.76329C6.4431 9.1838 6.18354 8.92684 6.18354 8.60985ZM3.67118 5.5483C3.67118 5.23132 3.93075 4.97436 4.25093 4.97436H4.63743C4.95762 4.97436 5.21719 5.23132 5.21719 5.5483C5.21719 5.86528 4.95762 6.12224 4.63743 6.12224H4.25093C3.93075 6.12224 3.67118 5.86528 3.67118 5.5483ZM4.25093 11.0961C3.93075 11.0961 3.67118 11.3531 3.67118 11.6701C3.67118 11.987 3.93075 12.244 4.25093 12.244H4.63743C4.95762 12.244 5.21719 11.987 5.21719 11.6701C5.21719 11.3531 4.95762 11.0961 4.63743 11.0961H4.25093ZM3.67118 8.60985C3.67118 8.29287 3.93075 8.03591 4.25093 8.03591H4.63743C4.95762 8.03591 5.21719 8.29287 5.21719 8.60985C5.21719 8.92684 4.95762 9.1838 4.63743 9.1838H4.25093C3.93075 9.1838 3.67118 8.92684 3.67118 8.60985ZM4.25093 14.157C3.93075 14.157 3.67118 14.414 3.67118 14.731C3.67118 15.0479 3.93075 15.3049 4.25093 15.3049H4.63743C4.95762 15.3049 5.21719 15.0479 5.21719 14.731C5.21719 14.414 4.95762 14.157 4.63743 14.157H4.25093Z" fill="#EB0203"></path>
                    <path fill-rule="evenodd" clip-rule="evenodd" d="M14.6252 13.6363C13.4918 12.6215 11.7817 12.5264 10.6569 13.4792C9.12421 14.7764 9.34841 16.8912 10.4409 18.0122L14.0159 21.6742C14.2197 21.8832 14.4928 22 14.7822 22C15.0737 22 15.3448 21.8852 15.5486 21.6762L19.1236 18.0142C20.214 16.8933 20.4423 14.7785 18.9075 13.4792C17.7827 12.5283 16.0724 12.6217 14.9391 13.6365C14.8855 13.6845 14.8331 13.7345 14.7822 13.7866C14.7313 13.7345 14.6789 13.6843 14.6252 13.6363ZM18.1546 14.3522C19.0973 15.1508 18.9962 16.4896 18.2891 17.2173C18.2888 17.2175 18.2886 17.2177 18.2884 17.218L14.7832 20.8084L11.2753 17.2151C11.2752 17.215 11.2751 17.2149 11.2749 17.2148C10.5677 16.4887 10.4678 15.1495 11.4104 14.3518L11.4108 14.3514C12.0745 13.7892 13.2018 13.82 13.9488 14.5846L14.7822 15.4378L15.6157 14.5846C16.3617 13.8211 17.4896 13.79 18.1545 14.3521" fill="#EB0203"></path>
                    </svg>
                    <svg class="inactive-content" width="100%" height="100%" viewBox="0 0 20 23" fill="none" xmlns="http://www.w3.org/2000/svg">
                    <path fill-rule="evenodd" clip-rule="evenodd" d="M6.18408 5.77914C6.18408 5.46223 6.44363 5.20532 6.7638 5.20532H12.3678C12.6879 5.20532 12.9475 5.46223 12.9475 5.77914C12.9475 6.09606 12.6879 6.35297 12.3678 6.35297H6.7638C6.44363 6.35297 6.18408 6.09606 6.18408 5.77914Z" fill="#EB0203"></path>
                    <path fill-rule="evenodd" clip-rule="evenodd" d="M6.18408 11.9034C6.18408 11.5865 6.44363 11.3296 6.7638 11.3296H12.3678C12.6879 11.3296 12.9475 11.5865 12.9475 11.9034C12.9475 12.2202 12.6879 12.4771 12.3678 12.4771H6.7638C6.44363 12.4771 6.18408 12.2202 6.18408 11.9034Z" fill="#EB0203"></path>
                    <path fill-rule="evenodd" clip-rule="evenodd" d="M6.18408 8.84116C6.18408 8.52424 6.44363 8.26733 6.7638 8.26733H12.3678C12.6879 8.26733 12.9475 8.52424 12.9475 8.84116C12.9475 9.15807 12.6879 9.41498 12.3678 9.41498H6.7638C6.44363 9.41498 6.18408 9.15807 6.18408 8.84116Z" fill="#EB0203"></path>
                    <path fill-rule="evenodd" clip-rule="evenodd" d="M6.18408 14.9655C6.18408 14.6486 6.44363 14.3917 6.7638 14.3917H10.1455C10.4657 14.3917 10.7252 14.6486 10.7252 14.9655C10.7252 15.2825 10.4657 15.5394 10.1455 15.5394H6.7638C6.44363 15.5394 6.18408 15.2825 6.18408 14.9655Z" fill="#EB0203"></path>
                    <path fill-rule="evenodd" clip-rule="evenodd" d="M3.67139 5.77914C3.67139 5.46223 3.93094 5.20532 4.25111 5.20532H4.63759C4.95776 5.20532 5.21731 5.46223 5.21731 5.77914C5.21731 6.09606 4.95776 6.35297 4.63759 6.35297H4.25111C3.93094 6.35297 3.67139 6.09606 3.67139 5.77914Z" fill="#EB0203"></path>
                    <path fill-rule="evenodd" clip-rule="evenodd" d="M3.67139 11.9034C3.67139 11.5865 3.93094 11.3296 4.25111 11.3296H4.63759C4.95776 11.3296 5.21731 11.5865 5.21731 11.9034C5.21731 12.2202 4.95776 12.4771 4.63759 12.4771H4.25111C3.93094 12.4771 3.67139 12.2202 3.67139 11.9034Z" fill="#EB0203"></path>
                    <path fill-rule="evenodd" clip-rule="evenodd" d="M3.67139 8.84116C3.67139 8.52424 3.93094 8.26733 4.25111 8.26733H4.63759C4.95776 8.26733 5.21731 8.52424 5.21731 8.84116C5.21731 9.15807 4.95776 9.41498 4.63759 9.41498H4.25111C3.93094 9.41498 3.67139 9.15807 3.67139 8.84116Z" fill="#EB0203"></path>
                    <path fill-rule="evenodd" clip-rule="evenodd" d="M3.67139 14.9655C3.67139 14.6486 3.93094 14.3917 4.25111 14.3917H4.63759C4.95776 14.3917 5.21731 14.6486 5.21731 14.9655C5.21731 15.2825 4.95776 15.5394 4.63759 15.5394H4.25111C3.93094 15.5394 3.67139 15.2825 3.67139 14.9655Z" fill="#EB0203"></path>
                    <path fill-rule="evenodd" clip-rule="evenodd" d="M0 1.76033C0 0.914738 0.692131 0.229248 1.54592 0.229248H15.0727C15.9265 0.229248 16.6186 0.914738 16.6186 1.76033V11.2818C16.6186 11.5989 16.3591 11.8559 16.0389 11.8559C15.7187 11.8559 15.4592 11.5989 15.4592 11.2818V1.76033C15.4592 1.54893 15.2862 1.37756 15.0727 1.37756H1.54592C1.33247 1.37756 1.15944 1.54893 1.15944 1.76033V18.985C1.15944 19.1964 1.33247 19.3678 1.54592 19.3678H9.27551C9.59568 19.3678 9.85523 19.6249 9.85523 19.942C9.85523 20.2591 9.59568 20.5161 9.27551 20.5161H1.54592C0.692131 20.5161 0 19.8306 0 18.985V1.76033Z" fill="#EB0203"></path>
                    <path fill-rule="evenodd" clip-rule="evenodd" d="M14.6254 13.8718C13.4921 12.8567 11.7821 12.7615 10.6574 13.7147C9.12472 15.0124 9.34891 17.128 10.4413 18.2493L14.0161 21.9126C14.2199 22.1217 14.493 22.2386 14.7824 22.2386C15.0739 22.2386 15.3449 22.1238 15.5487 21.9147L19.1235 18.2514C20.2139 17.13 20.4422 15.0144 18.9075 13.7147C17.7827 12.7634 16.0726 12.8569 14.9392 13.872C14.8856 13.92 14.8333 13.9701 14.7824 14.0222C14.7314 13.97 14.6791 13.9199 14.6254 13.8718ZM18.1546 14.588C19.0972 15.3869 18.9961 16.7262 18.2891 17.4541C18.2888 17.4543 18.2886 17.4546 18.2884 17.4548L14.7834 21.0466L11.2757 17.452C11.2756 17.4519 11.2755 17.4517 11.2753 17.4516C10.5681 16.7252 10.4682 15.3856 11.4108 14.5876L11.4112 14.5872C12.0748 14.0248 13.202 14.0556 13.949 14.8205L14.7824 15.674L15.6158 14.8205C16.3618 14.0567 17.4896 14.0256 18.1545 14.5879" fill="#EB0203"></path>
                    </svg>
                    </button>
                    </div>
                    <div class="col-sm-10 col-12">
                    <div class="ct-tile-quantity d-none" data-pid="7566321">
                    <input type="hidden" class="add-to-cart-url" value="https://www.continente.pt/on/demandware.store/Sites-continente-Site/default/Cart-AddProduct" tabindex="0">
                    <div class="d-none tile-delete-confirmation-btn" data-pid="7566321" data-delay-time="3000" data-in-cart-msg="no carrinho" data-one-product-added="Adicionado ao carrinho" data-remove-from-cart-msg="Removido do carrinho" data-stay-open="6000.0" data-confirmation-image="{&quot;url&quot;:&quot;https://www.continente.pt/dw/image/v2/BDVS_PRD/on/demandware.static/-/Sites-col-master-catalog/default/dwc8c9ceba/images/col/756/7566321-frente.jpg?sw=87&amp;sh=80&quot;,&quot;fallbackimage&quot;:{&quot;url&quot;:&quot;https://www.continente.pt/dw/image/v2/BDVS_PRD/on/demandware.static/Sites-continente-Site/-/default/dw7c42b4da/images/noimagelarge_product.png?sw=87&amp;sh=80&quot;,&quot;title&quot;:&quot;Wrap Vegetariano&quot;,&quot;alt&quot;:&quot;Wrap Vegetariano&quot;},&quot;title&quot;:&quot;Wrap Vegetariano&quot;,&quot;alt&quot;:&quot;Wrap Vegetariano&quot;}"></div>
                    <div class="ct-tile-quantity-update quantity-update product-qty-vue" data-remove-action="https://www.continente.pt/on/demandware.store/Sites-continente-Site/default/Cart-RemoveProductLineItem" data-action="https://www.continente.pt/on/demandware.store/Sites-continente-Site/default/Cart-UpdateQuantity" data-dimension-update="https://www.continente.pt/on/demandware.store/Sites-continente-Site/default/Cart-DimensionUpdate" data-pid="7566321" data-uuid="84cb156da045e9999ea231857d" data-add-delay="500.0" data-measure-options="{&quot;hasConversionRate&quot;:false,&quot;hasAlternativeSaleUnit&quot;:false,&quot;unitConversionRate&quot;:null,&quot;minOrderQuantity&quot;:1,&quot;stepQuantity&quot;:1,&quot;primaryunit&quot;:&quot;un&quot;,&quot;secondaryunit&quot;:&quot;kg&quot;,&quot;selectedunit&quot;:&quot;primary&quot;,&quot;maxNumberOfUnitsPerSale&quot;:50}" data-price-available="null" :data-has-error="isMaxQtyReached || isMinQtyReached || qtySelectedMoreThanOne">
                    <template v-show="prodUnits">
                    <div class="quantity-input-wrapper has-units">
                    <label class="visually-hidden" :for="'quantity-' + pid + additionalTag">
                    Quantidade no carrinho
                    </label>
                    <input :ref="'quantityInput-' + pid + additionalTag" class="add-to-cart-quantity form-control ct-form-input text-center" inputmode="numeric" :class="{'is-invalid': isInvalid}" :data-pid="pid + additionalTag" :name="'quantity-' + pid + additionalTag" type="text" aria-label="Insira a quantidade" title="" v-model="displayValue" @change="updateQuantity" @focus="updateQtyFormat" @blur="restoreQtyFormat" :disabled="!isPriceAvailable">
                    <span class="quantity-icon quantity-icon--minus">
                    <button class="decrease-quantity-btn" @click="updateQuantity" :disabled="!isPriceAvailable" role="button" aria-label="Reduzir quantidade">
                    <i class="css-math-minus"></i>
                    </button>
                    </span>
                    <span class="quantity-icon quantity-icon--plus">
                    <button class="increase-quantity-btn" @click="updateQuantity" :disabled="isMaxQtyReached || !isPriceAvailable" role="button" aria-label="Aumentar quantidade">
                    <i class="css-math-plus"></i>
                    </button>
                    <span class="quantity-btn-disabled-placeholder"></span>
                    </span>
                    <template v-if="isPDP">
                    <span class="quantity-error ct-span-error text-sm-center product-max-allocation" v-if="isMaxQtyReached">
                    Quantidade máxima atingida
                    </span>
                    <span class="quantity-error ct-span-product text-sm-center product-allocation" v-if="!isMinQtyReached &amp;&amp; !isMaxQtyReached">
                    {{quantitySelected}} no carrinho
                    </span>
                    <span class="quantity-error ct-span-error text-sm-center product-min-allocation" :data-pid="pid" v-if="isMinQtyReached &amp;&amp; !isMaxQtyReached">
                    Quantidade mínima atingida
                    </span>
                    </template>
                    </div>
                    <template v-if="showNotes">
                    <div class="add-note-link-container ">
                    <div class="add-note">
                    <a href="/produto/wrap-vegetariano-continente-7566321.html?showNote=true" class="ct-add-note-redirect-pdp" aria-label="Adicionar comentário">
                    <span class="svg-wrapper svg-icon-notes" style="width:19px; height:20px">
                    <svg class="svg-inline icon-notes" viewBox="0 0 28 30" xmlns="http://www.w3.org/2000/svg" width="100%" height="100%"><path d="M21.738 0C22.985 0 24 1.04 24 2.319V12.47c0 .469-.37.848-.828.848-.457 0-.827-.38-.827-.848V2.32c0-.343-.273-.622-.607-.622H2.262c-.334 0-.607.279-.607.622V27.68c0 .343.273.622.607.622h7.81c.457 0 .827.38.827.849 0 .468-.37.848-.827.848h-7.81C1.015 30 0 28.96 0 27.681V2.32C0 1.04 1.015 0 2.262 0h19.476zm2.844 16.004l.227.007c.823.053 1.589.39 2.176.964.64.627.993 1.46.993 2.349 0 .888-.353 1.722-.993 2.348l-6.83 6.665c-.11.108-.247.186-.397.226l-5.032 1.363c-.078.021-.16.032-.241.032-.242 0-.478-.097-.647-.266-.23-.231-.314-.566-.218-.874l1.49-4.798c.044-.139.122-.266.227-.369l6.844-6.677c.64-.625 1.493-.97 2.401-.97zm-2.886 3.94l-4.922 4.802-.947 3.048 3.22-.872 4.897-4.78-2.248-2.197zm2.887-2.174c-.425 0-.824.162-1.124.455l-.484.472 2.248 2.197.484-.472c.62-.606.62-1.591 0-2.197l-.117-.104c-.283-.227-.636-.35-1.007-.35zm-10.839.022c.498 0 .904.396.904.883 0 .488-.406.884-.904.884H5.946c-.499 0-.904-.396-.904-.884 0-.487.405-.883.904-.883zm5.042-4.876c.498 0 .904.397.904.884s-.406.884-.904.884H5.946c-.499 0-.904-.397-.904-.884s.405-.884.904-.884zm0-4.875c.498 0 .904.396.904.884 0 .487-.406.883-.904.883H5.946c-.499 0-.904-.396-.904-.883 0-.488.405-.884.904-.884z" fill="#EB0203" fill-rule="evenodd"></path></svg>
                    </span>
                    <div class="available-note d-none"></div>
                    </a>
                    </div>
                    </div>
                    </template>
                    <div class="measurement-unit-section" v-if="isPriceAvailable &amp;&amp; prodUnits ? prodUnits.hasAlternativeUnit : false">
                    <div class="ct-form-radio" @click="setDimension">
                    <input type="radio" title="" class="ct-form-check-input product-measurement-unit" :data-type="prodUnits.selectedUnit == prodUnits.secondaryUnit ? 'primary' : ''" :id="prodUnits.secondaryUnit + '-' + pid + '-measurement-unit-ptile' + additionalTag" :name="'measurement-unit-' + pid + '-ptile' + additionalTag" :value="prodUnits.secondaryUnit" v-model="prodUnits.selectedUnit">
                    <label :class="prodUnits.secondaryUnit + '-label ct-form-check-label mb-0'" :for="prodUnits.secondaryUnit + '-' + pid + '-measurement-unit-ptile' + additionalTag">
                    {{prodUnits.secondaryUnit}}
                    </label>
                    <span class="checkmark"></span>
                    </div>
                    <div class="ct-form-radio" @click="setDimension">
                    <input type="radio" title="" class="ct-form-check-input product-measurement-unit" :data-type="prodUnits.selectedUnit == prodUnits.primaryUnit ? 'primary' : ''" :id="prodUnits.primaryUnit + '-' + pid + '-measurement-unit-ptile' + additionalTag" :name="'measurement-unit-' + pid + '-ptile' + additionalTag" :value="prodUnits.primaryUnit" v-model="prodUnits.selectedUnit">
                    <label :class="prodUnits.primaryUnit + '-label ct-form-check-label mb-0'" :for="prodUnits.primaryUnit + '-' + pid + '-measurement-unit-ptile' + additionalTag">
                    {{prodUnits.primaryUnit}}
                    </label>
                    <span class="checkmark"></span>
                    </div>
                    </div>
                    <template v-if="!isPDP &amp;&amp; isPriceAvailable">
                    <span class="quantity-error ct-span-error product-max-allocation" v-if="isMaxQtyReached">
                    Quantidade máxima atingida
                    </span>
                    <span class="quantity-error ct-span-product product-allocation" v-if="!isMinQtyReached &amp;&amp; !isMaxQtyReached">
                    {{quantitySelected}} no carrinho
                    </span>
                    <span class="quantity-error ct-span-error product-min-allocation" :data-pid="pid" v-if="isMinQtyReached &amp;&amp; !isMaxQtyReached">
                    Quantidade mínima atingida
                    </span>
                    </template>
                    </template>
                    </div>
                    <input class="quantity-value-mask d-none" name="quantity" type="number" min="0" value="" tabindex="0">
                    </div>
                    <button type="button" class="add-to-cart button js-add-to-cart js-add-to-cart-tile 7566321 button--primary dynamic-layout-btn" data-toggle="modal" data-target="#chooseBonusProductModal" data-pid="7566321" data-quantity-value="null" aria-label="Carrinho" tabindex="0">
                    <span class="d-block d-sm-none">
                    <span class="svg-wrapper svg-icon-cart" style="width:20px; height:20px">
                    <svg class="svg-inline icon-cart" xmlns="http://www.w3.org/2000/svg" viewBox="0 0 500 500" width="100%" height="100%"><path fill="#EB0203" fill-rule="evenodd" d="M 485.67317,94.386311 C 476.37798,83.847129 463.09468,78.03348 448.30404,78.03348 H 90.690813 L 87.079511,51.327997 C 83.185582,22.539551 62.962285,0 41.011841,0 H 14.727836 C 6.563151,0 0,6.5286975 0,14.580758 c 0,8.05206 6.5945535,14.580758 14.727836,14.580758 h 26.284005 c 4.710398,0 14.696435,9.855222 16.894619,26.021523 L 100.01739,368.0631 c 1.88416,13.77244 9.01256,26.70549 20.1605,36.37417 8.25889,7.15046 18.02511,11.9071 28.26237,13.89679 -4.17655,7.58572 -6.53175,16.25957 -6.53175,25.493 0,29.53459 24.27424,53.59751 54.13815,53.59751 29.8325,0 54.13814,-24.03184 54.13814,-53.59751 0,-8.79818 -2.19818,-17.09897 -5.9979,-24.43598 h 77.12488 c -3.79973,7.33701 -5.96652,15.6378 -5.96652,24.43598 0,29.53459 24.27424,53.59751 54.13817,53.59751 29.83249,0 54.13814,-24.03184 54.13814,-53.59751 0,-8.79818 -2.1982,-17.09897 -5.9979,-24.43598 h 38.56243 c 8.13328,0 14.72783,-6.5287 14.72783,-14.61183 0,-8.02098 -6.59455,-14.54967 -14.72783,-14.54967 H 159.24277 c -14.38241,0 -28.13677,-11.90711 -30.02092,-26.02153 l -3.07746,-22.88154 h 290.6314 c 14.03698,0 27.94834,-5.28513 39.06488,-14.95381 11.11652,-9.6376 18.27632,-22.57065 20.16048,-36.37417 l 21.10259,-156.78201 c 1.94694,-14.51858 -2.10398,-28.29103 -11.43057,-38.861299 z M 220.76053,443.82706 c 0,13.49265 -11.08513,24.46709 -24.68247,24.46709 -13.62874,0 -24.71387,-10.97444 -24.71387,-24.46709 0,-13.49262 11.08513,-24.43598 24.71387,-24.43598 13.59734,0 24.68247,10.94336 24.68247,24.43598 z m 173.43675,0 c 0,13.49265 -11.08512,24.46709 -24.68245,24.46709 -13.62876,0 -24.71388,-10.97444 -24.71388,-24.46709 0,-13.49262 11.08512,-24.43598 24.71388,-24.43598 13.59733,0 24.68245,10.94336 24.68245,24.43598 z m 73.7648,-314.46558 -21.13397,156.782 c -1.88416,14.11442 -15.63851,26.05261 -30.02091,26.05261 H 122.25046 L 94.616142,107.19499 H 448.33544 c 6.18632,0 11.61896,2.2695 15.23028,6.37326 3.64269,4.13484 5.21283,9.73086 4.39636,15.79323 z"></path></svg>
                    </span>
                    </span>
                    <span class="add-to-cart--text d-none d-sm-block">Carrinho</span>
                    </button>
                    </div>
                    </div>
                    </div>
                    </div>
                    
                    <div class="col-12 d-sm-none">
                    </div>
                    </div>
                    </div>
                    </div>
                    </div><div class="pd-tile-wrap slick-slide slick-cloned" data-idx="1" style="width: 276px; height: auto;" data-slick-index="17" id="" aria-hidden="true" tabindex="-1">
                    
                    <script type="text/javascript">//<!--
                    /* <![CDATA[ */
                    (function(){
                    try {
                        if(window.CQuotient) {
                            var cq_params = {};
                            cq_params.cookieId = window.CQuotient.getCQCookieId();
                            cq_params.userId = window.CQuotient.getCQUserId();
                            cq_params.emailId = CQuotient.getCQHashedEmail();
                            cq_params.loginId = CQuotient.getCQHashedLogin();
                            cq_params.accumulate = true;
                            cq_params.products = [{
                                id: '4297266',
                                sku: '',
                                type: '',
                                alt_id: ''
                            }];
                            cq_params.recommenderName = '__UNDEFINED__';
                            cq_params.realm = "BDVS";
                            cq_params.siteId = "continente";
                            cq_params.instanceType = "prd";
                            cq_params.locale = window.CQuotient.locale;
                            cq_params.slotId = '';
                            cq_params.slotConfigId = '';
                            cq_params.slotConfigTemplate = '';
                            if(window.CQuotient.sendActivity)
                                window.CQuotient.sendActivity( CQuotient.clientId, 'viewReco', cq_params );
                            else
                                window.CQuotient.activities.push( {activityType: 'viewReco', parameters: cq_params} );
                        }
                    } catch(err) {}
                    })();
                    /* ]]> */
                    // -->
                    </script>
                    <script type="text/javascript">//<!--
                    /* <![CDATA[ (viewProduct-active_data.js) */
                    dw.ac._capture({id: "4297266", type: "recommendation"});
                    /* ]]> */
                    // -->
                    </script>
                    <div class="product" data-pid="4297266">
                    <div class="product-tile pid-4297266   ct-product-tile " data-delay-time="3000" data-variants-mapping="[]" data-in-cart-msg="no carrinho" data-one-product-added="Adicionado ao carrinho" data-remove-from-cart-msg="Removido do carrinho" data-stay-open="6000.0" data-product-tile-impression="{&quot;name&quot;:&quot;4297266&quot;,&quot;id&quot;:&quot;4297266&quot;,&quot;price&quot;:0.79,&quot;brand&quot;:&quot;Continente Fácil &amp; Bom&quot;,&quot;category&quot;:[{&quot;category_level_1&quot;:&quot;Padaria e Pastelaria&quot;},{&quot;category_level_2&quot;:&quot;Massas para Culinária&quot;}],&quot;variant&quot;:&quot;&quot;}">
                    <div class="ct-inner-tile-wrap row no-gutters justify-content-center align-content-start">
                    <div class="ct-product-tile-badge ct-product-tile-badge--promotional">
                    <img class="img-fluid lazyloaded" loading="lazy" data-src="https://www.continente.pt/dw/image/v2/BDVS_PRD/on/demandware.static/-/Sites-continente-Library/default/dw7e91cd4a/images/badges/superprice/col/superprice.png?sw=60&amp;sh=42" alt="Desconto Imediato: 20%" title="Desconto Imediato: 20%" src="https://www.continente.pt/dw/image/v2/BDVS_PRD/on/demandware.static/-/Sites-continente-Library/default/dw7e91cd4a/images/badges/superprice/col/superprice.png?sw=60&amp;sh=42">
                    <div class="ct-product-tile-badge-value-wrapper ct-product-tile-badge-value-wrapper--superprice  ">
                    <span class="ct-product-tile-badge-value--superprice">
                    20
                    </span>
                    <span class="ct-product-tile-badge-value--superprice-quantifier ">
                    %
                    </span>
                    </div>
                    </div>
                    
                    <div class="ct-image-container col-4 col-sm" data-confirmation-image="{&quot;url&quot;:&quot;https://www.continente.pt/dw/image/v2/BDVS_PRD/on/demandware.static/-/Sites-col-master-catalog/default/dwa8b7847d/images/col/429/4297266-frente.jpg?sw=87&amp;sh=80&quot;,&quot;fallbackimage&quot;:{&quot;url&quot;:&quot;https://www.continente.pt/dw/image/v2/BDVS_PRD/on/demandware.static/Sites-continente-Site/-/default/dw7c42b4da/images/noimagelarge_product.png?sw=87&amp;sh=80&quot;,&quot;title&quot;:&quot;Massa Quebrada&quot;,&quot;alt&quot;:&quot;Massa Quebrada&quot;},&quot;title&quot;:&quot;Massa Quebrada&quot;,&quot;alt&quot;:&quot;Massa Quebrada&quot;}">
                    <a href="https://www.continente.pt/produto/massa-quebrada-continente-facil-bom-4297266.html?cgid=home" tabindex="-1">
                    <picture class="intrinsic intrinsic--square">
                    <img class="ct-tile-image lazyloaded" loading="lazy" onerror="this.onerror=null;this.src='/on/demandware.static/Sites-continente-Site/-/default/dw7c42b4da/images/noimagelarge_product.png';" data-src="https://www.continente.pt/dw/image/v2/BDVS_PRD/on/demandware.static/-/Sites-col-master-catalog/default/dwa8b7847d/images/col/429/4297266-frente.jpg?sw=280&amp;sh=280" alt="Massa Quebrada" title="Massa Quebrada" src="https://www.continente.pt/dw/image/v2/BDVS_PRD/on/demandware.static/-/Sites-col-master-catalog/default/dwa8b7847d/images/col/429/4297266-frente.jpg?sw=280&amp;sh=280">
                    </picture>
                    </a>
                    <div class="color-swatches d-flex" style="margin-left: 5px;">
                    <div class="swatches d-flex">
                    </div>
                    </div>
                    </div>
                    <div class="ct-tile-body col col-sm-auto ">
                    <div class="ct-pdp-details">
                    <div class="ct-pdp-link">
                    <a class="ct-tile--description" href="https://www.continente.pt/produto/massa-quebrada-continente-facil-bom-4297266.html?cgid=home" tabindex="-1">Massa Quebrada</a>
                    <div class="ct-tile--favorite-top d-sm-none">
                    
                    <button class="wishlist-toggler guest-mode inactive button button--tertiary" data-pid="4297266" data-add-url="https://www.continente.pt/on/demandware.store/Sites-continente-Site/default/Wishlist-AddProduct?pid=4297266" data-toggle="tooltip" aria-label="Adicionar aos favoritos " data-original-title="Adicionar aos favoritos" data-placement="top" tabindex="-1">
                    <svg class="active-content" width="100%" height="100%" viewBox="0 0 20 22" fill="none" xmlns="http://www.w3.org/2000/svg">
                    <path fill-rule="evenodd" clip-rule="evenodd" d="M0 1.53052C0 0.685236 0.692171 0 1.54601 0H15.0736C15.9274 0 16.6196 0.685235 16.6196 1.53052V13.4064L15.8127 13.922L14.2658 14.2658L12.7189 13.4064L10.6054 14.3818C10.4994 14.2451 10.3327 14.157 10.1452 14.157H6.76329C6.4431 14.157 6.18354 14.414 6.18354 14.731C6.18354 15.0479 6.4431 15.3049 6.76329 15.3049H10.1452C10.2478 15.3049 10.3441 15.2785 10.4277 15.2322L10.3126 16.8439L13.2345 20.2793H1.54601C0.69217 20.2793 0 19.5941 0 18.7488V1.53052ZM6.18354 5.5483C6.18354 5.23132 6.4431 4.97436 6.76329 4.97436H12.3676C12.6878 4.97436 12.9473 5.23132 12.9473 5.5483C12.9473 5.86528 12.6878 6.12224 12.3676 6.12224H6.76329C6.4431 6.12224 6.18354 5.86528 6.18354 5.5483ZM6.76329 11.0961C6.4431 11.0961 6.18354 11.3531 6.18354 11.6701C6.18354 11.987 6.4431 12.244 6.76329 12.244H12.3676C12.6878 12.244 12.9473 11.987 12.9473 11.6701C12.9473 11.3531 12.6878 11.0961 12.3676 11.0961H6.76329ZM6.18354 8.60985C6.18354 8.29287 6.4431 8.03591 6.76329 8.03591H12.3676C12.6878 8.03591 12.9473 8.29287 12.9473 8.60985C12.9473 8.92684 12.6878 9.1838 12.3676 9.1838H6.76329C6.4431 9.1838 6.18354 8.92684 6.18354 8.60985ZM3.67118 5.5483C3.67118 5.23132 3.93075 4.97436 4.25093 4.97436H4.63743C4.95762 4.97436 5.21719 5.23132 5.21719 5.5483C5.21719 5.86528 4.95762 6.12224 4.63743 6.12224H4.25093C3.93075 6.12224 3.67118 5.86528 3.67118 5.5483ZM4.25093 11.0961C3.93075 11.0961 3.67118 11.3531 3.67118 11.6701C3.67118 11.987 3.93075 12.244 4.25093 12.244H4.63743C4.95762 12.244 5.21719 11.987 5.21719 11.6701C5.21719 11.3531 4.95762 11.0961 4.63743 11.0961H4.25093ZM3.67118 8.60985C3.67118 8.29287 3.93075 8.03591 4.25093 8.03591H4.63743C4.95762 8.03591 5.21719 8.29287 5.21719 8.60985C5.21719 8.92684 4.95762 9.1838 4.63743 9.1838H4.25093C3.93075 9.1838 3.67118 8.92684 3.67118 8.60985ZM4.25093 14.157C3.93075 14.157 3.67118 14.414 3.67118 14.731C3.67118 15.0479 3.93075 15.3049 4.25093 15.3049H4.63743C4.95762 15.3049 5.21719 15.0479 5.21719 14.731C5.21719 14.414 4.95762 14.157 4.63743 14.157H4.25093Z" fill="#EB0203"></path>
                    <path fill-rule="evenodd" clip-rule="evenodd" d="M14.6252 13.6363C13.4918 12.6215 11.7817 12.5264 10.6569 13.4792C9.12421 14.7764 9.34841 16.8912 10.4409 18.0122L14.0159 21.6742C14.2197 21.8832 14.4928 22 14.7822 22C15.0737 22 15.3448 21.8852 15.5486 21.6762L19.1236 18.0142C20.214 16.8933 20.4423 14.7785 18.9075 13.4792C17.7827 12.5283 16.0724 12.6217 14.9391 13.6365C14.8855 13.6845 14.8331 13.7345 14.7822 13.7866C14.7313 13.7345 14.6789 13.6843 14.6252 13.6363ZM18.1546 14.3522C19.0973 15.1508 18.9962 16.4896 18.2891 17.2173C18.2888 17.2175 18.2886 17.2177 18.2884 17.218L14.7832 20.8084L11.2753 17.2151C11.2752 17.215 11.2751 17.2149 11.2749 17.2148C10.5677 16.4887 10.4678 15.1495 11.4104 14.3518L11.4108 14.3514C12.0745 13.7892 13.2018 13.82 13.9488 14.5846L14.7822 15.4378L15.6157 14.5846C16.3617 13.8211 17.4896 13.79 18.1545 14.3521" fill="#EB0203"></path>
                    </svg>
                    <svg class="inactive-content" width="100%" height="100%" viewBox="0 0 20 23" fill="none" xmlns="http://www.w3.org/2000/svg">
                    <path fill-rule="evenodd" clip-rule="evenodd" d="M6.18408 5.77914C6.18408 5.46223 6.44363 5.20532 6.7638 5.20532H12.3678C12.6879 5.20532 12.9475 5.46223 12.9475 5.77914C12.9475 6.09606 12.6879 6.35297 12.3678 6.35297H6.7638C6.44363 6.35297 6.18408 6.09606 6.18408 5.77914Z" fill="#EB0203"></path>
                    <path fill-rule="evenodd" clip-rule="evenodd" d="M6.18408 11.9034C6.18408 11.5865 6.44363 11.3296 6.7638 11.3296H12.3678C12.6879 11.3296 12.9475 11.5865 12.9475 11.9034C12.9475 12.2202 12.6879 12.4771 12.3678 12.4771H6.7638C6.44363 12.4771 6.18408 12.2202 6.18408 11.9034Z" fill="#EB0203"></path>
                    <path fill-rule="evenodd" clip-rule="evenodd" d="M6.18408 8.84116C6.18408 8.52424 6.44363 8.26733 6.7638 8.26733H12.3678C12.6879 8.26733 12.9475 8.52424 12.9475 8.84116C12.9475 9.15807 12.6879 9.41498 12.3678 9.41498H6.7638C6.44363 9.41498 6.18408 9.15807 6.18408 8.84116Z" fill="#EB0203"></path>
                    <path fill-rule="evenodd" clip-rule="evenodd" d="M6.18408 14.9655C6.18408 14.6486 6.44363 14.3917 6.7638 14.3917H10.1455C10.4657 14.3917 10.7252 14.6486 10.7252 14.9655C10.7252 15.2825 10.4657 15.5394 10.1455 15.5394H6.7638C6.44363 15.5394 6.18408 15.2825 6.18408 14.9655Z" fill="#EB0203"></path>
                    <path fill-rule="evenodd" clip-rule="evenodd" d="M3.67139 5.77914C3.67139 5.46223 3.93094 5.20532 4.25111 5.20532H4.63759C4.95776 5.20532 5.21731 5.46223 5.21731 5.77914C5.21731 6.09606 4.95776 6.35297 4.63759 6.35297H4.25111C3.93094 6.35297 3.67139 6.09606 3.67139 5.77914Z" fill="#EB0203"></path>
                    <path fill-rule="evenodd" clip-rule="evenodd" d="M3.67139 11.9034C3.67139 11.5865 3.93094 11.3296 4.25111 11.3296H4.63759C4.95776 11.3296 5.21731 11.5865 5.21731 11.9034C5.21731 12.2202 4.95776 12.4771 4.63759 12.4771H4.25111C3.93094 12.4771 3.67139 12.2202 3.67139 11.9034Z" fill="#EB0203"></path>
                    <path fill-rule="evenodd" clip-rule="evenodd" d="M3.67139 8.84116C3.67139 8.52424 3.93094 8.26733 4.25111 8.26733H4.63759C4.95776 8.26733 5.21731 8.52424 5.21731 8.84116C5.21731 9.15807 4.95776 9.41498 4.63759 9.41498H4.25111C3.93094 9.41498 3.67139 9.15807 3.67139 8.84116Z" fill="#EB0203"></path>
                    <path fill-rule="evenodd" clip-rule="evenodd" d="M3.67139 14.9655C3.67139 14.6486 3.93094 14.3917 4.25111 14.3917H4.63759C4.95776 14.3917 5.21731 14.6486 5.21731 14.9655C5.21731 15.2825 4.95776 15.5394 4.63759 15.5394H4.25111C3.93094 15.5394 3.67139 15.2825 3.67139 14.9655Z" fill="#EB0203"></path>
                    <path fill-rule="evenodd" clip-rule="evenodd" d="M0 1.76033C0 0.914738 0.692131 0.229248 1.54592 0.229248H15.0727C15.9265 0.229248 16.6186 0.914738 16.6186 1.76033V11.2818C16.6186 11.5989 16.3591 11.8559 16.0389 11.8559C15.7187 11.8559 15.4592 11.5989 15.4592 11.2818V1.76033C15.4592 1.54893 15.2862 1.37756 15.0727 1.37756H1.54592C1.33247 1.37756 1.15944 1.54893 1.15944 1.76033V18.985C1.15944 19.1964 1.33247 19.3678 1.54592 19.3678H9.27551C9.59568 19.3678 9.85523 19.6249 9.85523 19.942C9.85523 20.2591 9.59568 20.5161 9.27551 20.5161H1.54592C0.692131 20.5161 0 19.8306 0 18.985V1.76033Z" fill="#EB0203"></path>
                    <path fill-rule="evenodd" clip-rule="evenodd" d="M14.6254 13.8718C13.4921 12.8567 11.7821 12.7615 10.6574 13.7147C9.12472 15.0124 9.34891 17.128 10.4413 18.2493L14.0161 21.9126C14.2199 22.1217 14.493 22.2386 14.7824 22.2386C15.0739 22.2386 15.3449 22.1238 15.5487 21.9147L19.1235 18.2514C20.2139 17.13 20.4422 15.0144 18.9075 13.7147C17.7827 12.7634 16.0726 12.8569 14.9392 13.872C14.8856 13.92 14.8333 13.9701 14.7824 14.0222C14.7314 13.97 14.6791 13.9199 14.6254 13.8718ZM18.1546 14.588C19.0972 15.3869 18.9961 16.7262 18.2891 17.4541C18.2888 17.4543 18.2886 17.4546 18.2884 17.4548L14.7834 21.0466L11.2757 17.452C11.2756 17.4519 11.2755 17.4517 11.2753 17.4516C10.5681 16.7252 10.4682 15.3856 11.4108 14.5876L11.4112 14.5872C12.0748 14.0248 13.202 14.0556 13.949 14.8205L14.7824 15.674L15.6158 14.8205C16.3618 14.0567 17.4896 14.0256 18.1545 14.5879" fill="#EB0203"></path>
                    </svg>
                    </button>
                    </div>
                    </div>
                    <p class="ct-tile--brand">Continente Fácil &amp; Bom</p>
                    <p class="ct-tile--quantity">emb. 230 gr</p>
                    </div>
                    <div class="ct-tile-bottom row no-gutters justify-content-between">
                    <div class="ct-price-wrap col-8 col-sm-12">
                    <div class="price js-product-price">
                    <div class="prices-wrapper">
                    <span class="sales ct-tile--price-primary ">
                    <span class="value" content="0.79">
                    <span class="ct-price-formatted">
                    €0,79
                    </span>
                    <span class="ct-m-unit">
                    /un
                    </span>
                    </span>
                    </span>
                    <span class="strike-through list ct-tile--price-dashed">
                    <span class="value ct-tile--price-value" content="0.99">
                    <span class="sr-only">
                    Price reduced from
                    </span>
                    €0,99
                    <span class="ct-tile--price-dashed">
                    /un
                    </span>
                    <span class="sr-only">
                    to
                    </span>
                    </span>
                    </span>
                    </div>
                    <div class="ct-tile--price-secondary">
                    <span class="ct-price-value">
                    €3,43
                    </span>
                    <span class="ct-m-unit">
                    /kg
                    </span>
                    </div>
                    <p class="ct-discount-amount ">Desconto Imediato: 20%</p>
                    </div>
                    </div>
                    <div class="ct-tile-buy-section d-flex justify-content-center no-gutters col-auto col-sm-12">
                    <div class="col-2 d-sm-flex d-none">
                    <button class="wishlist-toggler guest-mode inactive button button--tertiary" data-pid="4297266" data-add-url="https://www.continente.pt/on/demandware.store/Sites-continente-Site/default/Wishlist-AddProduct?pid=4297266" data-toggle="tooltip" aria-label="Adicionar aos favoritos " data-original-title="Adicionar aos favoritos" data-placement="top" tabindex="-1">
                    <svg class="active-content" width="100%" height="100%" viewBox="0 0 20 22" fill="none" xmlns="http://www.w3.org/2000/svg">
                    <path fill-rule="evenodd" clip-rule="evenodd" d="M0 1.53052C0 0.685236 0.692171 0 1.54601 0H15.0736C15.9274 0 16.6196 0.685235 16.6196 1.53052V13.4064L15.8127 13.922L14.2658 14.2658L12.7189 13.4064L10.6054 14.3818C10.4994 14.2451 10.3327 14.157 10.1452 14.157H6.76329C6.4431 14.157 6.18354 14.414 6.18354 14.731C6.18354 15.0479 6.4431 15.3049 6.76329 15.3049H10.1452C10.2478 15.3049 10.3441 15.2785 10.4277 15.2322L10.3126 16.8439L13.2345 20.2793H1.54601C0.69217 20.2793 0 19.5941 0 18.7488V1.53052ZM6.18354 5.5483C6.18354 5.23132 6.4431 4.97436 6.76329 4.97436H12.3676C12.6878 4.97436 12.9473 5.23132 12.9473 5.5483C12.9473 5.86528 12.6878 6.12224 12.3676 6.12224H6.76329C6.4431 6.12224 6.18354 5.86528 6.18354 5.5483ZM6.76329 11.0961C6.4431 11.0961 6.18354 11.3531 6.18354 11.6701C6.18354 11.987 6.4431 12.244 6.76329 12.244H12.3676C12.6878 12.244 12.9473 11.987 12.9473 11.6701C12.9473 11.3531 12.6878 11.0961 12.3676 11.0961H6.76329ZM6.18354 8.60985C6.18354 8.29287 6.4431 8.03591 6.76329 8.03591H12.3676C12.6878 8.03591 12.9473 8.29287 12.9473 8.60985C12.9473 8.92684 12.6878 9.1838 12.3676 9.1838H6.76329C6.4431 9.1838 6.18354 8.92684 6.18354 8.60985ZM3.67118 5.5483C3.67118 5.23132 3.93075 4.97436 4.25093 4.97436H4.63743C4.95762 4.97436 5.21719 5.23132 5.21719 5.5483C5.21719 5.86528 4.95762 6.12224 4.63743 6.12224H4.25093C3.93075 6.12224 3.67118 5.86528 3.67118 5.5483ZM4.25093 11.0961C3.93075 11.0961 3.67118 11.3531 3.67118 11.6701C3.67118 11.987 3.93075 12.244 4.25093 12.244H4.63743C4.95762 12.244 5.21719 11.987 5.21719 11.6701C5.21719 11.3531 4.95762 11.0961 4.63743 11.0961H4.25093ZM3.67118 8.60985C3.67118 8.29287 3.93075 8.03591 4.25093 8.03591H4.63743C4.95762 8.03591 5.21719 8.29287 5.21719 8.60985C5.21719 8.92684 4.95762 9.1838 4.63743 9.1838H4.25093C3.93075 9.1838 3.67118 8.92684 3.67118 8.60985ZM4.25093 14.157C3.93075 14.157 3.67118 14.414 3.67118 14.731C3.67118 15.0479 3.93075 15.3049 4.25093 15.3049H4.63743C4.95762 15.3049 5.21719 15.0479 5.21719 14.731C5.21719 14.414 4.95762 14.157 4.63743 14.157H4.25093Z" fill="#EB0203"></path>
                    <path fill-rule="evenodd" clip-rule="evenodd" d="M14.6252 13.6363C13.4918 12.6215 11.7817 12.5264 10.6569 13.4792C9.12421 14.7764 9.34841 16.8912 10.4409 18.0122L14.0159 21.6742C14.2197 21.8832 14.4928 22 14.7822 22C15.0737 22 15.3448 21.8852 15.5486 21.6762L19.1236 18.0142C20.214 16.8933 20.4423 14.7785 18.9075 13.4792C17.7827 12.5283 16.0724 12.6217 14.9391 13.6365C14.8855 13.6845 14.8331 13.7345 14.7822 13.7866C14.7313 13.7345 14.6789 13.6843 14.6252 13.6363ZM18.1546 14.3522C19.0973 15.1508 18.9962 16.4896 18.2891 17.2173C18.2888 17.2175 18.2886 17.2177 18.2884 17.218L14.7832 20.8084L11.2753 17.2151C11.2752 17.215 11.2751 17.2149 11.2749 17.2148C10.5677 16.4887 10.4678 15.1495 11.4104 14.3518L11.4108 14.3514C12.0745 13.7892 13.2018 13.82 13.9488 14.5846L14.7822 15.4378L15.6157 14.5846C16.3617 13.8211 17.4896 13.79 18.1545 14.3521" fill="#EB0203"></path>
                    </svg>
                    <svg class="inactive-content" width="100%" height="100%" viewBox="0 0 20 23" fill="none" xmlns="http://www.w3.org/2000/svg">
                    <path fill-rule="evenodd" clip-rule="evenodd" d="M6.18408 5.77914C6.18408 5.46223 6.44363 5.20532 6.7638 5.20532H12.3678C12.6879 5.20532 12.9475 5.46223 12.9475 5.77914C12.9475 6.09606 12.6879 6.35297 12.3678 6.35297H6.7638C6.44363 6.35297 6.18408 6.09606 6.18408 5.77914Z" fill="#EB0203"></path>
                    <path fill-rule="evenodd" clip-rule="evenodd" d="M6.18408 11.9034C6.18408 11.5865 6.44363 11.3296 6.7638 11.3296H12.3678C12.6879 11.3296 12.9475 11.5865 12.9475 11.9034C12.9475 12.2202 12.6879 12.4771 12.3678 12.4771H6.7638C6.44363 12.4771 6.18408 12.2202 6.18408 11.9034Z" fill="#EB0203"></path>
                    <path fill-rule="evenodd" clip-rule="evenodd" d="M6.18408 8.84116C6.18408 8.52424 6.44363 8.26733 6.7638 8.26733H12.3678C12.6879 8.26733 12.9475 8.52424 12.9475 8.84116C12.9475 9.15807 12.6879 9.41498 12.3678 9.41498H6.7638C6.44363 9.41498 6.18408 9.15807 6.18408 8.84116Z" fill="#EB0203"></path>
                    <path fill-rule="evenodd" clip-rule="evenodd" d="M6.18408 14.9655C6.18408 14.6486 6.44363 14.3917 6.7638 14.3917H10.1455C10.4657 14.3917 10.7252 14.6486 10.7252 14.9655C10.7252 15.2825 10.4657 15.5394 10.1455 15.5394H6.7638C6.44363 15.5394 6.18408 15.2825 6.18408 14.9655Z" fill="#EB0203"></path>
                    <path fill-rule="evenodd" clip-rule="evenodd" d="M3.67139 5.77914C3.67139 5.46223 3.93094 5.20532 4.25111 5.20532H4.63759C4.95776 5.20532 5.21731 5.46223 5.21731 5.77914C5.21731 6.09606 4.95776 6.35297 4.63759 6.35297H4.25111C3.93094 6.35297 3.67139 6.09606 3.67139 5.77914Z" fill="#EB0203"></path>
                    <path fill-rule="evenodd" clip-rule="evenodd" d="M3.67139 11.9034C3.67139 11.5865 3.93094 11.3296 4.25111 11.3296H4.63759C4.95776 11.3296 5.21731 11.5865 5.21731 11.9034C5.21731 12.2202 4.95776 12.4771 4.63759 12.4771H4.25111C3.93094 12.4771 3.67139 12.2202 3.67139 11.9034Z" fill="#EB0203"></path>
                    <path fill-rule="evenodd" clip-rule="evenodd" d="M3.67139 8.84116C3.67139 8.52424 3.93094 8.26733 4.25111 8.26733H4.63759C4.95776 8.26733 5.21731 8.52424 5.21731 8.84116C5.21731 9.15807 4.95776 9.41498 4.63759 9.41498H4.25111C3.93094 9.41498 3.67139 9.15807 3.67139 8.84116Z" fill="#EB0203"></path>
                    <path fill-rule="evenodd" clip-rule="evenodd" d="M3.67139 14.9655C3.67139 14.6486 3.93094 14.3917 4.25111 14.3917H4.63759C4.95776 14.3917 5.21731 14.6486 5.21731 14.9655C5.21731 15.2825 4.95776 15.5394 4.63759 15.5394H4.25111C3.93094 15.5394 3.67139 15.2825 3.67139 14.9655Z" fill="#EB0203"></path>
                    <path fill-rule="evenodd" clip-rule="evenodd" d="M0 1.76033C0 0.914738 0.692131 0.229248 1.54592 0.229248H15.0727C15.9265 0.229248 16.6186 0.914738 16.6186 1.76033V11.2818C16.6186 11.5989 16.3591 11.8559 16.0389 11.8559C15.7187 11.8559 15.4592 11.5989 15.4592 11.2818V1.76033C15.4592 1.54893 15.2862 1.37756 15.0727 1.37756H1.54592C1.33247 1.37756 1.15944 1.54893 1.15944 1.76033V18.985C1.15944 19.1964 1.33247 19.3678 1.54592 19.3678H9.27551C9.59568 19.3678 9.85523 19.6249 9.85523 19.942C9.85523 20.2591 9.59568 20.5161 9.27551 20.5161H1.54592C0.692131 20.5161 0 19.8306 0 18.985V1.76033Z" fill="#EB0203"></path>
                    <path fill-rule="evenodd" clip-rule="evenodd" d="M14.6254 13.8718C13.4921 12.8567 11.7821 12.7615 10.6574 13.7147C9.12472 15.0124 9.34891 17.128 10.4413 18.2493L14.0161 21.9126C14.2199 22.1217 14.493 22.2386 14.7824 22.2386C15.0739 22.2386 15.3449 22.1238 15.5487 21.9147L19.1235 18.2514C20.2139 17.13 20.4422 15.0144 18.9075 13.7147C17.7827 12.7634 16.0726 12.8569 14.9392 13.872C14.8856 13.92 14.8333 13.9701 14.7824 14.0222C14.7314 13.97 14.6791 13.9199 14.6254 13.8718ZM18.1546 14.588C19.0972 15.3869 18.9961 16.7262 18.2891 17.4541C18.2888 17.4543 18.2886 17.4546 18.2884 17.4548L14.7834 21.0466L11.2757 17.452C11.2756 17.4519 11.2755 17.4517 11.2753 17.4516C10.5681 16.7252 10.4682 15.3856 11.4108 14.5876L11.4112 14.5872C12.0748 14.0248 13.202 14.0556 13.949 14.8205L14.7824 15.674L15.6158 14.8205C16.3618 14.0567 17.4896 14.0256 18.1545 14.5879" fill="#EB0203"></path>
                    </svg>
                    </button>
                    </div>
                    <div class="col-sm-10 col-12">
                    <div class="ct-tile-quantity d-none" data-pid="4297266">
                    <input type="hidden" class="add-to-cart-url" value="https://www.continente.pt/on/demandware.store/Sites-continente-Site/default/Cart-AddProduct" tabindex="-1">
                    <div class="d-none tile-delete-confirmation-btn" data-pid="4297266" data-delay-time="3000" data-in-cart-msg="no carrinho" data-one-product-added="Adicionado ao carrinho" data-remove-from-cart-msg="Removido do carrinho" data-stay-open="6000.0" data-confirmation-image="{&quot;url&quot;:&quot;https://www.continente.pt/dw/image/v2/BDVS_PRD/on/demandware.static/-/Sites-col-master-catalog/default/dwa8b7847d/images/col/429/4297266-frente.jpg?sw=87&amp;sh=80&quot;,&quot;fallbackimage&quot;:{&quot;url&quot;:&quot;https://www.continente.pt/dw/image/v2/BDVS_PRD/on/demandware.static/Sites-continente-Site/-/default/dw7c42b4da/images/noimagelarge_product.png?sw=87&amp;sh=80&quot;,&quot;title&quot;:&quot;Massa Quebrada&quot;,&quot;alt&quot;:&quot;Massa Quebrada&quot;},&quot;title&quot;:&quot;Massa Quebrada&quot;,&quot;alt&quot;:&quot;Massa Quebrada&quot;}"></div>
                    <div class="ct-tile-quantity-update quantity-update product-qty-vue" data-remove-action="https://www.continente.pt/on/demandware.store/Sites-continente-Site/default/Cart-RemoveProductLineItem" data-action="https://www.continente.pt/on/demandware.store/Sites-continente-Site/default/Cart-UpdateQuantity" data-dimension-update="https://www.continente.pt/on/demandware.store/Sites-continente-Site/default/Cart-DimensionUpdate" data-pid="4297266" data-uuid="99b485eb75f026140794750e99" data-add-delay="500.0" data-measure-options="{&quot;hasConversionRate&quot;:true,&quot;hasAlternativeSaleUnit&quot;:false,&quot;primaryToSecondary&quot;:1,&quot;secondaryToPrimary&quot;:1,&quot;unitConversionRate&quot;:1,&quot;minOrderQuantity&quot;:1,&quot;stepQuantity&quot;:1,&quot;primaryunit&quot;:&quot;un&quot;,&quot;secondaryunit&quot;:&quot;kg&quot;,&quot;selectedunit&quot;:&quot;primary&quot;,&quot;maxNumberOfUnitsPerSale&quot;:50}" data-price-available="null" :data-has-error="isMaxQtyReached || isMinQtyReached || qtySelectedMoreThanOne">
                    <template v-show="prodUnits">
                    <div class="quantity-input-wrapper has-units">
                    <label class="visually-hidden" :for="'quantity-' + pid + additionalTag">
                    Quantidade no carrinho
                    </label>
                    <input :ref="'quantityInput-' + pid + additionalTag" class="add-to-cart-quantity form-control ct-form-input text-center" inputmode="numeric" :class="{'is-invalid': isInvalid}" :data-pid="pid + additionalTag" :name="'quantity-' + pid + additionalTag" type="text" aria-label="Insira a quantidade" title="" v-model="displayValue" @change="updateQuantity" @focus="updateQtyFormat" @blur="restoreQtyFormat" :disabled="!isPriceAvailable">
                    <span class="quantity-icon quantity-icon--minus">
                    <button class="decrease-quantity-btn" @click="updateQuantity" :disabled="!isPriceAvailable" role="button" aria-label="Reduzir quantidade">
                    <i class="css-math-minus"></i>
                    </button>
                    </span>
                    <span class="quantity-icon quantity-icon--plus">
                    <button class="increase-quantity-btn" @click="updateQuantity" :disabled="isMaxQtyReached || !isPriceAvailable" role="button" aria-label="Aumentar quantidade">
                    <i class="css-math-plus"></i>
                    </button>
                    <span class="quantity-btn-disabled-placeholder"></span>
                    </span>
                    <template v-if="isPDP">
                    <span class="quantity-error ct-span-error text-sm-center product-max-allocation" v-if="isMaxQtyReached">
                    Quantidade máxima atingida
                    </span>
                    <span class="quantity-error ct-span-product text-sm-center product-allocation" v-if="!isMinQtyReached &amp;&amp; !isMaxQtyReached">
                    {{quantitySelected}} no carrinho
                    </span>
                    <span class="quantity-error ct-span-error text-sm-center product-min-allocation" :data-pid="pid" v-if="isMinQtyReached &amp;&amp; !isMaxQtyReached">
                    Quantidade mínima atingida
                    </span>
                    </template>
                    </div>
                    <template v-if="showNotes">
                    <div class="add-note-link-container ">
                    <div class="add-note">
                    <a href="/produto/massa-quebrada-continente-facil-bom-4297266.html?showNote=true" class="ct-add-note-redirect-pdp" aria-label="Adicionar comentário">
                    <span class="svg-wrapper svg-icon-notes" style="width:19px; height:20px">
                    <svg class="svg-inline icon-notes" viewBox="0 0 28 30" xmlns="http://www.w3.org/2000/svg" width="100%" height="100%"><path d="M21.738 0C22.985 0 24 1.04 24 2.319V12.47c0 .469-.37.848-.828.848-.457 0-.827-.38-.827-.848V2.32c0-.343-.273-.622-.607-.622H2.262c-.334 0-.607.279-.607.622V27.68c0 .343.273.622.607.622h7.81c.457 0 .827.38.827.849 0 .468-.37.848-.827.848h-7.81C1.015 30 0 28.96 0 27.681V2.32C0 1.04 1.015 0 2.262 0h19.476zm2.844 16.004l.227.007c.823.053 1.589.39 2.176.964.64.627.993 1.46.993 2.349 0 .888-.353 1.722-.993 2.348l-6.83 6.665c-.11.108-.247.186-.397.226l-5.032 1.363c-.078.021-.16.032-.241.032-.242 0-.478-.097-.647-.266-.23-.231-.314-.566-.218-.874l1.49-4.798c.044-.139.122-.266.227-.369l6.844-6.677c.64-.625 1.493-.97 2.401-.97zm-2.886 3.94l-4.922 4.802-.947 3.048 3.22-.872 4.897-4.78-2.248-2.197zm2.887-2.174c-.425 0-.824.162-1.124.455l-.484.472 2.248 2.197.484-.472c.62-.606.62-1.591 0-2.197l-.117-.104c-.283-.227-.636-.35-1.007-.35zm-10.839.022c.498 0 .904.396.904.883 0 .488-.406.884-.904.884H5.946c-.499 0-.904-.396-.904-.884 0-.487.405-.883.904-.883zm5.042-4.876c.498 0 .904.397.904.884s-.406.884-.904.884H5.946c-.499 0-.904-.397-.904-.884s.405-.884.904-.884zm0-4.875c.498 0 .904.396.904.884 0 .487-.406.883-.904.883H5.946c-.499 0-.904-.396-.904-.883 0-.488.405-.884.904-.884z" fill="#EB0203" fill-rule="evenodd"></path></svg>
                    </span>
                    <div class="available-note d-none"></div>
                    </a>
                    </div>
                    </div>
                    </template>
                    <div class="measurement-unit-section" v-if="isPriceAvailable &amp;&amp; prodUnits ? prodUnits.hasAlternativeUnit : false">
                    <div class="ct-form-radio" @click="setDimension">
                    <input type="radio" title="" class="ct-form-check-input product-measurement-unit" :data-type="prodUnits.selectedUnit == prodUnits.secondaryUnit ? 'primary' : ''" :id="prodUnits.secondaryUnit + '-' + pid + '-measurement-unit-ptile' + additionalTag" :name="'measurement-unit-' + pid + '-ptile' + additionalTag" :value="prodUnits.secondaryUnit" v-model="prodUnits.selectedUnit">
                    <label :class="prodUnits.secondaryUnit + '-label ct-form-check-label mb-0'" :for="prodUnits.secondaryUnit + '-' + pid + '-measurement-unit-ptile' + additionalTag">
                    {{prodUnits.secondaryUnit}}
                    </label>
                    <span class="checkmark"></span>
                    </div>
                    <div class="ct-form-radio" @click="setDimension">
                    <input type="radio" title="" class="ct-form-check-input product-measurement-unit" :data-type="prodUnits.selectedUnit == prodUnits.primaryUnit ? 'primary' : ''" :id="prodUnits.primaryUnit + '-' + pid + '-measurement-unit-ptile' + additionalTag" :name="'measurement-unit-' + pid + '-ptile' + additionalTag" :value="prodUnits.primaryUnit" v-model="prodUnits.selectedUnit">
                    <label :class="prodUnits.primaryUnit + '-label ct-form-check-label mb-0'" :for="prodUnits.primaryUnit + '-' + pid + '-measurement-unit-ptile' + additionalTag">
                    {{prodUnits.primaryUnit}}
                    </label>
                    <span class="checkmark"></span>
                    </div>
                    </div>
                    <template v-if="!isPDP &amp;&amp; isPriceAvailable">
                    <span class="quantity-error ct-span-error product-max-allocation" v-if="isMaxQtyReached">
                    Quantidade máxima atingida
                    </span>
                    <span class="quantity-error ct-span-product product-allocation" v-if="!isMinQtyReached &amp;&amp; !isMaxQtyReached">
                    {{quantitySelected}} no carrinho
                    </span>
                    <span class="quantity-error ct-span-error product-min-allocation" :data-pid="pid" v-if="isMinQtyReached &amp;&amp; !isMaxQtyReached">
                    Quantidade mínima atingida
                    </span>
                    </template>
                    </template>
                    </div>
                    <input class="quantity-value-mask d-none" name="quantity" type="number" min="0" value="" tabindex="-1">
                    </div>
                    <button type="button" class="add-to-cart button js-add-to-cart js-add-to-cart-tile 4297266 button--primary dynamic-layout-btn" data-toggle="modal" data-target="#chooseBonusProductModal" data-pid="4297266" data-quantity-value="null" aria-label="Carrinho" tabindex="-1">
                    <span class="d-block d-sm-none">
                    <span class="svg-wrapper svg-icon-cart" style="width:20px; height:20px">
                    <svg class="svg-inline icon-cart" xmlns="http://www.w3.org/2000/svg" viewBox="0 0 500 500" width="100%" height="100%"><path fill="#EB0203" fill-rule="evenodd" d="M 485.67317,94.386311 C 476.37798,83.847129 463.09468,78.03348 448.30404,78.03348 H 90.690813 L 87.079511,51.327997 C 83.185582,22.539551 62.962285,0 41.011841,0 H 14.727836 C 6.563151,0 0,6.5286975 0,14.580758 c 0,8.05206 6.5945535,14.580758 14.727836,14.580758 h 26.284005 c 4.710398,0 14.696435,9.855222 16.894619,26.021523 L 100.01739,368.0631 c 1.88416,13.77244 9.01256,26.70549 20.1605,36.37417 8.25889,7.15046 18.02511,11.9071 28.26237,13.89679 -4.17655,7.58572 -6.53175,16.25957 -6.53175,25.493 0,29.53459 24.27424,53.59751 54.13815,53.59751 29.8325,0 54.13814,-24.03184 54.13814,-53.59751 0,-8.79818 -2.19818,-17.09897 -5.9979,-24.43598 h 77.12488 c -3.79973,7.33701 -5.96652,15.6378 -5.96652,24.43598 0,29.53459 24.27424,53.59751 54.13817,53.59751 29.83249,0 54.13814,-24.03184 54.13814,-53.59751 0,-8.79818 -2.1982,-17.09897 -5.9979,-24.43598 h 38.56243 c 8.13328,0 14.72783,-6.5287 14.72783,-14.61183 0,-8.02098 -6.59455,-14.54967 -14.72783,-14.54967 H 159.24277 c -14.38241,0 -28.13677,-11.90711 -30.02092,-26.02153 l -3.07746,-22.88154 h 290.6314 c 14.03698,0 27.94834,-5.28513 39.06488,-14.95381 11.11652,-9.6376 18.27632,-22.57065 20.16048,-36.37417 l 21.10259,-156.78201 c 1.94694,-14.51858 -2.10398,-28.29103 -11.43057,-38.861299 z M 220.76053,443.82706 c 0,13.49265 -11.08513,24.46709 -24.68247,24.46709 -13.62874,0 -24.71387,-10.97444 -24.71387,-24.46709 0,-13.49262 11.08513,-24.43598 24.71387,-24.43598 13.59734,0 24.68247,10.94336 24.68247,24.43598 z m 173.43675,0 c 0,13.49265 -11.08512,24.46709 -24.68245,24.46709 -13.62876,0 -24.71388,-10.97444 -24.71388,-24.46709 0,-13.49262 11.08512,-24.43598 24.71388,-24.43598 13.59733,0 24.68245,10.94336 24.68245,24.43598 z m 73.7648,-314.46558 -21.13397,156.782 c -1.88416,14.11442 -15.63851,26.05261 -30.02091,26.05261 H 122.25046 L 94.616142,107.19499 H 448.33544 c 6.18632,0 11.61896,2.2695 15.23028,6.37326 3.64269,4.13484 5.21283,9.73086 4.39636,15.79323 z"></path></svg>
                    </span>
                    </span>
                    <span class="add-to-cart--text d-none d-sm-block">Carrinho</span>
                    </button>
                    </div>
                    </div>
                    </div>
                    </div>
                    
                    <div class="col-12 d-sm-none">
                    </div>
                    </div>
                    </div>
                    </div>
                    </div><div class="pd-tile-wrap slick-slide slick-cloned" data-idx="2" style="width: 276px; height: auto;" data-slick-index="18" id="" aria-hidden="true" tabindex="-1">
                    
                    <script type="text/javascript">//<!--
                    /* <![CDATA[ */
                    (function(){
                    try {
                        if(window.CQuotient) {
                            var cq_params = {};
                            cq_params.cookieId = window.CQuotient.getCQCookieId();
                            cq_params.userId = window.CQuotient.getCQUserId();
                            cq_params.emailId = CQuotient.getCQHashedEmail();
                            cq_params.loginId = CQuotient.getCQHashedLogin();
                            cq_params.accumulate = true;
                            cq_params.products = [{
                                id: '5184892',
                                sku: '',
                                type: '',
                                alt_id: ''
                            }];
                            cq_params.recommenderName = '__UNDEFINED__';
                            cq_params.realm = "BDVS";
                            cq_params.siteId = "continente";
                            cq_params.instanceType = "prd";
                            cq_params.locale = window.CQuotient.locale;
                            cq_params.slotId = '';
                            cq_params.slotConfigId = '';
                            cq_params.slotConfigTemplate = '';
                            if(window.CQuotient.sendActivity)
                                window.CQuotient.sendActivity( CQuotient.clientId, 'viewReco', cq_params );
                            else
                                window.CQuotient.activities.push( {activityType: 'viewReco', parameters: cq_params} );
                        }
                    } catch(err) {}
                    })();
                    /* ]]> */
                    // -->
                    </script>
                    <script type="text/javascript">//<!--
                    /* <![CDATA[ (viewProduct-active_data.js) */
                    dw.ac._capture({id: "5184892", type: "recommendation"});
                    /* ]]> */
                    // -->
                    </script>
                    <div class="product" data-pid="5184892">
                    <div class="product-tile pid-5184892   ct-product-tile " data-delay-time="3000" data-variants-mapping="[]" data-in-cart-msg="no carrinho" data-one-product-added="Adicionado ao carrinho" data-remove-from-cart-msg="Removido do carrinho" data-stay-open="6000.0" data-product-tile-impression="{&quot;name&quot;:&quot;5184892&quot;,&quot;id&quot;:&quot;5184892&quot;,&quot;price&quot;:1.35,&quot;brand&quot;:&quot;Continente Fácil &amp; Bom&quot;,&quot;category&quot;:[{&quot;category_level_1&quot;:&quot;Padaria e Pastelaria&quot;},{&quot;category_level_2&quot;:&quot;Massas para Culinária&quot;}],&quot;variant&quot;:&quot;&quot;}">
                    <div class="ct-inner-tile-wrap row no-gutters justify-content-center align-content-start">
                    
                    
                    <div class="ct-image-container col-4 col-sm" data-confirmation-image="{&quot;url&quot;:&quot;https://www.continente.pt/dw/image/v2/BDVS_PRD/on/demandware.static/-/Sites-col-master-catalog/default/dw85a582b6/images/col/518/5184892-frente.jpg?sw=87&amp;sh=80&quot;,&quot;fallbackimage&quot;:{&quot;url&quot;:&quot;https://www.continente.pt/dw/image/v2/BDVS_PRD/on/demandware.static/Sites-continente-Site/-/default/dw7c42b4da/images/noimagelarge_product.png?sw=87&amp;sh=80&quot;,&quot;title&quot;:&quot;Massa Folhada Retangular&quot;,&quot;alt&quot;:&quot;Massa Folhada Retangular&quot;},&quot;title&quot;:&quot;Massa Folhada Retangular&quot;,&quot;alt&quot;:&quot;Massa Folhada Retangular&quot;}">
                    <a href="https://www.continente.pt/produto/massa-folhada-retangular-continente-facil-bom-5184892.html?cgid=home" tabindex="-1">
                    <picture class="intrinsic intrinsic--square">
                    <img class="ct-tile-image lazyloaded" loading="lazy" onerror="this.onerror=null;this.src='/on/demandware.static/Sites-continente-Site/-/default/dw7c42b4da/images/noimagelarge_product.png';" data-src="https://www.continente.pt/dw/image/v2/BDVS_PRD/on/demandware.static/-/Sites-col-master-catalog/default/dw85a582b6/images/col/518/5184892-frente.jpg?sw=280&amp;sh=280" alt="Massa Folhada Retangular" title="Massa Folhada Retangular" src="https://www.continente.pt/dw/image/v2/BDVS_PRD/on/demandware.static/-/Sites-col-master-catalog/default/dw85a582b6/images/col/518/5184892-frente.jpg?sw=280&amp;sh=280">
                    </picture>
                    </a>
                    <div class="color-swatches d-flex" style="margin-left: 5px;">
                    <div class="swatches d-flex">
                    </div>
                    </div>
                    </div>
                    <div class="ct-tile-body col col-sm-auto ">
                    <div class="ct-pdp-details">
                    <div class="ct-pdp-link">
                    <a class="ct-tile--description" href="https://www.continente.pt/produto/massa-folhada-retangular-continente-facil-bom-5184892.html?cgid=home" tabindex="-1">Massa Folhada Retangular</a>
                    <div class="ct-tile--favorite-top d-sm-none">
                    <button class="wishlist-toggler guest-mode inactive button button--tertiary" data-pid="5184892" data-add-url="https://www.continente.pt/on/demandware.store/Sites-continente-Site/default/Wishlist-AddProduct?pid=5184892" data-toggle="tooltip" aria-label="Adicionar aos favoritos " data-original-title="Adicionar aos favoritos" data-placement="top" tabindex="-1">
                    <svg class="active-content" width="100%" height="100%" viewBox="0 0 20 22" fill="none" xmlns="http://www.w3.org/2000/svg">
                    <path fill-rule="evenodd" clip-rule="evenodd" d="M0 1.53052C0 0.685236 0.692171 0 1.54601 0H15.0736C15.9274 0 16.6196 0.685235 16.6196 1.53052V13.4064L15.8127 13.922L14.2658 14.2658L12.7189 13.4064L10.6054 14.3818C10.4994 14.2451 10.3327 14.157 10.1452 14.157H6.76329C6.4431 14.157 6.18354 14.414 6.18354 14.731C6.18354 15.0479 6.4431 15.3049 6.76329 15.3049H10.1452C10.2478 15.3049 10.3441 15.2785 10.4277 15.2322L10.3126 16.8439L13.2345 20.2793H1.54601C0.69217 20.2793 0 19.5941 0 18.7488V1.53052ZM6.18354 5.5483C6.18354 5.23132 6.4431 4.97436 6.76329 4.97436H12.3676C12.6878 4.97436 12.9473 5.23132 12.9473 5.5483C12.9473 5.86528 12.6878 6.12224 12.3676 6.12224H6.76329C6.4431 6.12224 6.18354 5.86528 6.18354 5.5483ZM6.76329 11.0961C6.4431 11.0961 6.18354 11.3531 6.18354 11.6701C6.18354 11.987 6.4431 12.244 6.76329 12.244H12.3676C12.6878 12.244 12.9473 11.987 12.9473 11.6701C12.9473 11.3531 12.6878 11.0961 12.3676 11.0961H6.76329ZM6.18354 8.60985C6.18354 8.29287 6.4431 8.03591 6.76329 8.03591H12.3676C12.6878 8.03591 12.9473 8.29287 12.9473 8.60985C12.9473 8.92684 12.6878 9.1838 12.3676 9.1838H6.76329C6.4431 9.1838 6.18354 8.92684 6.18354 8.60985ZM3.67118 5.5483C3.67118 5.23132 3.93075 4.97436 4.25093 4.97436H4.63743C4.95762 4.97436 5.21719 5.23132 5.21719 5.5483C5.21719 5.86528 4.95762 6.12224 4.63743 6.12224H4.25093C3.93075 6.12224 3.67118 5.86528 3.67118 5.5483ZM4.25093 11.0961C3.93075 11.0961 3.67118 11.3531 3.67118 11.6701C3.67118 11.987 3.93075 12.244 4.25093 12.244H4.63743C4.95762 12.244 5.21719 11.987 5.21719 11.6701C5.21719 11.3531 4.95762 11.0961 4.63743 11.0961H4.25093ZM3.67118 8.60985C3.67118 8.29287 3.93075 8.03591 4.25093 8.03591H4.63743C4.95762 8.03591 5.21719 8.29287 5.21719 8.60985C5.21719 8.92684 4.95762 9.1838 4.63743 9.1838H4.25093C3.93075 9.1838 3.67118 8.92684 3.67118 8.60985ZM4.25093 14.157C3.93075 14.157 3.67118 14.414 3.67118 14.731C3.67118 15.0479 3.93075 15.3049 4.25093 15.3049H4.63743C4.95762 15.3049 5.21719 15.0479 5.21719 14.731C5.21719 14.414 4.95762 14.157 4.63743 14.157H4.25093Z" fill="#EB0203"></path>
                    <path fill-rule="evenodd" clip-rule="evenodd" d="M14.6252 13.6363C13.4918 12.6215 11.7817 12.5264 10.6569 13.4792C9.12421 14.7764 9.34841 16.8912 10.4409 18.0122L14.0159 21.6742C14.2197 21.8832 14.4928 22 14.7822 22C15.0737 22 15.3448 21.8852 15.5486 21.6762L19.1236 18.0142C20.214 16.8933 20.4423 14.7785 18.9075 13.4792C17.7827 12.5283 16.0724 12.6217 14.9391 13.6365C14.8855 13.6845 14.8331 13.7345 14.7822 13.7866C14.7313 13.7345 14.6789 13.6843 14.6252 13.6363ZM18.1546 14.3522C19.0973 15.1508 18.9962 16.4896 18.2891 17.2173C18.2888 17.2175 18.2886 17.2177 18.2884 17.218L14.7832 20.8084L11.2753 17.2151C11.2752 17.215 11.2751 17.2149 11.2749 17.2148C10.5677 16.4887 10.4678 15.1495 11.4104 14.3518L11.4108 14.3514C12.0745 13.7892 13.2018 13.82 13.9488 14.5846L14.7822 15.4378L15.6157 14.5846C16.3617 13.8211 17.4896 13.79 18.1545 14.3521" fill="#EB0203"></path>
                    </svg>
                    <svg class="inactive-content" width="100%" height="100%" viewBox="0 0 20 23" fill="none" xmlns="http://www.w3.org/2000/svg">
                    <path fill-rule="evenodd" clip-rule="evenodd" d="M6.18408 5.77914C6.18408 5.46223 6.44363 5.20532 6.7638 5.20532H12.3678C12.6879 5.20532 12.9475 5.46223 12.9475 5.77914C12.9475 6.09606 12.6879 6.35297 12.3678 6.35297H6.7638C6.44363 6.35297 6.18408 6.09606 6.18408 5.77914Z" fill="#EB0203"></path>
                    <path fill-rule="evenodd" clip-rule="evenodd" d="M6.18408 11.9034C6.18408 11.5865 6.44363 11.3296 6.7638 11.3296H12.3678C12.6879 11.3296 12.9475 11.5865 12.9475 11.9034C12.9475 12.2202 12.6879 12.4771 12.3678 12.4771H6.7638C6.44363 12.4771 6.18408 12.2202 6.18408 11.9034Z" fill="#EB0203"></path>
                    <path fill-rule="evenodd" clip-rule="evenodd" d="M6.18408 8.84116C6.18408 8.52424 6.44363 8.26733 6.7638 8.26733H12.3678C12.6879 8.26733 12.9475 8.52424 12.9475 8.84116C12.9475 9.15807 12.6879 9.41498 12.3678 9.41498H6.7638C6.44363 9.41498 6.18408 9.15807 6.18408 8.84116Z" fill="#EB0203"></path>
                    <path fill-rule="evenodd" clip-rule="evenodd" d="M6.18408 14.9655C6.18408 14.6486 6.44363 14.3917 6.7638 14.3917H10.1455C10.4657 14.3917 10.7252 14.6486 10.7252 14.9655C10.7252 15.2825 10.4657 15.5394 10.1455 15.5394H6.7638C6.44363 15.5394 6.18408 15.2825 6.18408 14.9655Z" fill="#EB0203"></path>
                    <path fill-rule="evenodd" clip-rule="evenodd" d="M3.67139 5.77914C3.67139 5.46223 3.93094 5.20532 4.25111 5.20532H4.63759C4.95776 5.20532 5.21731 5.46223 5.21731 5.77914C5.21731 6.09606 4.95776 6.35297 4.63759 6.35297H4.25111C3.93094 6.35297 3.67139 6.09606 3.67139 5.77914Z" fill="#EB0203"></path>
                    <path fill-rule="evenodd" clip-rule="evenodd" d="M3.67139 11.9034C3.67139 11.5865 3.93094 11.3296 4.25111 11.3296H4.63759C4.95776 11.3296 5.21731 11.5865 5.21731 11.9034C5.21731 12.2202 4.95776 12.4771 4.63759 12.4771H4.25111C3.93094 12.4771 3.67139 12.2202 3.67139 11.9034Z" fill="#EB0203"></path>
                    <path fill-rule="evenodd" clip-rule="evenodd" d="M3.67139 8.84116C3.67139 8.52424 3.93094 8.26733 4.25111 8.26733H4.63759C4.95776 8.26733 5.21731 8.52424 5.21731 8.84116C5.21731 9.15807 4.95776 9.41498 4.63759 9.41498H4.25111C3.93094 9.41498 3.67139 9.15807 3.67139 8.84116Z" fill="#EB0203"></path>
                    <path fill-rule="evenodd" clip-rule="evenodd" d="M3.67139 14.9655C3.67139 14.6486 3.93094 14.3917 4.25111 14.3917H4.63759C4.95776 14.3917 5.21731 14.6486 5.21731 14.9655C5.21731 15.2825 4.95776 15.5394 4.63759 15.5394H4.25111C3.93094 15.5394 3.67139 15.2825 3.67139 14.9655Z" fill="#EB0203"></path>
                    <path fill-rule="evenodd" clip-rule="evenodd" d="M0 1.76033C0 0.914738 0.692131 0.229248 1.54592 0.229248H15.0727C15.9265 0.229248 16.6186 0.914738 16.6186 1.76033V11.2818C16.6186 11.5989 16.3591 11.8559 16.0389 11.8559C15.7187 11.8559 15.4592 11.5989 15.4592 11.2818V1.76033C15.4592 1.54893 15.2862 1.37756 15.0727 1.37756H1.54592C1.33247 1.37756 1.15944 1.54893 1.15944 1.76033V18.985C1.15944 19.1964 1.33247 19.3678 1.54592 19.3678H9.27551C9.59568 19.3678 9.85523 19.6249 9.85523 19.942C9.85523 20.2591 9.59568 20.5161 9.27551 20.5161H1.54592C0.692131 20.5161 0 19.8306 0 18.985V1.76033Z" fill="#EB0203"></path>
                    <path fill-rule="evenodd" clip-rule="evenodd" d="M14.6254 13.8718C13.4921 12.8567 11.7821 12.7615 10.6574 13.7147C9.12472 15.0124 9.34891 17.128 10.4413 18.2493L14.0161 21.9126C14.2199 22.1217 14.493 22.2386 14.7824 22.2386C15.0739 22.2386 15.3449 22.1238 15.5487 21.9147L19.1235 18.2514C20.2139 17.13 20.4422 15.0144 18.9075 13.7147C17.7827 12.7634 16.0726 12.8569 14.9392 13.872C14.8856 13.92 14.8333 13.9701 14.7824 14.0222C14.7314 13.97 14.6791 13.9199 14.6254 13.8718ZM18.1546 14.588C19.0972 15.3869 18.9961 16.7262 18.2891 17.4541C18.2888 17.4543 18.2886 17.4546 18.2884 17.4548L14.7834 21.0466L11.2757 17.452C11.2756 17.4519 11.2755 17.4517 11.2753 17.4516C10.5681 16.7252 10.4682 15.3856 11.4108 14.5876L11.4112 14.5872C12.0748 14.0248 13.202 14.0556 13.949 14.8205L14.7824 15.674L15.6158 14.8205C16.3618 14.0567 17.4896 14.0256 18.1545 14.5879" fill="#EB0203"></path>
                    </svg>
                    </button>
                    </div>
                    </div>
                    <p class="ct-tile--brand">Continente Fácil &amp; Bom</p>
                    <p class="ct-tile--quantity">emb. 375 gr</p>
                    </div>
                    <div class="ct-tile-bottom row no-gutters justify-content-between">
                    <div class="ct-price-wrap col-8 col-sm-12">
                    <div class="price js-product-price">
                    <div class="prices-wrapper">
                    <span class="sales ct-tile--price-primary ">
                    <span class="value" content="1.35">
                    <span class="ct-price-formatted">
                    €1,35
                    </span>
                    <span class="ct-m-unit">
                    /un
                    </span>
                    </span>
                    </span>
                    </div>
                    <div class="ct-tile--price-secondary">
                    <span class="ct-price-value">
                    €3,60
                    </span>
                    <span class="ct-m-unit">
                    /kg
                    </span>
                    </div>
                    </div>
                    </div>
                    <div class="ct-tile-buy-section d-flex justify-content-center no-gutters col-auto col-sm-12">
                    <div class="col-2 d-sm-flex d-none">
                    <button class="wishlist-toggler guest-mode inactive button button--tertiary" data-pid="5184892" data-add-url="https://www.continente.pt/on/demandware.store/Sites-continente-Site/default/Wishlist-AddProduct?pid=5184892" data-toggle="tooltip" aria-label="Adicionar aos favoritos " data-original-title="Adicionar aos favoritos" data-placement="top" tabindex="-1">
                    <svg class="active-content" width="100%" height="100%" viewBox="0 0 20 22" fill="none" xmlns="http://www.w3.org/2000/svg">
                    <path fill-rule="evenodd" clip-rule="evenodd" d="M0 1.53052C0 0.685236 0.692171 0 1.54601 0H15.0736C15.9274 0 16.6196 0.685235 16.6196 1.53052V13.4064L15.8127 13.922L14.2658 14.2658L12.7189 13.4064L10.6054 14.3818C10.4994 14.2451 10.3327 14.157 10.1452 14.157H6.76329C6.4431 14.157 6.18354 14.414 6.18354 14.731C6.18354 15.0479 6.4431 15.3049 6.76329 15.3049H10.1452C10.2478 15.3049 10.3441 15.2785 10.4277 15.2322L10.3126 16.8439L13.2345 20.2793H1.54601C0.69217 20.2793 0 19.5941 0 18.7488V1.53052ZM6.18354 5.5483C6.18354 5.23132 6.4431 4.97436 6.76329 4.97436H12.3676C12.6878 4.97436 12.9473 5.23132 12.9473 5.5483C12.9473 5.86528 12.6878 6.12224 12.3676 6.12224H6.76329C6.4431 6.12224 6.18354 5.86528 6.18354 5.5483ZM6.76329 11.0961C6.4431 11.0961 6.18354 11.3531 6.18354 11.6701C6.18354 11.987 6.4431 12.244 6.76329 12.244H12.3676C12.6878 12.244 12.9473 11.987 12.9473 11.6701C12.9473 11.3531 12.6878 11.0961 12.3676 11.0961H6.76329ZM6.18354 8.60985C6.18354 8.29287 6.4431 8.03591 6.76329 8.03591H12.3676C12.6878 8.03591 12.9473 8.29287 12.9473 8.60985C12.9473 8.92684 12.6878 9.1838 12.3676 9.1838H6.76329C6.4431 9.1838 6.18354 8.92684 6.18354 8.60985ZM3.67118 5.5483C3.67118 5.23132 3.93075 4.97436 4.25093 4.97436H4.63743C4.95762 4.97436 5.21719 5.23132 5.21719 5.5483C5.21719 5.86528 4.95762 6.12224 4.63743 6.12224H4.25093C3.93075 6.12224 3.67118 5.86528 3.67118 5.5483ZM4.25093 11.0961C3.93075 11.0961 3.67118 11.3531 3.67118 11.6701C3.67118 11.987 3.93075 12.244 4.25093 12.244H4.63743C4.95762 12.244 5.21719 11.987 5.21719 11.6701C5.21719 11.3531 4.95762 11.0961 4.63743 11.0961H4.25093ZM3.67118 8.60985C3.67118 8.29287 3.93075 8.03591 4.25093 8.03591H4.63743C4.95762 8.03591 5.21719 8.29287 5.21719 8.60985C5.21719 8.92684 4.95762 9.1838 4.63743 9.1838H4.25093C3.93075 9.1838 3.67118 8.92684 3.67118 8.60985ZM4.25093 14.157C3.93075 14.157 3.67118 14.414 3.67118 14.731C3.67118 15.0479 3.93075 15.3049 4.25093 15.3049H4.63743C4.95762 15.3049 5.21719 15.0479 5.21719 14.731C5.21719 14.414 4.95762 14.157 4.63743 14.157H4.25093Z" fill="#EB0203"></path>
                    <path fill-rule="evenodd" clip-rule="evenodd" d="M14.6252 13.6363C13.4918 12.6215 11.7817 12.5264 10.6569 13.4792C9.12421 14.7764 9.34841 16.8912 10.4409 18.0122L14.0159 21.6742C14.2197 21.8832 14.4928 22 14.7822 22C15.0737 22 15.3448 21.8852 15.5486 21.6762L19.1236 18.0142C20.214 16.8933 20.4423 14.7785 18.9075 13.4792C17.7827 12.5283 16.0724 12.6217 14.9391 13.6365C14.8855 13.6845 14.8331 13.7345 14.7822 13.7866C14.7313 13.7345 14.6789 13.6843 14.6252 13.6363ZM18.1546 14.3522C19.0973 15.1508 18.9962 16.4896 18.2891 17.2173C18.2888 17.2175 18.2886 17.2177 18.2884 17.218L14.7832 20.8084L11.2753 17.2151C11.2752 17.215 11.2751 17.2149 11.2749 17.2148C10.5677 16.4887 10.4678 15.1495 11.4104 14.3518L11.4108 14.3514C12.0745 13.7892 13.2018 13.82 13.9488 14.5846L14.7822 15.4378L15.6157 14.5846C16.3617 13.8211 17.4896 13.79 18.1545 14.3521" fill="#EB0203"></path>
                    </svg>
                    <svg class="inactive-content" width="100%" height="100%" viewBox="0 0 20 23" fill="none" xmlns="http://www.w3.org/2000/svg">
                    <path fill-rule="evenodd" clip-rule="evenodd" d="M6.18408 5.77914C6.18408 5.46223 6.44363 5.20532 6.7638 5.20532H12.3678C12.6879 5.20532 12.9475 5.46223 12.9475 5.77914C12.9475 6.09606 12.6879 6.35297 12.3678 6.35297H6.7638C6.44363 6.35297 6.18408 6.09606 6.18408 5.77914Z" fill="#EB0203"></path>
                    <path fill-rule="evenodd" clip-rule="evenodd" d="M6.18408 11.9034C6.18408 11.5865 6.44363 11.3296 6.7638 11.3296H12.3678C12.6879 11.3296 12.9475 11.5865 12.9475 11.9034C12.9475 12.2202 12.6879 12.4771 12.3678 12.4771H6.7638C6.44363 12.4771 6.18408 12.2202 6.18408 11.9034Z" fill="#EB0203"></path>
                    <path fill-rule="evenodd" clip-rule="evenodd" d="M6.18408 8.84116C6.18408 8.52424 6.44363 8.26733 6.7638 8.26733H12.3678C12.6879 8.26733 12.9475 8.52424 12.9475 8.84116C12.9475 9.15807 12.6879 9.41498 12.3678 9.41498H6.7638C6.44363 9.41498 6.18408 9.15807 6.18408 8.84116Z" fill="#EB0203"></path>
                    <path fill-rule="evenodd" clip-rule="evenodd" d="M6.18408 14.9655C6.18408 14.6486 6.44363 14.3917 6.7638 14.3917H10.1455C10.4657 14.3917 10.7252 14.6486 10.7252 14.9655C10.7252 15.2825 10.4657 15.5394 10.1455 15.5394H6.7638C6.44363 15.5394 6.18408 15.2825 6.18408 14.9655Z" fill="#EB0203"></path>
                    <path fill-rule="evenodd" clip-rule="evenodd" d="M3.67139 5.77914C3.67139 5.46223 3.93094 5.20532 4.25111 5.20532H4.63759C4.95776 5.20532 5.21731 5.46223 5.21731 5.77914C5.21731 6.09606 4.95776 6.35297 4.63759 6.35297H4.25111C3.93094 6.35297 3.67139 6.09606 3.67139 5.77914Z" fill="#EB0203"></path>
                    <path fill-rule="evenodd" clip-rule="evenodd" d="M3.67139 11.9034C3.67139 11.5865 3.93094 11.3296 4.25111 11.3296H4.63759C4.95776 11.3296 5.21731 11.5865 5.21731 11.9034C5.21731 12.2202 4.95776 12.4771 4.63759 12.4771H4.25111C3.93094 12.4771 3.67139 12.2202 3.67139 11.9034Z" fill="#EB0203"></path>
                    <path fill-rule="evenodd" clip-rule="evenodd" d="M3.67139 8.84116C3.67139 8.52424 3.93094 8.26733 4.25111 8.26733H4.63759C4.95776 8.26733 5.21731 8.52424 5.21731 8.84116C5.21731 9.15807 4.95776 9.41498 4.63759 9.41498H4.25111C3.93094 9.41498 3.67139 9.15807 3.67139 8.84116Z" fill="#EB0203"></path>
                    <path fill-rule="evenodd" clip-rule="evenodd" d="M3.67139 14.9655C3.67139 14.6486 3.93094 14.3917 4.25111 14.3917H4.63759C4.95776 14.3917 5.21731 14.6486 5.21731 14.9655C5.21731 15.2825 4.95776 15.5394 4.63759 15.5394H4.25111C3.93094 15.5394 3.67139 15.2825 3.67139 14.9655Z" fill="#EB0203"></path>
                    <path fill-rule="evenodd" clip-rule="evenodd" d="M0 1.76033C0 0.914738 0.692131 0.229248 1.54592 0.229248H15.0727C15.9265 0.229248 16.6186 0.914738 16.6186 1.76033V11.2818C16.6186 11.5989 16.3591 11.8559 16.0389 11.8559C15.7187 11.8559 15.4592 11.5989 15.4592 11.2818V1.76033C15.4592 1.54893 15.2862 1.37756 15.0727 1.37756H1.54592C1.33247 1.37756 1.15944 1.54893 1.15944 1.76033V18.985C1.15944 19.1964 1.33247 19.3678 1.54592 19.3678H9.27551C9.59568 19.3678 9.85523 19.6249 9.85523 19.942C9.85523 20.2591 9.59568 20.5161 9.27551 20.5161H1.54592C0.692131 20.5161 0 19.8306 0 18.985V1.76033Z" fill="#EB0203"></path>
                    <path fill-rule="evenodd" clip-rule="evenodd" d="M14.6254 13.8718C13.4921 12.8567 11.7821 12.7615 10.6574 13.7147C9.12472 15.0124 9.34891 17.128 10.4413 18.2493L14.0161 21.9126C14.2199 22.1217 14.493 22.2386 14.7824 22.2386C15.0739 22.2386 15.3449 22.1238 15.5487 21.9147L19.1235 18.2514C20.2139 17.13 20.4422 15.0144 18.9075 13.7147C17.7827 12.7634 16.0726 12.8569 14.9392 13.872C14.8856 13.92 14.8333 13.9701 14.7824 14.0222C14.7314 13.97 14.6791 13.9199 14.6254 13.8718ZM18.1546 14.588C19.0972 15.3869 18.9961 16.7262 18.2891 17.4541C18.2888 17.4543 18.2886 17.4546 18.2884 17.4548L14.7834 21.0466L11.2757 17.452C11.2756 17.4519 11.2755 17.4517 11.2753 17.4516C10.5681 16.7252 10.4682 15.3856 11.4108 14.5876L11.4112 14.5872C12.0748 14.0248 13.202 14.0556 13.949 14.8205L14.7824 15.674L15.6158 14.8205C16.3618 14.0567 17.4896 14.0256 18.1545 14.5879" fill="#EB0203"></path>
                    </svg>
                    </button>
                    </div>
                    <div class="col-sm-10 col-12">
                    <div class="ct-tile-quantity d-none" data-pid="5184892">
                    <input type="hidden" class="add-to-cart-url" value="https://www.continente.pt/on/demandware.store/Sites-continente-Site/default/Cart-AddProduct" tabindex="-1">
                    <div class="d-none tile-delete-confirmation-btn" data-pid="5184892" data-delay-time="3000" data-in-cart-msg="no carrinho" data-one-product-added="Adicionado ao carrinho" data-remove-from-cart-msg="Removido do carrinho" data-stay-open="6000.0" data-confirmation-image="{&quot;url&quot;:&quot;https://www.continente.pt/dw/image/v2/BDVS_PRD/on/demandware.static/-/Sites-col-master-catalog/default/dw85a582b6/images/col/518/5184892-frente.jpg?sw=87&amp;sh=80&quot;,&quot;fallbackimage&quot;:{&quot;url&quot;:&quot;https://www.continente.pt/dw/image/v2/BDVS_PRD/on/demandware.static/Sites-continente-Site/-/default/dw7c42b4da/images/noimagelarge_product.png?sw=87&amp;sh=80&quot;,&quot;title&quot;:&quot;Massa Folhada Retangular&quot;,&quot;alt&quot;:&quot;Massa Folhada Retangular&quot;},&quot;title&quot;:&quot;Massa Folhada Retangular&quot;,&quot;alt&quot;:&quot;Massa Folhada Retangular&quot;}"></div>
                    <div class="ct-tile-quantity-update quantity-update product-qty-vue" data-remove-action="https://www.continente.pt/on/demandware.store/Sites-continente-Site/default/Cart-RemoveProductLineItem" data-action="https://www.continente.pt/on/demandware.store/Sites-continente-Site/default/Cart-UpdateQuantity" data-dimension-update="https://www.continente.pt/on/demandware.store/Sites-continente-Site/default/Cart-DimensionUpdate" data-pid="5184892" data-uuid="d2879f110e2ac566ff66110f68" data-add-delay="500.0" data-measure-options="{&quot;hasConversionRate&quot;:false,&quot;hasAlternativeSaleUnit&quot;:false,&quot;unitConversionRate&quot;:null,&quot;minOrderQuantity&quot;:1,&quot;stepQuantity&quot;:1,&quot;primaryunit&quot;:&quot;un&quot;,&quot;secondaryunit&quot;:&quot;kg&quot;,&quot;selectedunit&quot;:&quot;primary&quot;,&quot;maxNumberOfUnitsPerSale&quot;:50}" data-price-available="null" :data-has-error="isMaxQtyReached || isMinQtyReached || qtySelectedMoreThanOne">
                    <template v-show="prodUnits">
                    <div class="quantity-input-wrapper has-units">
                    <label class="visually-hidden" :for="'quantity-' + pid + additionalTag">
                    Quantidade no carrinho
                    </label>
                    <input :ref="'quantityInput-' + pid + additionalTag" class="add-to-cart-quantity form-control ct-form-input text-center" inputmode="numeric" :class="{'is-invalid': isInvalid}" :data-pid="pid + additionalTag" :name="'quantity-' + pid + additionalTag" type="text" aria-label="Insira a quantidade" title="" v-model="displayValue" @change="updateQuantity" @focus="updateQtyFormat" @blur="restoreQtyFormat" :disabled="!isPriceAvailable">
                    <span class="quantity-icon quantity-icon--minus">
                    <button class="decrease-quantity-btn" @click="updateQuantity" :disabled="!isPriceAvailable" role="button" aria-label="Reduzir quantidade">
                    <i class="css-math-minus"></i>
                    </button>
                    </span>
                    <span class="quantity-icon quantity-icon--plus">
                    <button class="increase-quantity-btn" @click="updateQuantity" :disabled="isMaxQtyReached || !isPriceAvailable" role="button" aria-label="Aumentar quantidade">
                    <i class="css-math-plus"></i>
                    </button>
                    <span class="quantity-btn-disabled-placeholder"></span>
                    </span>
                    <template v-if="isPDP">
                    <span class="quantity-error ct-span-error text-sm-center product-max-allocation" v-if="isMaxQtyReached">
                    Quantidade máxima atingida
                    </span>
                    <span class="quantity-error ct-span-product text-sm-center product-allocation" v-if="!isMinQtyReached &amp;&amp; !isMaxQtyReached">
                    {{quantitySelected}} no carrinho
                    </span>
                    <span class="quantity-error ct-span-error text-sm-center product-min-allocation" :data-pid="pid" v-if="isMinQtyReached &amp;&amp; !isMaxQtyReached">
                    Quantidade mínima atingida
                    </span>
                    </template>
                    </div>
                    <template v-if="showNotes">
                    <div class="add-note-link-container ">
                    <div class="add-note">
                    <a href="/produto/massa-folhada-retangular-continente-facil-bom-5184892.html?showNote=true" class="ct-add-note-redirect-pdp" aria-label="Adicionar comentário">
                    <span class="svg-wrapper svg-icon-notes" style="width:19px; height:20px">
                    <svg class="svg-inline icon-notes" viewBox="0 0 28 30" xmlns="http://www.w3.org/2000/svg" width="100%" height="100%"><path d="M21.738 0C22.985 0 24 1.04 24 2.319V12.47c0 .469-.37.848-.828.848-.457 0-.827-.38-.827-.848V2.32c0-.343-.273-.622-.607-.622H2.262c-.334 0-.607.279-.607.622V27.68c0 .343.273.622.607.622h7.81c.457 0 .827.38.827.849 0 .468-.37.848-.827.848h-7.81C1.015 30 0 28.96 0 27.681V2.32C0 1.04 1.015 0 2.262 0h19.476zm2.844 16.004l.227.007c.823.053 1.589.39 2.176.964.64.627.993 1.46.993 2.349 0 .888-.353 1.722-.993 2.348l-6.83 6.665c-.11.108-.247.186-.397.226l-5.032 1.363c-.078.021-.16.032-.241.032-.242 0-.478-.097-.647-.266-.23-.231-.314-.566-.218-.874l1.49-4.798c.044-.139.122-.266.227-.369l6.844-6.677c.64-.625 1.493-.97 2.401-.97zm-2.886 3.94l-4.922 4.802-.947 3.048 3.22-.872 4.897-4.78-2.248-2.197zm2.887-2.174c-.425 0-.824.162-1.124.455l-.484.472 2.248 2.197.484-.472c.62-.606.62-1.591 0-2.197l-.117-.104c-.283-.227-.636-.35-1.007-.35zm-10.839.022c.498 0 .904.396.904.883 0 .488-.406.884-.904.884H5.946c-.499 0-.904-.396-.904-.884 0-.487.405-.883.904-.883zm5.042-4.876c.498 0 .904.397.904.884s-.406.884-.904.884H5.946c-.499 0-.904-.397-.904-.884s.405-.884.904-.884zm0-4.875c.498 0 .904.396.904.884 0 .487-.406.883-.904.883H5.946c-.499 0-.904-.396-.904-.883 0-.488.405-.884.904-.884z" fill="#EB0203" fill-rule="evenodd"></path></svg>
                    </span>
                    <div class="available-note d-none"></div>
                    </a>
                    </div>
                    </div>
                    </template>
                    <div class="measurement-unit-section" v-if="isPriceAvailable &amp;&amp; prodUnits ? prodUnits.hasAlternativeUnit : false">
                    <div class="ct-form-radio" @click="setDimension">
                    <input type="radio" title="" class="ct-form-check-input product-measurement-unit" :data-type="prodUnits.selectedUnit == prodUnits.secondaryUnit ? 'primary' : ''" :id="prodUnits.secondaryUnit + '-' + pid + '-measurement-unit-ptile' + additionalTag" :name="'measurement-unit-' + pid + '-ptile' + additionalTag" :value="prodUnits.secondaryUnit" v-model="prodUnits.selectedUnit">
                    <label :class="prodUnits.secondaryUnit + '-label ct-form-check-label mb-0'" :for="prodUnits.secondaryUnit + '-' + pid + '-measurement-unit-ptile' + additionalTag">
                    {{prodUnits.secondaryUnit}}
                    </label>
                    <span class="checkmark"></span>
                    </div>
                    <div class="ct-form-radio" @click="setDimension">
                    <input type="radio" title="" class="ct-form-check-input product-measurement-unit" :data-type="prodUnits.selectedUnit == prodUnits.primaryUnit ? 'primary' : ''" :id="prodUnits.primaryUnit + '-' + pid + '-measurement-unit-ptile' + additionalTag" :name="'measurement-unit-' + pid + '-ptile' + additionalTag" :value="prodUnits.primaryUnit" v-model="prodUnits.selectedUnit">
                    <label :class="prodUnits.primaryUnit + '-label ct-form-check-label mb-0'" :for="prodUnits.primaryUnit + '-' + pid + '-measurement-unit-ptile' + additionalTag">
                    {{prodUnits.primaryUnit}}
                    </label>
                    <span class="checkmark"></span>
                    </div>
                    </div>
                    <template v-if="!isPDP &amp;&amp; isPriceAvailable">
                    <span class="quantity-error ct-span-error product-max-allocation" v-if="isMaxQtyReached">
                    Quantidade máxima atingida
                    </span>
                    <span class="quantity-error ct-span-product product-allocation" v-if="!isMinQtyReached &amp;&amp; !isMaxQtyReached">
                    {{quantitySelected}} no carrinho
                    </span>
                    <span class="quantity-error ct-span-error product-min-allocation" :data-pid="pid" v-if="isMinQtyReached &amp;&amp; !isMaxQtyReached">
                    Quantidade mínima atingida
                    </span>
                    </template>
                    </template>
                    </div>
                    <input class="quantity-value-mask d-none" name="quantity" type="number" min="0" value="" tabindex="-1">
                    </div>
                    
                    <button type="button" class="add-to-cart button js-add-to-cart js-add-to-cart-tile 5184892 button--primary dynamic-layout-btn" data-toggle="modal" data-target="#chooseBonusProductModal" data-pid="5184892" data-quantity-value="null" aria-label="Carrinho" tabindex="-1">
                    <span class="d-block d-sm-none">
                    <span class="svg-wrapper svg-icon-cart" style="width:20px; height:20px">
                    <svg class="svg-inline icon-cart" xmlns="http://www.w3.org/2000/svg" viewBox="0 0 500 500" width="100%" height="100%"><path fill="#EB0203" fill-rule="evenodd" d="M 485.67317,94.386311 C 476.37798,83.847129 463.09468,78.03348 448.30404,78.03348 H 90.690813 L 87.079511,51.327997 C 83.185582,22.539551 62.962285,0 41.011841,0 H 14.727836 C 6.563151,0 0,6.5286975 0,14.580758 c 0,8.05206 6.5945535,14.580758 14.727836,14.580758 h 26.284005 c 4.710398,0 14.696435,9.855222 16.894619,26.021523 L 100.01739,368.0631 c 1.88416,13.77244 9.01256,26.70549 20.1605,36.37417 8.25889,7.15046 18.02511,11.9071 28.26237,13.89679 -4.17655,7.58572 -6.53175,16.25957 -6.53175,25.493 0,29.53459 24.27424,53.59751 54.13815,53.59751 29.8325,0 54.13814,-24.03184 54.13814,-53.59751 0,-8.79818 -2.19818,-17.09897 -5.9979,-24.43598 h 77.12488 c -3.79973,7.33701 -5.96652,15.6378 -5.96652,24.43598 0,29.53459 24.27424,53.59751 54.13817,53.59751 29.83249,0 54.13814,-24.03184 54.13814,-53.59751 0,-8.79818 -2.1982,-17.09897 -5.9979,-24.43598 h 38.56243 c 8.13328,0 14.72783,-6.5287 14.72783,-14.61183 0,-8.02098 -6.59455,-14.54967 -14.72783,-14.54967 H 159.24277 c -14.38241,0 -28.13677,-11.90711 -30.02092,-26.02153 l -3.07746,-22.88154 h 290.6314 c 14.03698,0 27.94834,-5.28513 39.06488,-14.95381 11.11652,-9.6376 18.27632,-22.57065 20.16048,-36.37417 l 21.10259,-156.78201 c 1.94694,-14.51858 -2.10398,-28.29103 -11.43057,-38.861299 z M 220.76053,443.82706 c 0,13.49265 -11.08513,24.46709 -24.68247,24.46709 -13.62874,0 -24.71387,-10.97444 -24.71387,-24.46709 0,-13.49262 11.08513,-24.43598 24.71387,-24.43598 13.59734,0 24.68247,10.94336 24.68247,24.43598 z m 173.43675,0 c 0,13.49265 -11.08512,24.46709 -24.68245,24.46709 -13.62876,0 -24.71388,-10.97444 -24.71388,-24.46709 0,-13.49262 11.08512,-24.43598 24.71388,-24.43598 13.59733,0 24.68245,10.94336 24.68245,24.43598 z m 73.7648,-314.46558 -21.13397,156.782 c -1.88416,14.11442 -15.63851,26.05261 -30.02091,26.05261 H 122.25046 L 94.616142,107.19499 H 448.33544 c 6.18632,0 11.61896,2.2695 15.23028,6.37326 3.64269,4.13484 5.21283,9.73086 4.39636,15.79323 z"></path></svg>
                    </span>
                    </span>
                    <span class="add-to-cart--text d-none d-sm-block">Carrinho</span>
                    </button>
                    </div>
                    </div>
                    </div>
                    </div>
                    
                    <div class="col-12 d-sm-none">
                    </div>
                    </div>
                    </div>
                    </div>
                    </div><div class="pd-tile-wrap slick-slide slick-cloned" data-idx="3" style="width: 276px; height: auto;" data-slick-index="19" id="" aria-hidden="true" tabindex="-1">
                    
                    <script type="text/javascript">//<!--
                    /* <![CDATA[ */
                    (function(){
                    try {
                        if(window.CQuotient) {
                            var cq_params = {};
                            cq_params.cookieId = window.CQuotient.getCQCookieId();
                            cq_params.userId = window.CQuotient.getCQUserId();
                            cq_params.emailId = CQuotient.getCQHashedEmail();
                            cq_params.loginId = CQuotient.getCQHashedLogin();
                            cq_params.accumulate = true;
                            cq_params.products = [{
                                id: '4297267',
                                sku: '',
                                type: '',
                                alt_id: ''
                            }];
                            cq_params.recommenderName = '__UNDEFINED__';
                            cq_params.realm = "BDVS";
                            cq_params.siteId = "continente";
                            cq_params.instanceType = "prd";
                            cq_params.locale = window.CQuotient.locale;
                            cq_params.slotId = '';
                            cq_params.slotConfigId = '';
                            cq_params.slotConfigTemplate = '';
                            if(window.CQuotient.sendActivity)
                                window.CQuotient.sendActivity( CQuotient.clientId, 'viewReco', cq_params );
                            else
                                window.CQuotient.activities.push( {activityType: 'viewReco', parameters: cq_params} );
                        }
                    } catch(err) {}
                    })();
                    /* ]]> */
                    // -->
                    </script>
                    <script type="text/javascript">//<!--
                    /* <![CDATA[ (viewProduct-active_data.js) */
                    dw.ac._capture({id: "4297267", type: "recommendation"});
                    /* ]]> */
                    // -->
                    </script>
                    <div class="product" data-pid="4297267">
                    <div class="product-tile pid-4297267   ct-product-tile " data-delay-time="3000" data-variants-mapping="[]" data-in-cart-msg="no carrinho" data-one-product-added="Adicionado ao carrinho" data-remove-from-cart-msg="Removido do carrinho" data-stay-open="6000.0" data-product-tile-impression="{&quot;name&quot;:&quot;4297267&quot;,&quot;id&quot;:&quot;4297267&quot;,&quot;price&quot;:0.99,&quot;brand&quot;:&quot;Continente Fácil &amp; Bom&quot;,&quot;category&quot;:[{&quot;category_level_1&quot;:&quot;Padaria e Pastelaria&quot;},{&quot;category_level_2&quot;:&quot;Massas para Culinária&quot;}],&quot;variant&quot;:&quot;&quot;}">
                    <div class="ct-inner-tile-wrap row no-gutters justify-content-center align-content-start">
                    
                    <div class="ct-image-container col-4 col-sm" data-confirmation-image="{&quot;url&quot;:&quot;https://www.continente.pt/dw/image/v2/BDVS_PRD/on/demandware.static/-/Sites-col-master-catalog/default/dwfd5d10e5/images/col/429/4297267-frente.jpg?sw=87&amp;sh=80&quot;,&quot;fallbackimage&quot;:{&quot;url&quot;:&quot;https://www.continente.pt/dw/image/v2/BDVS_PRD/on/demandware.static/Sites-continente-Site/-/default/dw7c42b4da/images/noimagelarge_product.png?sw=87&amp;sh=80&quot;,&quot;title&quot;:&quot;Massa Fresca para Pizza&quot;,&quot;alt&quot;:&quot;Massa Fresca para Pizza&quot;},&quot;title&quot;:&quot;Massa Fresca para Pizza&quot;,&quot;alt&quot;:&quot;Massa Fresca para Pizza&quot;}">
                    <a href="https://www.continente.pt/produto/massa-fresca-para-pizza-continente-facil-bom-4297267.html?cgid=home" tabindex="-1">
                    <picture class="intrinsic intrinsic--square">
                    <img class="ct-tile-image lazyloaded" loading="lazy" onerror="this.onerror=null;this.src='/on/demandware.static/Sites-continente-Site/-/default/dw7c42b4da/images/noimagelarge_product.png';" data-src="https://www.continente.pt/dw/image/v2/BDVS_PRD/on/demandware.static/-/Sites-col-master-catalog/default/dwfd5d10e5/images/col/429/4297267-frente.jpg?sw=280&amp;sh=280" alt="Massa Fresca para Pizza" title="Massa Fresca para Pizza" src="https://www.continente.pt/dw/image/v2/BDVS_PRD/on/demandware.static/-/Sites-col-master-catalog/default/dwfd5d10e5/images/col/429/4297267-frente.jpg?sw=280&amp;sh=280">
                    </picture>
                    </a>
                    <div class="color-swatches d-flex" style="margin-left: 5px;">
                    <div class="swatches d-flex">
                    </div>
                    </div>
                    </div>
                    <div class="ct-tile-body col col-sm-auto ">
                    <div class="ct-pdp-details">
                    <div class="ct-pdp-link">
                    <a class="ct-tile--description" href="https://www.continente.pt/produto/massa-fresca-para-pizza-continente-facil-bom-4297267.html?cgid=home" tabindex="-1">Massa Fresca para Pizza</a>
                    <div class="ct-tile--favorite-top d-sm-none">
                    <button class="wishlist-toggler guest-mode inactive button button--tertiary" data-pid="4297267" data-add-url="https://www.continente.pt/on/demandware.store/Sites-continente-Site/default/Wishlist-AddProduct?pid=4297267" data-toggle="tooltip" aria-label="Adicionar aos favoritos " data-original-title="Adicionar aos favoritos" data-placement="top" tabindex="-1">
                    <svg class="active-content" width="100%" height="100%" viewBox="0 0 20 22" fill="none" xmlns="http://www.w3.org/2000/svg">
                    <path fill-rule="evenodd" clip-rule="evenodd" d="M0 1.53052C0 0.685236 0.692171 0 1.54601 0H15.0736C15.9274 0 16.6196 0.685235 16.6196 1.53052V13.4064L15.8127 13.922L14.2658 14.2658L12.7189 13.4064L10.6054 14.3818C10.4994 14.2451 10.3327 14.157 10.1452 14.157H6.76329C6.4431 14.157 6.18354 14.414 6.18354 14.731C6.18354 15.0479 6.4431 15.3049 6.76329 15.3049H10.1452C10.2478 15.3049 10.3441 15.2785 10.4277 15.2322L10.3126 16.8439L13.2345 20.2793H1.54601C0.69217 20.2793 0 19.5941 0 18.7488V1.53052ZM6.18354 5.5483C6.18354 5.23132 6.4431 4.97436 6.76329 4.97436H12.3676C12.6878 4.97436 12.9473 5.23132 12.9473 5.5483C12.9473 5.86528 12.6878 6.12224 12.3676 6.12224H6.76329C6.4431 6.12224 6.18354 5.86528 6.18354 5.5483ZM6.76329 11.0961C6.4431 11.0961 6.18354 11.3531 6.18354 11.6701C6.18354 11.987 6.4431 12.244 6.76329 12.244H12.3676C12.6878 12.244 12.9473 11.987 12.9473 11.6701C12.9473 11.3531 12.6878 11.0961 12.3676 11.0961H6.76329ZM6.18354 8.60985C6.18354 8.29287 6.4431 8.03591 6.76329 8.03591H12.3676C12.6878 8.03591 12.9473 8.29287 12.9473 8.60985C12.9473 8.92684 12.6878 9.1838 12.3676 9.1838H6.76329C6.4431 9.1838 6.18354 8.92684 6.18354 8.60985ZM3.67118 5.5483C3.67118 5.23132 3.93075 4.97436 4.25093 4.97436H4.63743C4.95762 4.97436 5.21719 5.23132 5.21719 5.5483C5.21719 5.86528 4.95762 6.12224 4.63743 6.12224H4.25093C3.93075 6.12224 3.67118 5.86528 3.67118 5.5483ZM4.25093 11.0961C3.93075 11.0961 3.67118 11.3531 3.67118 11.6701C3.67118 11.987 3.93075 12.244 4.25093 12.244H4.63743C4.95762 12.244 5.21719 11.987 5.21719 11.6701C5.21719 11.3531 4.95762 11.0961 4.63743 11.0961H4.25093ZM3.67118 8.60985C3.67118 8.29287 3.93075 8.03591 4.25093 8.03591H4.63743C4.95762 8.03591 5.21719 8.29287 5.21719 8.60985C5.21719 8.92684 4.95762 9.1838 4.63743 9.1838H4.25093C3.93075 9.1838 3.67118 8.92684 3.67118 8.60985ZM4.25093 14.157C3.93075 14.157 3.67118 14.414 3.67118 14.731C3.67118 15.0479 3.93075 15.3049 4.25093 15.3049H4.63743C4.95762 15.3049 5.21719 15.0479 5.21719 14.731C5.21719 14.414 4.95762 14.157 4.63743 14.157H4.25093Z" fill="#EB0203"></path>
                    <path fill-rule="evenodd" clip-rule="evenodd" d="M14.6252 13.6363C13.4918 12.6215 11.7817 12.5264 10.6569 13.4792C9.12421 14.7764 9.34841 16.8912 10.4409 18.0122L14.0159 21.6742C14.2197 21.8832 14.4928 22 14.7822 22C15.0737 22 15.3448 21.8852 15.5486 21.6762L19.1236 18.0142C20.214 16.8933 20.4423 14.7785 18.9075 13.4792C17.7827 12.5283 16.0724 12.6217 14.9391 13.6365C14.8855 13.6845 14.8331 13.7345 14.7822 13.7866C14.7313 13.7345 14.6789 13.6843 14.6252 13.6363ZM18.1546 14.3522C19.0973 15.1508 18.9962 16.4896 18.2891 17.2173C18.2888 17.2175 18.2886 17.2177 18.2884 17.218L14.7832 20.8084L11.2753 17.2151C11.2752 17.215 11.2751 17.2149 11.2749 17.2148C10.5677 16.4887 10.4678 15.1495 11.4104 14.3518L11.4108 14.3514C12.0745 13.7892 13.2018 13.82 13.9488 14.5846L14.7822 15.4378L15.6157 14.5846C16.3617 13.8211 17.4896 13.79 18.1545 14.3521" fill="#EB0203"></path>
                    </svg>
                    <svg class="inactive-content" width="100%" height="100%" viewBox="0 0 20 23" fill="none" xmlns="http://www.w3.org/2000/svg">
                    <path fill-rule="evenodd" clip-rule="evenodd" d="M6.18408 5.77914C6.18408 5.46223 6.44363 5.20532 6.7638 5.20532H12.3678C12.6879 5.20532 12.9475 5.46223 12.9475 5.77914C12.9475 6.09606 12.6879 6.35297 12.3678 6.35297H6.7638C6.44363 6.35297 6.18408 6.09606 6.18408 5.77914Z" fill="#EB0203"></path>
                    <path fill-rule="evenodd" clip-rule="evenodd" d="M6.18408 11.9034C6.18408 11.5865 6.44363 11.3296 6.7638 11.3296H12.3678C12.6879 11.3296 12.9475 11.5865 12.9475 11.9034C12.9475 12.2202 12.6879 12.4771 12.3678 12.4771H6.7638C6.44363 12.4771 6.18408 12.2202 6.18408 11.9034Z" fill="#EB0203"></path>
                    <path fill-rule="evenodd" clip-rule="evenodd" d="M6.18408 8.84116C6.18408 8.52424 6.44363 8.26733 6.7638 8.26733H12.3678C12.6879 8.26733 12.9475 8.52424 12.9475 8.84116C12.9475 9.15807 12.6879 9.41498 12.3678 9.41498H6.7638C6.44363 9.41498 6.18408 9.15807 6.18408 8.84116Z" fill="#EB0203"></path>
                    <path fill-rule="evenodd" clip-rule="evenodd" d="M6.18408 14.9655C6.18408 14.6486 6.44363 14.3917 6.7638 14.3917H10.1455C10.4657 14.3917 10.7252 14.6486 10.7252 14.9655C10.7252 15.2825 10.4657 15.5394 10.1455 15.5394H6.7638C6.44363 15.5394 6.18408 15.2825 6.18408 14.9655Z" fill="#EB0203"></path>
                    <path fill-rule="evenodd" clip-rule="evenodd" d="M3.67139 5.77914C3.67139 5.46223 3.93094 5.20532 4.25111 5.20532H4.63759C4.95776 5.20532 5.21731 5.46223 5.21731 5.77914C5.21731 6.09606 4.95776 6.35297 4.63759 6.35297H4.25111C3.93094 6.35297 3.67139 6.09606 3.67139 5.77914Z" fill="#EB0203"></path>
                    <path fill-rule="evenodd" clip-rule="evenodd" d="M3.67139 11.9034C3.67139 11.5865 3.93094 11.3296 4.25111 11.3296H4.63759C4.95776 11.3296 5.21731 11.5865 5.21731 11.9034C5.21731 12.2202 4.95776 12.4771 4.63759 12.4771H4.25111C3.93094 12.4771 3.67139 12.2202 3.67139 11.9034Z" fill="#EB0203"></path>
                    <path fill-rule="evenodd" clip-rule="evenodd" d="M3.67139 8.84116C3.67139 8.52424 3.93094 8.26733 4.25111 8.26733H4.63759C4.95776 8.26733 5.21731 8.52424 5.21731 8.84116C5.21731 9.15807 4.95776 9.41498 4.63759 9.41498H4.25111C3.93094 9.41498 3.67139 9.15807 3.67139 8.84116Z" fill="#EB0203"></path>
                    <path fill-rule="evenodd" clip-rule="evenodd" d="M3.67139 14.9655C3.67139 14.6486 3.93094 14.3917 4.25111 14.3917H4.63759C4.95776 14.3917 5.21731 14.6486 5.21731 14.9655C5.21731 15.2825 4.95776 15.5394 4.63759 15.5394H4.25111C3.93094 15.5394 3.67139 15.2825 3.67139 14.9655Z" fill="#EB0203"></path>
                    <path fill-rule="evenodd" clip-rule="evenodd" d="M0 1.76033C0 0.914738 0.692131 0.229248 1.54592 0.229248H15.0727C15.9265 0.229248 16.6186 0.914738 16.6186 1.76033V11.2818C16.6186 11.5989 16.3591 11.8559 16.0389 11.8559C15.7187 11.8559 15.4592 11.5989 15.4592 11.2818V1.76033C15.4592 1.54893 15.2862 1.37756 15.0727 1.37756H1.54592C1.33247 1.37756 1.15944 1.54893 1.15944 1.76033V18.985C1.15944 19.1964 1.33247 19.3678 1.54592 19.3678H9.27551C9.59568 19.3678 9.85523 19.6249 9.85523 19.942C9.85523 20.2591 9.59568 20.5161 9.27551 20.5161H1.54592C0.692131 20.5161 0 19.8306 0 18.985V1.76033Z" fill="#EB0203"></path>
                    <path fill-rule="evenodd" clip-rule="evenodd" d="M14.6254 13.8718C13.4921 12.8567 11.7821 12.7615 10.6574 13.7147C9.12472 15.0124 9.34891 17.128 10.4413 18.2493L14.0161 21.9126C14.2199 22.1217 14.493 22.2386 14.7824 22.2386C15.0739 22.2386 15.3449 22.1238 15.5487 21.9147L19.1235 18.2514C20.2139 17.13 20.4422 15.0144 18.9075 13.7147C17.7827 12.7634 16.0726 12.8569 14.9392 13.872C14.8856 13.92 14.8333 13.9701 14.7824 14.0222C14.7314 13.97 14.6791 13.9199 14.6254 13.8718ZM18.1546 14.588C19.0972 15.3869 18.9961 16.7262 18.2891 17.4541C18.2888 17.4543 18.2886 17.4546 18.2884 17.4548L14.7834 21.0466L11.2757 17.452C11.2756 17.4519 11.2755 17.4517 11.2753 17.4516C10.5681 16.7252 10.4682 15.3856 11.4108 14.5876L11.4112 14.5872C12.0748 14.0248 13.202 14.0556 13.949 14.8205L14.7824 15.674L15.6158 14.8205C16.3618 14.0567 17.4896 14.0256 18.1545 14.5879" fill="#EB0203"></path>
                    </svg>
                    </button>
                    </div>
                    </div>
                    <p class="ct-tile--brand">Continente Fácil &amp; Bom</p>
                    <p class="ct-tile--quantity">emb. 280 gr</p>
                    </div>
                    <div class="ct-tile-bottom row no-gutters justify-content-between">
                    <div class="ct-price-wrap col-8 col-sm-12">
                    <div class="price js-product-price">
                    <div class="prices-wrapper">
                    <span class="sales ct-tile--price-primary ">
                    <span class="value" content="0.99">
                    <span class="ct-price-formatted">
                    €0,99
                    </span>
                    <span class="ct-m-unit">
                    /un
                    </span>
                    </span>
                    </span>
                    </div>
                    <div class="ct-tile--price-secondary">
                    <span class="ct-price-value">
                    €3,54
                    </span>
                    <span class="ct-m-unit">
                    /kg
                    </span>
                    </div>
                    </div>
                    </div>
                    <div class="ct-tile-buy-section d-flex justify-content-center no-gutters col-auto col-sm-12">
                    <div class="col-2 d-sm-flex d-none">
                    <button class="wishlist-toggler guest-mode inactive button button--tertiary" data-pid="4297267" data-add-url="https://www.continente.pt/on/demandware.store/Sites-continente-Site/default/Wishlist-AddProduct?pid=4297267" data-toggle="tooltip" aria-label="Adicionar aos favoritos " data-original-title="Adicionar aos favoritos" data-placement="top" tabindex="-1">
                    <svg class="active-content" width="100%" height="100%" viewBox="0 0 20 22" fill="none" xmlns="http://www.w3.org/2000/svg">
                    <path fill-rule="evenodd" clip-rule="evenodd" d="M0 1.53052C0 0.685236 0.692171 0 1.54601 0H15.0736C15.9274 0 16.6196 0.685235 16.6196 1.53052V13.4064L15.8127 13.922L14.2658 14.2658L12.7189 13.4064L10.6054 14.3818C10.4994 14.2451 10.3327 14.157 10.1452 14.157H6.76329C6.4431 14.157 6.18354 14.414 6.18354 14.731C6.18354 15.0479 6.4431 15.3049 6.76329 15.3049H10.1452C10.2478 15.3049 10.3441 15.2785 10.4277 15.2322L10.3126 16.8439L13.2345 20.2793H1.54601C0.69217 20.2793 0 19.5941 0 18.7488V1.53052ZM6.18354 5.5483C6.18354 5.23132 6.4431 4.97436 6.76329 4.97436H12.3676C12.6878 4.97436 12.9473 5.23132 12.9473 5.5483C12.9473 5.86528 12.6878 6.12224 12.3676 6.12224H6.76329C6.4431 6.12224 6.18354 5.86528 6.18354 5.5483ZM6.76329 11.0961C6.4431 11.0961 6.18354 11.3531 6.18354 11.6701C6.18354 11.987 6.4431 12.244 6.76329 12.244H12.3676C12.6878 12.244 12.9473 11.987 12.9473 11.6701C12.9473 11.3531 12.6878 11.0961 12.3676 11.0961H6.76329ZM6.18354 8.60985C6.18354 8.29287 6.4431 8.03591 6.76329 8.03591H12.3676C12.6878 8.03591 12.9473 8.29287 12.9473 8.60985C12.9473 8.92684 12.6878 9.1838 12.3676 9.1838H6.76329C6.4431 9.1838 6.18354 8.92684 6.18354 8.60985ZM3.67118 5.5483C3.67118 5.23132 3.93075 4.97436 4.25093 4.97436H4.63743C4.95762 4.97436 5.21719 5.23132 5.21719 5.5483C5.21719 5.86528 4.95762 6.12224 4.63743 6.12224H4.25093C3.93075 6.12224 3.67118 5.86528 3.67118 5.5483ZM4.25093 11.0961C3.93075 11.0961 3.67118 11.3531 3.67118 11.6701C3.67118 11.987 3.93075 12.244 4.25093 12.244H4.63743C4.95762 12.244 5.21719 11.987 5.21719 11.6701C5.21719 11.3531 4.95762 11.0961 4.63743 11.0961H4.25093ZM3.67118 8.60985C3.67118 8.29287 3.93075 8.03591 4.25093 8.03591H4.63743C4.95762 8.03591 5.21719 8.29287 5.21719 8.60985C5.21719 8.92684 4.95762 9.1838 4.63743 9.1838H4.25093C3.93075 9.1838 3.67118 8.92684 3.67118 8.60985ZM4.25093 14.157C3.93075 14.157 3.67118 14.414 3.67118 14.731C3.67118 15.0479 3.93075 15.3049 4.25093 15.3049H4.63743C4.95762 15.3049 5.21719 15.0479 5.21719 14.731C5.21719 14.414 4.95762 14.157 4.63743 14.157H4.25093Z" fill="#EB0203"></path>
                    <path fill-rule="evenodd" clip-rule="evenodd" d="M14.6252 13.6363C13.4918 12.6215 11.7817 12.5264 10.6569 13.4792C9.12421 14.7764 9.34841 16.8912 10.4409 18.0122L14.0159 21.6742C14.2197 21.8832 14.4928 22 14.7822 22C15.0737 22 15.3448 21.8852 15.5486 21.6762L19.1236 18.0142C20.214 16.8933 20.4423 14.7785 18.9075 13.4792C17.7827 12.5283 16.0724 12.6217 14.9391 13.6365C14.8855 13.6845 14.8331 13.7345 14.7822 13.7866C14.7313 13.7345 14.6789 13.6843 14.6252 13.6363ZM18.1546 14.3522C19.0973 15.1508 18.9962 16.4896 18.2891 17.2173C18.2888 17.2175 18.2886 17.2177 18.2884 17.218L14.7832 20.8084L11.2753 17.2151C11.2752 17.215 11.2751 17.2149 11.2749 17.2148C10.5677 16.4887 10.4678 15.1495 11.4104 14.3518L11.4108 14.3514C12.0745 13.7892 13.2018 13.82 13.9488 14.5846L14.7822 15.4378L15.6157 14.5846C16.3617 13.8211 17.4896 13.79 18.1545 14.3521" fill="#EB0203"></path>
                    </svg>
                    <svg class="inactive-content" width="100%" height="100%" viewBox="0 0 20 23" fill="none" xmlns="http://www.w3.org/2000/svg">
                    <path fill-rule="evenodd" clip-rule="evenodd" d="M6.18408 5.77914C6.18408 5.46223 6.44363 5.20532 6.7638 5.20532H12.3678C12.6879 5.20532 12.9475 5.46223 12.9475 5.77914C12.9475 6.09606 12.6879 6.35297 12.3678 6.35297H6.7638C6.44363 6.35297 6.18408 6.09606 6.18408 5.77914Z" fill="#EB0203"></path>
                    <path fill-rule="evenodd" clip-rule="evenodd" d="M6.18408 11.9034C6.18408 11.5865 6.44363 11.3296 6.7638 11.3296H12.3678C12.6879 11.3296 12.9475 11.5865 12.9475 11.9034C12.9475 12.2202 12.6879 12.4771 12.3678 12.4771H6.7638C6.44363 12.4771 6.18408 12.2202 6.18408 11.9034Z" fill="#EB0203"></path>
                    <path fill-rule="evenodd" clip-rule="evenodd" d="M6.18408 8.84116C6.18408 8.52424 6.44363 8.26733 6.7638 8.26733H12.3678C12.6879 8.26733 12.9475 8.52424 12.9475 8.84116C12.9475 9.15807 12.6879 9.41498 12.3678 9.41498H6.7638C6.44363 9.41498 6.18408 9.15807 6.18408 8.84116Z" fill="#EB0203"></path>
                    <path fill-rule="evenodd" clip-rule="evenodd" d="M6.18408 14.9655C6.18408 14.6486 6.44363 14.3917 6.7638 14.3917H10.1455C10.4657 14.3917 10.7252 14.6486 10.7252 14.9655C10.7252 15.2825 10.4657 15.5394 10.1455 15.5394H6.7638C6.44363 15.5394 6.18408 15.2825 6.18408 14.9655Z" fill="#EB0203"></path>
                    <path fill-rule="evenodd" clip-rule="evenodd" d="M3.67139 5.77914C3.67139 5.46223 3.93094 5.20532 4.25111 5.20532H4.63759C4.95776 5.20532 5.21731 5.46223 5.21731 5.77914C5.21731 6.09606 4.95776 6.35297 4.63759 6.35297H4.25111C3.93094 6.35297 3.67139 6.09606 3.67139 5.77914Z" fill="#EB0203"></path>
                    <path fill-rule="evenodd" clip-rule="evenodd" d="M3.67139 11.9034C3.67139 11.5865 3.93094 11.3296 4.25111 11.3296H4.63759C4.95776 11.3296 5.21731 11.5865 5.21731 11.9034C5.21731 12.2202 4.95776 12.4771 4.63759 12.4771H4.25111C3.93094 12.4771 3.67139 12.2202 3.67139 11.9034Z" fill="#EB0203"></path>
                    <path fill-rule="evenodd" clip-rule="evenodd" d="M3.67139 8.84116C3.67139 8.52424 3.93094 8.26733 4.25111 8.26733H4.63759C4.95776 8.26733 5.21731 8.52424 5.21731 8.84116C5.21731 9.15807 4.95776 9.41498 4.63759 9.41498H4.25111C3.93094 9.41498 3.67139 9.15807 3.67139 8.84116Z" fill="#EB0203"></path>
                    <path fill-rule="evenodd" clip-rule="evenodd" d="M3.67139 14.9655C3.67139 14.6486 3.93094 14.3917 4.25111 14.3917H4.63759C4.95776 14.3917 5.21731 14.6486 5.21731 14.9655C5.21731 15.2825 4.95776 15.5394 4.63759 15.5394H4.25111C3.93094 15.5394 3.67139 15.2825 3.67139 14.9655Z" fill="#EB0203"></path>
                    <path fill-rule="evenodd" clip-rule="evenodd" d="M0 1.76033C0 0.914738 0.692131 0.229248 1.54592 0.229248H15.0727C15.9265 0.229248 16.6186 0.914738 16.6186 1.76033V11.2818C16.6186 11.5989 16.3591 11.8559 16.0389 11.8559C15.7187 11.8559 15.4592 11.5989 15.4592 11.2818V1.76033C15.4592 1.54893 15.2862 1.37756 15.0727 1.37756H1.54592C1.33247 1.37756 1.15944 1.54893 1.15944 1.76033V18.985C1.15944 19.1964 1.33247 19.3678 1.54592 19.3678H9.27551C9.59568 19.3678 9.85523 19.6249 9.85523 19.942C9.85523 20.2591 9.59568 20.5161 9.27551 20.5161H1.54592C0.692131 20.5161 0 19.8306 0 18.985V1.76033Z" fill="#EB0203"></path>
                    <path fill-rule="evenodd" clip-rule="evenodd" d="M14.6254 13.8718C13.4921 12.8567 11.7821 12.7615 10.6574 13.7147C9.12472 15.0124 9.34891 17.128 10.4413 18.2493L14.0161 21.9126C14.2199 22.1217 14.493 22.2386 14.7824 22.2386C15.0739 22.2386 15.3449 22.1238 15.5487 21.9147L19.1235 18.2514C20.2139 17.13 20.4422 15.0144 18.9075 13.7147C17.7827 12.7634 16.0726 12.8569 14.9392 13.872C14.8856 13.92 14.8333 13.9701 14.7824 14.0222C14.7314 13.97 14.6791 13.9199 14.6254 13.8718ZM18.1546 14.588C19.0972 15.3869 18.9961 16.7262 18.2891 17.4541C18.2888 17.4543 18.2886 17.4546 18.2884 17.4548L14.7834 21.0466L11.2757 17.452C11.2756 17.4519 11.2755 17.4517 11.2753 17.4516C10.5681 16.7252 10.4682 15.3856 11.4108 14.5876L11.4112 14.5872C12.0748 14.0248 13.202 14.0556 13.949 14.8205L14.7824 15.674L15.6158 14.8205C16.3618 14.0567 17.4896 14.0256 18.1545 14.5879" fill="#EB0203"></path>
                    </svg>
                    </button>
                    </div>
                    <div class="col-sm-10 col-12">
                    <div class="ct-tile-quantity d-none" data-pid="4297267">
                    <input type="hidden" class="add-to-cart-url" value="https://www.continente.pt/on/demandware.store/Sites-continente-Site/default/Cart-AddProduct" tabindex="-1">
                    <div class="d-none tile-delete-confirmation-btn" data-pid="4297267" data-delay-time="3000" data-in-cart-msg="no carrinho" data-one-product-added="Adicionado ao carrinho" data-remove-from-cart-msg="Removido do carrinho" data-stay-open="6000.0" data-confirmation-image="{&quot;url&quot;:&quot;https://www.continente.pt/dw/image/v2/BDVS_PRD/on/demandware.static/-/Sites-col-master-catalog/default/dwfd5d10e5/images/col/429/4297267-frente.jpg?sw=87&amp;sh=80&quot;,&quot;fallbackimage&quot;:{&quot;url&quot;:&quot;https://www.continente.pt/dw/image/v2/BDVS_PRD/on/demandware.static/Sites-continente-Site/-/default/dw7c42b4da/images/noimagelarge_product.png?sw=87&amp;sh=80&quot;,&quot;title&quot;:&quot;Massa Fresca para Pizza&quot;,&quot;alt&quot;:&quot;Massa Fresca para Pizza&quot;},&quot;title&quot;:&quot;Massa Fresca para Pizza&quot;,&quot;alt&quot;:&quot;Massa Fresca para Pizza&quot;}"></div>
                    <div class="ct-tile-quantity-update quantity-update product-qty-vue" data-remove-action="https://www.continente.pt/on/demandware.store/Sites-continente-Site/default/Cart-RemoveProductLineItem" data-action="https://www.continente.pt/on/demandware.store/Sites-continente-Site/default/Cart-UpdateQuantity" data-dimension-update="https://www.continente.pt/on/demandware.store/Sites-continente-Site/default/Cart-DimensionUpdate" data-pid="4297267" data-uuid="0966e9116eb7b8c5148978a4b1" data-add-delay="500.0" data-measure-options="{&quot;hasConversionRate&quot;:true,&quot;hasAlternativeSaleUnit&quot;:false,&quot;primaryToSecondary&quot;:1,&quot;secondaryToPrimary&quot;:1,&quot;unitConversionRate&quot;:1,&quot;minOrderQuantity&quot;:1,&quot;stepQuantity&quot;:1,&quot;primaryunit&quot;:&quot;un&quot;,&quot;secondaryunit&quot;:&quot;kg&quot;,&quot;selectedunit&quot;:&quot;primary&quot;,&quot;maxNumberOfUnitsPerSale&quot;:50}" data-price-available="null" :data-has-error="isMaxQtyReached || isMinQtyReached || qtySelectedMoreThanOne">
                    <template v-show="prodUnits">
                    <div class="quantity-input-wrapper has-units">
                    <label class="visually-hidden" :for="'quantity-' + pid + additionalTag">
                    Quantidade no carrinho
                    </label>
                    <input :ref="'quantityInput-' + pid + additionalTag" class="add-to-cart-quantity form-control ct-form-input text-center" inputmode="numeric" :class="{'is-invalid': isInvalid}" :data-pid="pid + additionalTag" :name="'quantity-' + pid + additionalTag" type="text" aria-label="Insira a quantidade" title="" v-model="displayValue" @change="updateQuantity" @focus="updateQtyFormat" @blur="restoreQtyFormat" :disabled="!isPriceAvailable">
                    <span class="quantity-icon quantity-icon--minus">
                    <button class="decrease-quantity-btn" @click="updateQuantity" :disabled="!isPriceAvailable" role="button" aria-label="Reduzir quantidade">
                    <i class="css-math-minus"></i>
                    </button>
                    </span>
                    <span class="quantity-icon quantity-icon--plus">
                    <button class="increase-quantity-btn" @click="updateQuantity" :disabled="isMaxQtyReached || !isPriceAvailable" role="button" aria-label="Aumentar quantidade">
                    <i class="css-math-plus"></i>
                    </button>
                    <span class="quantity-btn-disabled-placeholder"></span>
                    </span>
                    <template v-if="isPDP">
                    <span class="quantity-error ct-span-error text-sm-center product-max-allocation" v-if="isMaxQtyReached">
                    Quantidade máxima atingida
                    </span>
                    <span class="quantity-error ct-span-product text-sm-center product-allocation" v-if="!isMinQtyReached &amp;&amp; !isMaxQtyReached">
                    {{quantitySelected}} no carrinho
                    </span>
                    <span class="quantity-error ct-span-error text-sm-center product-min-allocation" :data-pid="pid" v-if="isMinQtyReached &amp;&amp; !isMaxQtyReached">
                    Quantidade mínima atingida
                    </span>
                    </template>
                    </div>
                    <template v-if="showNotes">
                    <div class="add-note-link-container ">
                    <div class="add-note">
                    <a href="/produto/massa-fresca-para-pizza-continente-facil-bom-4297267.html?showNote=true" class="ct-add-note-redirect-pdp" aria-label="Adicionar comentário">
                    <span class="svg-wrapper svg-icon-notes" style="width:19px; height:20px">
                    <svg class="svg-inline icon-notes" viewBox="0 0 28 30" xmlns="http://www.w3.org/2000/svg" width="100%" height="100%"><path d="M21.738 0C22.985 0 24 1.04 24 2.319V12.47c0 .469-.37.848-.828.848-.457 0-.827-.38-.827-.848V2.32c0-.343-.273-.622-.607-.622H2.262c-.334 0-.607.279-.607.622V27.68c0 .343.273.622.607.622h7.81c.457 0 .827.38.827.849 0 .468-.37.848-.827.848h-7.81C1.015 30 0 28.96 0 27.681V2.32C0 1.04 1.015 0 2.262 0h19.476zm2.844 16.004l.227.007c.823.053 1.589.39 2.176.964.64.627.993 1.46.993 2.349 0 .888-.353 1.722-.993 2.348l-6.83 6.665c-.11.108-.247.186-.397.226l-5.032 1.363c-.078.021-.16.032-.241.032-.242 0-.478-.097-.647-.266-.23-.231-.314-.566-.218-.874l1.49-4.798c.044-.139.122-.266.227-.369l6.844-6.677c.64-.625 1.493-.97 2.401-.97zm-2.886 3.94l-4.922 4.802-.947 3.048 3.22-.872 4.897-4.78-2.248-2.197zm2.887-2.174c-.425 0-.824.162-1.124.455l-.484.472 2.248 2.197.484-.472c.62-.606.62-1.591 0-2.197l-.117-.104c-.283-.227-.636-.35-1.007-.35zm-10.839.022c.498 0 .904.396.904.883 0 .488-.406.884-.904.884H5.946c-.499 0-.904-.396-.904-.884 0-.487.405-.883.904-.883zm5.042-4.876c.498 0 .904.397.904.884s-.406.884-.904.884H5.946c-.499 0-.904-.397-.904-.884s.405-.884.904-.884zm0-4.875c.498 0 .904.396.904.884 0 .487-.406.883-.904.883H5.946c-.499 0-.904-.396-.904-.883 0-.488.405-.884.904-.884z" fill="#EB0203" fill-rule="evenodd"></path></svg>
                    </span>
                    <div class="available-note d-none"></div>
                    </a>
                    </div>
                    </div>
                    </template>
                    <div class="measurement-unit-section" v-if="isPriceAvailable &amp;&amp; prodUnits ? prodUnits.hasAlternativeUnit : false">
                    <div class="ct-form-radio" @click="setDimension">
                    <input type="radio" title="" class="ct-form-check-input product-measurement-unit" :data-type="prodUnits.selectedUnit == prodUnits.secondaryUnit ? 'primary' : ''" :id="prodUnits.secondaryUnit + '-' + pid + '-measurement-unit-ptile' + additionalTag" :name="'measurement-unit-' + pid + '-ptile' + additionalTag" :value="prodUnits.secondaryUnit" v-model="prodUnits.selectedUnit">
                    <label :class="prodUnits.secondaryUnit + '-label ct-form-check-label mb-0'" :for="prodUnits.secondaryUnit + '-' + pid + '-measurement-unit-ptile' + additionalTag">
                    {{prodUnits.secondaryUnit}}
                    </label>
                    <span class="checkmark"></span>
                    </div>
                    <div class="ct-form-radio" @click="setDimension">
                    <input type="radio" title="" class="ct-form-check-input product-measurement-unit" :data-type="prodUnits.selectedUnit == prodUnits.primaryUnit ? 'primary' : ''" :id="prodUnits.primaryUnit + '-' + pid + '-measurement-unit-ptile' + additionalTag" :name="'measurement-unit-' + pid + '-ptile' + additionalTag" :value="prodUnits.primaryUnit" v-model="prodUnits.selectedUnit">
                    <label :class="prodUnits.primaryUnit + '-label ct-form-check-label mb-0'" :for="prodUnits.primaryUnit + '-' + pid + '-measurement-unit-ptile' + additionalTag">
                    {{prodUnits.primaryUnit}}
                    </label>
                    <span class="checkmark"></span>
                    </div>
                    </div>
                    <template v-if="!isPDP &amp;&amp; isPriceAvailable">
                    <span class="quantity-error ct-span-error product-max-allocation" v-if="isMaxQtyReached">
                    Quantidade máxima atingida
                    </span>
                    <span class="quantity-error ct-span-product product-allocation" v-if="!isMinQtyReached &amp;&amp; !isMaxQtyReached">
                    {{quantitySelected}} no carrinho
                    </span>
                    <span class="quantity-error ct-span-error product-min-allocation" :data-pid="pid" v-if="isMinQtyReached &amp;&amp; !isMaxQtyReached">
                    Quantidade mínima atingida
                    </span>
                    </template>
                    </template>
                    </div>
                    <input class="quantity-value-mask d-none" name="quantity" type="number" min="0" value="" tabindex="-1">
                    </div>
                    <button type="button" class="add-to-cart button js-add-to-cart js-add-to-cart-tile 4297267 button--primary dynamic-layout-btn" data-toggle="modal" data-target="#chooseBonusProductModal" data-pid="4297267" data-quantity-value="null" aria-label="Carrinho" tabindex="-1">
                    <span class="d-block d-sm-none">
                    <span class="svg-wrapper svg-icon-cart" style="width:20px; height:20px">
                    <svg class="svg-inline icon-cart" xmlns="http://www.w3.org/2000/svg" viewBox="0 0 500 500" width="100%" height="100%"><path fill="#EB0203" fill-rule="evenodd" d="M 485.67317,94.386311 C 476.37798,83.847129 463.09468,78.03348 448.30404,78.03348 H 90.690813 L 87.079511,51.327997 C 83.185582,22.539551 62.962285,0 41.011841,0 H 14.727836 C 6.563151,0 0,6.5286975 0,14.580758 c 0,8.05206 6.5945535,14.580758 14.727836,14.580758 h 26.284005 c 4.710398,0 14.696435,9.855222 16.894619,26.021523 L 100.01739,368.0631 c 1.88416,13.77244 9.01256,26.70549 20.1605,36.37417 8.25889,7.15046 18.02511,11.9071 28.26237,13.89679 -4.17655,7.58572 -6.53175,16.25957 -6.53175,25.493 0,29.53459 24.27424,53.59751 54.13815,53.59751 29.8325,0 54.13814,-24.03184 54.13814,-53.59751 0,-8.79818 -2.19818,-17.09897 -5.9979,-24.43598 h 77.12488 c -3.79973,7.33701 -5.96652,15.6378 -5.96652,24.43598 0,29.53459 24.27424,53.59751 54.13817,53.59751 29.83249,0 54.13814,-24.03184 54.13814,-53.59751 0,-8.79818 -2.1982,-17.09897 -5.9979,-24.43598 h 38.56243 c 8.13328,0 14.72783,-6.5287 14.72783,-14.61183 0,-8.02098 -6.59455,-14.54967 -14.72783,-14.54967 H 159.24277 c -14.38241,0 -28.13677,-11.90711 -30.02092,-26.02153 l -3.07746,-22.88154 h 290.6314 c 14.03698,0 27.94834,-5.28513 39.06488,-14.95381 11.11652,-9.6376 18.27632,-22.57065 20.16048,-36.37417 l 21.10259,-156.78201 c 1.94694,-14.51858 -2.10398,-28.29103 -11.43057,-38.861299 z M 220.76053,443.82706 c 0,13.49265 -11.08513,24.46709 -24.68247,24.46709 -13.62874,0 -24.71387,-10.97444 -24.71387,-24.46709 0,-13.49262 11.08513,-24.43598 24.71387,-24.43598 13.59734,0 24.68247,10.94336 24.68247,24.43598 z m 173.43675,0 c 0,13.49265 -11.08512,24.46709 -24.68245,24.46709 -13.62876,0 -24.71388,-10.97444 -24.71388,-24.46709 0,-13.49262 11.08512,-24.43598 24.71388,-24.43598 13.59733,0 24.68245,10.94336 24.68245,24.43598 z m 73.7648,-314.46558 -21.13397,156.782 c -1.88416,14.11442 -15.63851,26.05261 -30.02091,26.05261 H 122.25046 L 94.616142,107.19499 H 448.33544 c 6.18632,0 11.61896,2.2695 15.23028,6.37326 3.64269,4.13484 5.21283,9.73086 4.39636,15.79323 z"></path></svg>
                    </span>
                    </span>
                    <span class="add-to-cart--text d-none d-sm-block">Carrinho</span>
                    </button>
                    </div>
                    </div>
                    </div>
                    </div>
                    
                    <div class="col-12 d-sm-none">
                    </div>
                    </div>
                    </div>
                    </div>
                    </div><div class="pd-tile-wrap slick-slide slick-cloned" data-idx="4" style="width: 276px; height: auto;" data-slick-index="20" id="" aria-hidden="true" tabindex="-1">
                    
                    <script type="text/javascript">//<!--
                    /* <![CDATA[ */
                    (function(){
                    try {
                        if(window.CQuotient) {
                            var cq_params = {};
                            cq_params.cookieId = window.CQuotient.getCQCookieId();
                            cq_params.userId = window.CQuotient.getCQUserId();
                            cq_params.emailId = CQuotient.getCQHashedEmail();
                            cq_params.loginId = CQuotient.getCQHashedLogin();
                            cq_params.accumulate = true;
                            cq_params.products = [{
                                id: '5060932',
                                sku: '',
                                type: '',
                                alt_id: ''
                            }];
                            cq_params.recommenderName = '__UNDEFINED__';
                            cq_params.realm = "BDVS";
                            cq_params.siteId = "continente";
                            cq_params.instanceType = "prd";
                            cq_params.locale = window.CQuotient.locale;
                            cq_params.slotId = '';
                            cq_params.slotConfigId = '';
                            cq_params.slotConfigTemplate = '';
                            if(window.CQuotient.sendActivity)
                                window.CQuotient.sendActivity( CQuotient.clientId, 'viewReco', cq_params );
                            else
                                window.CQuotient.activities.push( {activityType: 'viewReco', parameters: cq_params} );
                        }
                    } catch(err) {}
                    })();
                    /* ]]> */
                    // -->
                    </script>
                    <script type="text/javascript">//<!--
                    /* <![CDATA[ (viewProduct-active_data.js) */
                    dw.ac._capture({id: "5060932", type: "recommendation"});
                    /* ]]> */
                    // -->
                    </script>
                    <div class="product" data-pid="5060932">
                    <div class="product-tile pid-5060932   ct-product-tile " data-delay-time="3000" data-variants-mapping="[]" data-in-cart-msg="no carrinho" data-one-product-added="Adicionado ao carrinho" data-remove-from-cart-msg="Removido do carrinho" data-stay-open="6000.0" data-product-tile-impression="{&quot;name&quot;:&quot;5060932&quot;,&quot;id&quot;:&quot;5060932&quot;,&quot;price&quot;:3.69,&quot;brand&quot;:&quot;Rana&quot;,&quot;category&quot;:[{&quot;category_level_1&quot;:&quot;Take-Away&quot;},{&quot;category_level_2&quot;:&quot;Massas Frescas e Noodles&quot;},{&quot;category_level_3&quot;:&quot;Massas Simples e Recheadas&quot;}],&quot;variant&quot;:&quot;&quot;}">
                    <div class="ct-inner-tile-wrap row no-gutters justify-content-center align-content-start">
                    
                    <div class="ct-image-container col-4 col-sm" data-confirmation-image="{&quot;url&quot;:&quot;https://www.continente.pt/dw/image/v2/BDVS_PRD/on/demandware.static/-/Sites-col-master-catalog/default/dw55ce229d/images/col/506/5060932-frente.jpg?sw=87&amp;sh=80&quot;,&quot;fallbackimage&quot;:{&quot;url&quot;:&quot;https://www.continente.pt/dw/image/v2/BDVS_PRD/on/demandware.static/Sites-continente-Site/-/default/dw7c42b4da/images/noimagelarge_product.png?sw=87&amp;sh=80&quot;,&quot;title&quot;:&quot;Tortellini Fresco de Ricotta e Espinafres&quot;,&quot;alt&quot;:&quot;Tortellini Fresco de Ricotta e Espinafres&quot;},&quot;title&quot;:&quot;Tortellini Fresco de Ricotta e Espinafres&quot;,&quot;alt&quot;:&quot;Tortellini Fresco de Ricotta e Espinafres&quot;}">
                    <a href="https://www.continente.pt/produto/tortellini-fresco-de-ricotta-e-espinafres-rana-5060932.html?cgid=home" tabindex="-1">
                    <picture class="intrinsic intrinsic--square">
                    <img class="ct-tile-image lazyloaded" loading="lazy" onerror="this.onerror=null;this.src='/on/demandware.static/Sites-continente-Site/-/default/dw7c42b4da/images/noimagelarge_product.png';" data-src="https://www.continente.pt/dw/image/v2/BDVS_PRD/on/demandware.static/-/Sites-col-master-catalog/default/dw55ce229d/images/col/506/5060932-frente.jpg?sw=280&amp;sh=280" alt="Tortellini Fresco de Ricotta e Espinafres" title="Tortellini Fresco de Ricotta e Espinafres" src="https://www.continente.pt/dw/image/v2/BDVS_PRD/on/demandware.static/-/Sites-col-master-catalog/default/dw55ce229d/images/col/506/5060932-frente.jpg?sw=280&amp;sh=280">
                    </picture>
                    </a>
                    <div class="color-swatches d-flex" style="margin-left: 5px;">
                    <div class="swatches d-flex">
                    </div>
                    </div>
                    </div>
                    <div class="ct-tile-body col col-sm-auto ">
                    <div class="ct-pdp-details">
                    <div class="ct-pdp-link">
                    <a class="ct-tile--description" href="https://www.continente.pt/produto/tortellini-fresco-de-ricotta-e-espinafres-rana-5060932.html?cgid=home" tabindex="-1">Tortellini Fresco de Ricotta e Espinafres</a>
                    <div class="ct-tile--favorite-top d-sm-none">
                    <button class="wishlist-toggler guest-mode inactive button button--tertiary" data-pid="5060932" data-add-url="https://www.continente.pt/on/demandware.store/Sites-continente-Site/default/Wishlist-AddProduct?pid=5060932" data-toggle="tooltip" aria-label="Adicionar aos favoritos " data-original-title="Adicionar aos favoritos" data-placement="top" tabindex="-1">
                    <svg class="active-content" width="100%" height="100%" viewBox="0 0 20 22" fill="none" xmlns="http://www.w3.org/2000/svg">
                    <path fill-rule="evenodd" clip-rule="evenodd" d="M0 1.53052C0 0.685236 0.692171 0 1.54601 0H15.0736C15.9274 0 16.6196 0.685235 16.6196 1.53052V13.4064L15.8127 13.922L14.2658 14.2658L12.7189 13.4064L10.6054 14.3818C10.4994 14.2451 10.3327 14.157 10.1452 14.157H6.76329C6.4431 14.157 6.18354 14.414 6.18354 14.731C6.18354 15.0479 6.4431 15.3049 6.76329 15.3049H10.1452C10.2478 15.3049 10.3441 15.2785 10.4277 15.2322L10.3126 16.8439L13.2345 20.2793H1.54601C0.69217 20.2793 0 19.5941 0 18.7488V1.53052ZM6.18354 5.5483C6.18354 5.23132 6.4431 4.97436 6.76329 4.97436H12.3676C12.6878 4.97436 12.9473 5.23132 12.9473 5.5483C12.9473 5.86528 12.6878 6.12224 12.3676 6.12224H6.76329C6.4431 6.12224 6.18354 5.86528 6.18354 5.5483ZM6.76329 11.0961C6.4431 11.0961 6.18354 11.3531 6.18354 11.6701C6.18354 11.987 6.4431 12.244 6.76329 12.244H12.3676C12.6878 12.244 12.9473 11.987 12.9473 11.6701C12.9473 11.3531 12.6878 11.0961 12.3676 11.0961H6.76329ZM6.18354 8.60985C6.18354 8.29287 6.4431 8.03591 6.76329 8.03591H12.3676C12.6878 8.03591 12.9473 8.29287 12.9473 8.60985C12.9473 8.92684 12.6878 9.1838 12.3676 9.1838H6.76329C6.4431 9.1838 6.18354 8.92684 6.18354 8.60985ZM3.67118 5.5483C3.67118 5.23132 3.93075 4.97436 4.25093 4.97436H4.63743C4.95762 4.97436 5.21719 5.23132 5.21719 5.5483C5.21719 5.86528 4.95762 6.12224 4.63743 6.12224H4.25093C3.93075 6.12224 3.67118 5.86528 3.67118 5.5483ZM4.25093 11.0961C3.93075 11.0961 3.67118 11.3531 3.67118 11.6701C3.67118 11.987 3.93075 12.244 4.25093 12.244H4.63743C4.95762 12.244 5.21719 11.987 5.21719 11.6701C5.21719 11.3531 4.95762 11.0961 4.63743 11.0961H4.25093ZM3.67118 8.60985C3.67118 8.29287 3.93075 8.03591 4.25093 8.03591H4.63743C4.95762 8.03591 5.21719 8.29287 5.21719 8.60985C5.21719 8.92684 4.95762 9.1838 4.63743 9.1838H4.25093C3.93075 9.1838 3.67118 8.92684 3.67118 8.60985ZM4.25093 14.157C3.93075 14.157 3.67118 14.414 3.67118 14.731C3.67118 15.0479 3.93075 15.3049 4.25093 15.3049H4.63743C4.95762 15.3049 5.21719 15.0479 5.21719 14.731C5.21719 14.414 4.95762 14.157 4.63743 14.157H4.25093Z" fill="#EB0203"></path>
                    <path fill-rule="evenodd" clip-rule="evenodd" d="M14.6252 13.6363C13.4918 12.6215 11.7817 12.5264 10.6569 13.4792C9.12421 14.7764 9.34841 16.8912 10.4409 18.0122L14.0159 21.6742C14.2197 21.8832 14.4928 22 14.7822 22C15.0737 22 15.3448 21.8852 15.5486 21.6762L19.1236 18.0142C20.214 16.8933 20.4423 14.7785 18.9075 13.4792C17.7827 12.5283 16.0724 12.6217 14.9391 13.6365C14.8855 13.6845 14.8331 13.7345 14.7822 13.7866C14.7313 13.7345 14.6789 13.6843 14.6252 13.6363ZM18.1546 14.3522C19.0973 15.1508 18.9962 16.4896 18.2891 17.2173C18.2888 17.2175 18.2886 17.2177 18.2884 17.218L14.7832 20.8084L11.2753 17.2151C11.2752 17.215 11.2751 17.2149 11.2749 17.2148C10.5677 16.4887 10.4678 15.1495 11.4104 14.3518L11.4108 14.3514C12.0745 13.7892 13.2018 13.82 13.9488 14.5846L14.7822 15.4378L15.6157 14.5846C16.3617 13.8211 17.4896 13.79 18.1545 14.3521" fill="#EB0203"></path>
                    </svg>
                    <svg class="inactive-content" width="100%" height="100%" viewBox="0 0 20 23" fill="none" xmlns="http://www.w3.org/2000/svg">
                    <path fill-rule="evenodd" clip-rule="evenodd" d="M6.18408 5.77914C6.18408 5.46223 6.44363 5.20532 6.7638 5.20532H12.3678C12.6879 5.20532 12.9475 5.46223 12.9475 5.77914C12.9475 6.09606 12.6879 6.35297 12.3678 6.35297H6.7638C6.44363 6.35297 6.18408 6.09606 6.18408 5.77914Z" fill="#EB0203"></path>
                    <path fill-rule="evenodd" clip-rule="evenodd" d="M6.18408 11.9034C6.18408 11.5865 6.44363 11.3296 6.7638 11.3296H12.3678C12.6879 11.3296 12.9475 11.5865 12.9475 11.9034C12.9475 12.2202 12.6879 12.4771 12.3678 12.4771H6.7638C6.44363 12.4771 6.18408 12.2202 6.18408 11.9034Z" fill="#EB0203"></path>
                    <path fill-rule="evenodd" clip-rule="evenodd" d="M6.18408 8.84116C6.18408 8.52424 6.44363 8.26733 6.7638 8.26733H12.3678C12.6879 8.26733 12.9475 8.52424 12.9475 8.84116C12.9475 9.15807 12.6879 9.41498 12.3678 9.41498H6.7638C6.44363 9.41498 6.18408 9.15807 6.18408 8.84116Z" fill="#EB0203"></path>
                    <path fill-rule="evenodd" clip-rule="evenodd" d="M6.18408 14.9655C6.18408 14.6486 6.44363 14.3917 6.7638 14.3917H10.1455C10.4657 14.3917 10.7252 14.6486 10.7252 14.9655C10.7252 15.2825 10.4657 15.5394 10.1455 15.5394H6.7638C6.44363 15.5394 6.18408 15.2825 6.18408 14.9655Z" fill="#EB0203"></path>
                    <path fill-rule="evenodd" clip-rule="evenodd" d="M3.67139 5.77914C3.67139 5.46223 3.93094 5.20532 4.25111 5.20532H4.63759C4.95776 5.20532 5.21731 5.46223 5.21731 5.77914C5.21731 6.09606 4.95776 6.35297 4.63759 6.35297H4.25111C3.93094 6.35297 3.67139 6.09606 3.67139 5.77914Z" fill="#EB0203"></path>
                    <path fill-rule="evenodd" clip-rule="evenodd" d="M3.67139 11.9034C3.67139 11.5865 3.93094 11.3296 4.25111 11.3296H4.63759C4.95776 11.3296 5.21731 11.5865 5.21731 11.9034C5.21731 12.2202 4.95776 12.4771 4.63759 12.4771H4.25111C3.93094 12.4771 3.67139 12.2202 3.67139 11.9034Z" fill="#EB0203"></path>
                    <path fill-rule="evenodd" clip-rule="evenodd" d="M3.67139 8.84116C3.67139 8.52424 3.93094 8.26733 4.25111 8.26733H4.63759C4.95776 8.26733 5.21731 8.52424 5.21731 8.84116C5.21731 9.15807 4.95776 9.41498 4.63759 9.41498H4.25111C3.93094 9.41498 3.67139 9.15807 3.67139 8.84116Z" fill="#EB0203"></path>
                    <path fill-rule="evenodd" clip-rule="evenodd" d="M3.67139 14.9655C3.67139 14.6486 3.93094 14.3917 4.25111 14.3917H4.63759C4.95776 14.3917 5.21731 14.6486 5.21731 14.9655C5.21731 15.2825 4.95776 15.5394 4.63759 15.5394H4.25111C3.93094 15.5394 3.67139 15.2825 3.67139 14.9655Z" fill="#EB0203"></path>
                    <path fill-rule="evenodd" clip-rule="evenodd" d="M0 1.76033C0 0.914738 0.692131 0.229248 1.54592 0.229248H15.0727C15.9265 0.229248 16.6186 0.914738 16.6186 1.76033V11.2818C16.6186 11.5989 16.3591 11.8559 16.0389 11.8559C15.7187 11.8559 15.4592 11.5989 15.4592 11.2818V1.76033C15.4592 1.54893 15.2862 1.37756 15.0727 1.37756H1.54592C1.33247 1.37756 1.15944 1.54893 1.15944 1.76033V18.985C1.15944 19.1964 1.33247 19.3678 1.54592 19.3678H9.27551C9.59568 19.3678 9.85523 19.6249 9.85523 19.942C9.85523 20.2591 9.59568 20.5161 9.27551 20.5161H1.54592C0.692131 20.5161 0 19.8306 0 18.985V1.76033Z" fill="#EB0203"></path>
                    <path fill-rule="evenodd" clip-rule="evenodd" d="M14.6254 13.8718C13.4921 12.8567 11.7821 12.7615 10.6574 13.7147C9.12472 15.0124 9.34891 17.128 10.4413 18.2493L14.0161 21.9126C14.2199 22.1217 14.493 22.2386 14.7824 22.2386C15.0739 22.2386 15.3449 22.1238 15.5487 21.9147L19.1235 18.2514C20.2139 17.13 20.4422 15.0144 18.9075 13.7147C17.7827 12.7634 16.0726 12.8569 14.9392 13.872C14.8856 13.92 14.8333 13.9701 14.7824 14.0222C14.7314 13.97 14.6791 13.9199 14.6254 13.8718ZM18.1546 14.588C19.0972 15.3869 18.9961 16.7262 18.2891 17.4541C18.2888 17.4543 18.2886 17.4546 18.2884 17.4548L14.7834 21.0466L11.2757 17.452C11.2756 17.4519 11.2755 17.4517 11.2753 17.4516C10.5681 16.7252 10.4682 15.3856 11.4108 14.5876L11.4112 14.5872C12.0748 14.0248 13.202 14.0556 13.949 14.8205L14.7824 15.674L15.6158 14.8205C16.3618 14.0567 17.4896 14.0256 18.1545 14.5879" fill="#EB0203"></path>
                    </svg>
                    </button>
                    </div>
                    </div>
                    <p class="ct-tile--brand">Rana</p>
                    <p class="ct-tile--quantity">emb. 250 gr</p>
                    </div>
                    <div class="ct-tile-bottom row no-gutters justify-content-between">
                    <div class="ct-price-wrap col-8 col-sm-12">
                    <div class="price js-product-price">
                    <div class="prices-wrapper">
                    <span class="sales ct-tile--price-primary ">
                    <span class="value" content="3.69">
                    <span class="ct-price-formatted">
                    €3,69
                    </span>
                    <span class="ct-m-unit">
                    /un
                    </span>
                    </span>
                    </span>
                    </div>
                    <div class="ct-tile--price-secondary">
                    <span class="ct-price-value">
                    €14,76
                    </span>
                    <span class="ct-m-unit">
                    /kg
                    </span>
                    </div>
                    </div>
                    </div>
                    <div class="ct-tile-buy-section d-flex justify-content-center no-gutters col-auto col-sm-12">
                    <div class="col-2 d-sm-flex d-none">
                    
                    <button class="wishlist-toggler guest-mode inactive button button--tertiary" data-pid="5060932" data-add-url="https://www.continente.pt/on/demandware.store/Sites-continente-Site/default/Wishlist-AddProduct?pid=5060932" data-toggle="tooltip" aria-label="Adicionar aos favoritos " data-original-title="Adicionar aos favoritos" data-placement="top" tabindex="-1">
                    <svg class="active-content" width="100%" height="100%" viewBox="0 0 20 22" fill="none" xmlns="http://www.w3.org/2000/svg">
                    <path fill-rule="evenodd" clip-rule="evenodd" d="M0 1.53052C0 0.685236 0.692171 0 1.54601 0H15.0736C15.9274 0 16.6196 0.685235 16.6196 1.53052V13.4064L15.8127 13.922L14.2658 14.2658L12.7189 13.4064L10.6054 14.3818C10.4994 14.2451 10.3327 14.157 10.1452 14.157H6.76329C6.4431 14.157 6.18354 14.414 6.18354 14.731C6.18354 15.0479 6.4431 15.3049 6.76329 15.3049H10.1452C10.2478 15.3049 10.3441 15.2785 10.4277 15.2322L10.3126 16.8439L13.2345 20.2793H1.54601C0.69217 20.2793 0 19.5941 0 18.7488V1.53052ZM6.18354 5.5483C6.18354 5.23132 6.4431 4.97436 6.76329 4.97436H12.3676C12.6878 4.97436 12.9473 5.23132 12.9473 5.5483C12.9473 5.86528 12.6878 6.12224 12.3676 6.12224H6.76329C6.4431 6.12224 6.18354 5.86528 6.18354 5.5483ZM6.76329 11.0961C6.4431 11.0961 6.18354 11.3531 6.18354 11.6701C6.18354 11.987 6.4431 12.244 6.76329 12.244H12.3676C12.6878 12.244 12.9473 11.987 12.9473 11.6701C12.9473 11.3531 12.6878 11.0961 12.3676 11.0961H6.76329ZM6.18354 8.60985C6.18354 8.29287 6.4431 8.03591 6.76329 8.03591H12.3676C12.6878 8.03591 12.9473 8.29287 12.9473 8.60985C12.9473 8.92684 12.6878 9.1838 12.3676 9.1838H6.76329C6.4431 9.1838 6.18354 8.92684 6.18354 8.60985ZM3.67118 5.5483C3.67118 5.23132 3.93075 4.97436 4.25093 4.97436H4.63743C4.95762 4.97436 5.21719 5.23132 5.21719 5.5483C5.21719 5.86528 4.95762 6.12224 4.63743 6.12224H4.25093C3.93075 6.12224 3.67118 5.86528 3.67118 5.5483ZM4.25093 11.0961C3.93075 11.0961 3.67118 11.3531 3.67118 11.6701C3.67118 11.987 3.93075 12.244 4.25093 12.244H4.63743C4.95762 12.244 5.21719 11.987 5.21719 11.6701C5.21719 11.3531 4.95762 11.0961 4.63743 11.0961H4.25093ZM3.67118 8.60985C3.67118 8.29287 3.93075 8.03591 4.25093 8.03591H4.63743C4.95762 8.03591 5.21719 8.29287 5.21719 8.60985C5.21719 8.92684 4.95762 9.1838 4.63743 9.1838H4.25093C3.93075 9.1838 3.67118 8.92684 3.67118 8.60985ZM4.25093 14.157C3.93075 14.157 3.67118 14.414 3.67118 14.731C3.67118 15.0479 3.93075 15.3049 4.25093 15.3049H4.63743C4.95762 15.3049 5.21719 15.0479 5.21719 14.731C5.21719 14.414 4.95762 14.157 4.63743 14.157H4.25093Z" fill="#EB0203"></path>
                    <path fill-rule="evenodd" clip-rule="evenodd" d="M14.6252 13.6363C13.4918 12.6215 11.7817 12.5264 10.6569 13.4792C9.12421 14.7764 9.34841 16.8912 10.4409 18.0122L14.0159 21.6742C14.2197 21.8832 14.4928 22 14.7822 22C15.0737 22 15.3448 21.8852 15.5486 21.6762L19.1236 18.0142C20.214 16.8933 20.4423 14.7785 18.9075 13.4792C17.7827 12.5283 16.0724 12.6217 14.9391 13.6365C14.8855 13.6845 14.8331 13.7345 14.7822 13.7866C14.7313 13.7345 14.6789 13.6843 14.6252 13.6363ZM18.1546 14.3522C19.0973 15.1508 18.9962 16.4896 18.2891 17.2173C18.2888 17.2175 18.2886 17.2177 18.2884 17.218L14.7832 20.8084L11.2753 17.2151C11.2752 17.215 11.2751 17.2149 11.2749 17.2148C10.5677 16.4887 10.4678 15.1495 11.4104 14.3518L11.4108 14.3514C12.0745 13.7892 13.2018 13.82 13.9488 14.5846L14.7822 15.4378L15.6157 14.5846C16.3617 13.8211 17.4896 13.79 18.1545 14.3521" fill="#EB0203"></path>
                    </svg>
                    <svg class="inactive-content" width="100%" height="100%" viewBox="0 0 20 23" fill="none" xmlns="http://www.w3.org/2000/svg">
                    <path fill-rule="evenodd" clip-rule="evenodd" d="M6.18408 5.77914C6.18408 5.46223 6.44363 5.20532 6.7638 5.20532H12.3678C12.6879 5.20532 12.9475 5.46223 12.9475 5.77914C12.9475 6.09606 12.6879 6.35297 12.3678 6.35297H6.7638C6.44363 6.35297 6.18408 6.09606 6.18408 5.77914Z" fill="#EB0203"></path>
                    <path fill-rule="evenodd" clip-rule="evenodd" d="M6.18408 11.9034C6.18408 11.5865 6.44363 11.3296 6.7638 11.3296H12.3678C12.6879 11.3296 12.9475 11.5865 12.9475 11.9034C12.9475 12.2202 12.6879 12.4771 12.3678 12.4771H6.7638C6.44363 12.4771 6.18408 12.2202 6.18408 11.9034Z" fill="#EB0203"></path>
                    <path fill-rule="evenodd" clip-rule="evenodd" d="M6.18408 8.84116C6.18408 8.52424 6.44363 8.26733 6.7638 8.26733H12.3678C12.6879 8.26733 12.9475 8.52424 12.9475 8.84116C12.9475 9.15807 12.6879 9.41498 12.3678 9.41498H6.7638C6.44363 9.41498 6.18408 9.15807 6.18408 8.84116Z" fill="#EB0203"></path>
                    <path fill-rule="evenodd" clip-rule="evenodd" d="M6.18408 14.9655C6.18408 14.6486 6.44363 14.3917 6.7638 14.3917H10.1455C10.4657 14.3917 10.7252 14.6486 10.7252 14.9655C10.7252 15.2825 10.4657 15.5394 10.1455 15.5394H6.7638C6.44363 15.5394 6.18408 15.2825 6.18408 14.9655Z" fill="#EB0203"></path>
                    <path fill-rule="evenodd" clip-rule="evenodd" d="M3.67139 5.77914C3.67139 5.46223 3.93094 5.20532 4.25111 5.20532H4.63759C4.95776 5.20532 5.21731 5.46223 5.21731 5.77914C5.21731 6.09606 4.95776 6.35297 4.63759 6.35297H4.25111C3.93094 6.35297 3.67139 6.09606 3.67139 5.77914Z" fill="#EB0203"></path>
                    <path fill-rule="evenodd" clip-rule="evenodd" d="M3.67139 11.9034C3.67139 11.5865 3.93094 11.3296 4.25111 11.3296H4.63759C4.95776 11.3296 5.21731 11.5865 5.21731 11.9034C5.21731 12.2202 4.95776 12.4771 4.63759 12.4771H4.25111C3.93094 12.4771 3.67139 12.2202 3.67139 11.9034Z" fill="#EB0203"></path>
                    <path fill-rule="evenodd" clip-rule="evenodd" d="M3.67139 8.84116C3.67139 8.52424 3.93094 8.26733 4.25111 8.26733H4.63759C4.95776 8.26733 5.21731 8.52424 5.21731 8.84116C5.21731 9.15807 4.95776 9.41498 4.63759 9.41498H4.25111C3.93094 9.41498 3.67139 9.15807 3.67139 8.84116Z" fill="#EB0203"></path>
                    <path fill-rule="evenodd" clip-rule="evenodd" d="M3.67139 14.9655C3.67139 14.6486 3.93094 14.3917 4.25111 14.3917H4.63759C4.95776 14.3917 5.21731 14.6486 5.21731 14.9655C5.21731 15.2825 4.95776 15.5394 4.63759 15.5394H4.25111C3.93094 15.5394 3.67139 15.2825 3.67139 14.9655Z" fill="#EB0203"></path>
                    <path fill-rule="evenodd" clip-rule="evenodd" d="M0 1.76033C0 0.914738 0.692131 0.229248 1.54592 0.229248H15.0727C15.9265 0.229248 16.6186 0.914738 16.6186 1.76033V11.2818C16.6186 11.5989 16.3591 11.8559 16.0389 11.8559C15.7187 11.8559 15.4592 11.5989 15.4592 11.2818V1.76033C15.4592 1.54893 15.2862 1.37756 15.0727 1.37756H1.54592C1.33247 1.37756 1.15944 1.54893 1.15944 1.76033V18.985C1.15944 19.1964 1.33247 19.3678 1.54592 19.3678H9.27551C9.59568 19.3678 9.85523 19.6249 9.85523 19.942C9.85523 20.2591 9.59568 20.5161 9.27551 20.5161H1.54592C0.692131 20.5161 0 19.8306 0 18.985V1.76033Z" fill="#EB0203"></path>
                    <path fill-rule="evenodd" clip-rule="evenodd" d="M14.6254 13.8718C13.4921 12.8567 11.7821 12.7615 10.6574 13.7147C9.12472 15.0124 9.34891 17.128 10.4413 18.2493L14.0161 21.9126C14.2199 22.1217 14.493 22.2386 14.7824 22.2386C15.0739 22.2386 15.3449 22.1238 15.5487 21.9147L19.1235 18.2514C20.2139 17.13 20.4422 15.0144 18.9075 13.7147C17.7827 12.7634 16.0726 12.8569 14.9392 13.872C14.8856 13.92 14.8333 13.9701 14.7824 14.0222C14.7314 13.97 14.6791 13.9199 14.6254 13.8718ZM18.1546 14.588C19.0972 15.3869 18.9961 16.7262 18.2891 17.4541C18.2888 17.4543 18.2886 17.4546 18.2884 17.4548L14.7834 21.0466L11.2757 17.452C11.2756 17.4519 11.2755 17.4517 11.2753 17.4516C10.5681 16.7252 10.4682 15.3856 11.4108 14.5876L11.4112 14.5872C12.0748 14.0248 13.202 14.0556 13.949 14.8205L14.7824 15.674L15.6158 14.8205C16.3618 14.0567 17.4896 14.0256 18.1545 14.5879" fill="#EB0203"></path>
                    </svg>
                    </button>
                    </div>
                    <div class="col-sm-10 col-12">
                    <div class="ct-tile-quantity d-none" data-pid="5060932">
                    <input type="hidden" class="add-to-cart-url" value="https://www.continente.pt/on/demandware.store/Sites-continente-Site/default/Cart-AddProduct" tabindex="-1">
                    <div class="d-none tile-delete-confirmation-btn" data-pid="5060932" data-delay-time="3000" data-in-cart-msg="no carrinho" data-one-product-added="Adicionado ao carrinho" data-remove-from-cart-msg="Removido do carrinho" data-stay-open="6000.0" data-confirmation-image="{&quot;url&quot;:&quot;https://www.continente.pt/dw/image/v2/BDVS_PRD/on/demandware.static/-/Sites-col-master-catalog/default/dw55ce229d/images/col/506/5060932-frente.jpg?sw=87&amp;sh=80&quot;,&quot;fallbackimage&quot;:{&quot;url&quot;:&quot;https://www.continente.pt/dw/image/v2/BDVS_PRD/on/demandware.static/Sites-continente-Site/-/default/dw7c42b4da/images/noimagelarge_product.png?sw=87&amp;sh=80&quot;,&quot;title&quot;:&quot;Tortellini Fresco de Ricotta e Espinafres&quot;,&quot;alt&quot;:&quot;Tortellini Fresco de Ricotta e Espinafres&quot;},&quot;title&quot;:&quot;Tortellini Fresco de Ricotta e Espinafres&quot;,&quot;alt&quot;:&quot;Tortellini Fresco de Ricotta e Espinafres&quot;}"></div>
                    <div class="ct-tile-quantity-update quantity-update product-qty-vue" data-remove-action="https://www.continente.pt/on/demandware.store/Sites-continente-Site/default/Cart-RemoveProductLineItem" data-action="https://www.continente.pt/on/demandware.store/Sites-continente-Site/default/Cart-UpdateQuantity" data-dimension-update="https://www.continente.pt/on/demandware.store/Sites-continente-Site/default/Cart-DimensionUpdate" data-pid="5060932" data-uuid="e2c7bf375d6ec2c89374a89424" data-add-delay="500.0" data-measure-options="{&quot;hasConversionRate&quot;:true,&quot;hasAlternativeSaleUnit&quot;:false,&quot;primaryToSecondary&quot;:1,&quot;secondaryToPrimary&quot;:1,&quot;unitConversionRate&quot;:1,&quot;minOrderQuantity&quot;:1,&quot;stepQuantity&quot;:1,&quot;primaryunit&quot;:&quot;un&quot;,&quot;secondaryunit&quot;:&quot;kg&quot;,&quot;selectedunit&quot;:&quot;primary&quot;,&quot;maxNumberOfUnitsPerSale&quot;:50}" data-price-available="null" :data-has-error="isMaxQtyReached || isMinQtyReached || qtySelectedMoreThanOne">
                    <template v-show="prodUnits">
                    <div class="quantity-input-wrapper has-units">
                    <label class="visually-hidden" :for="'quantity-' + pid + additionalTag">
                    Quantidade no carrinho
                    </label>
                    <input :ref="'quantityInput-' + pid + additionalTag" class="add-to-cart-quantity form-control ct-form-input text-center" inputmode="numeric" :class="{'is-invalid': isInvalid}" :data-pid="pid + additionalTag" :name="'quantity-' + pid + additionalTag" type="text" aria-label="Insira a quantidade" title="" v-model="displayValue" @change="updateQuantity" @focus="updateQtyFormat" @blur="restoreQtyFormat" :disabled="!isPriceAvailable">
                    <span class="quantity-icon quantity-icon--minus">
                    <button class="decrease-quantity-btn" @click="updateQuantity" :disabled="!isPriceAvailable" role="button" aria-label="Reduzir quantidade">
                    <i class="css-math-minus"></i>
                    </button>
                    </span>
                    <span class="quantity-icon quantity-icon--plus">
                    <button class="increase-quantity-btn" @click="updateQuantity" :disabled="isMaxQtyReached || !isPriceAvailable" role="button" aria-label="Aumentar quantidade">
                    <i class="css-math-plus"></i>
                    </button>
                    <span class="quantity-btn-disabled-placeholder"></span>
                    </span>
                    <template v-if="isPDP">
                    <span class="quantity-error ct-span-error text-sm-center product-max-allocation" v-if="isMaxQtyReached">
                    Quantidade máxima atingida
                    </span>
                    <span class="quantity-error ct-span-product text-sm-center product-allocation" v-if="!isMinQtyReached &amp;&amp; !isMaxQtyReached">
                    {{quantitySelected}} no carrinho
                    </span>
                    <span class="quantity-error ct-span-error text-sm-center product-min-allocation" :data-pid="pid" v-if="isMinQtyReached &amp;&amp; !isMaxQtyReached">
                    Quantidade mínima atingida
                    </span>
                    </template>
                    </div>
                    <template v-if="showNotes">
                    <div class="add-note-link-container ">
                    <div class="add-note">
                    <a href="/produto/tortellini-fresco-de-ricotta-e-espinafres-rana-5060932.html?showNote=true" class="ct-add-note-redirect-pdp" aria-label="Adicionar comentário">
                    <span class="svg-wrapper svg-icon-notes" style="width:19px; height:20px">
                    <svg class="svg-inline icon-notes" viewBox="0 0 28 30" xmlns="http://www.w3.org/2000/svg" width="100%" height="100%"><path d="M21.738 0C22.985 0 24 1.04 24 2.319V12.47c0 .469-.37.848-.828.848-.457 0-.827-.38-.827-.848V2.32c0-.343-.273-.622-.607-.622H2.262c-.334 0-.607.279-.607.622V27.68c0 .343.273.622.607.622h7.81c.457 0 .827.38.827.849 0 .468-.37.848-.827.848h-7.81C1.015 30 0 28.96 0 27.681V2.32C0 1.04 1.015 0 2.262 0h19.476zm2.844 16.004l.227.007c.823.053 1.589.39 2.176.964.64.627.993 1.46.993 2.349 0 .888-.353 1.722-.993 2.348l-6.83 6.665c-.11.108-.247.186-.397.226l-5.032 1.363c-.078.021-.16.032-.241.032-.242 0-.478-.097-.647-.266-.23-.231-.314-.566-.218-.874l1.49-4.798c.044-.139.122-.266.227-.369l6.844-6.677c.64-.625 1.493-.97 2.401-.97zm-2.886 3.94l-4.922 4.802-.947 3.048 3.22-.872 4.897-4.78-2.248-2.197zm2.887-2.174c-.425 0-.824.162-1.124.455l-.484.472 2.248 2.197.484-.472c.62-.606.62-1.591 0-2.197l-.117-.104c-.283-.227-.636-.35-1.007-.35zm-10.839.022c.498 0 .904.396.904.883 0 .488-.406.884-.904.884H5.946c-.499 0-.904-.396-.904-.884 0-.487.405-.883.904-.883zm5.042-4.876c.498 0 .904.397.904.884s-.406.884-.904.884H5.946c-.499 0-.904-.397-.904-.884s.405-.884.904-.884zm0-4.875c.498 0 .904.396.904.884 0 .487-.406.883-.904.883H5.946c-.499 0-.904-.396-.904-.883 0-.488.405-.884.904-.884z" fill="#EB0203" fill-rule="evenodd"></path></svg>
                    </span>
                    <div class="available-note d-none"></div>
                    </a>
                    </div>
                    </div>
                    </template>
                    <div class="measurement-unit-section" v-if="isPriceAvailable &amp;&amp; prodUnits ? prodUnits.hasAlternativeUnit : false">
                    <div class="ct-form-radio" @click="setDimension">
                    <input type="radio" title="" class="ct-form-check-input product-measurement-unit" :data-type="prodUnits.selectedUnit == prodUnits.secondaryUnit ? 'primary' : ''" :id="prodUnits.secondaryUnit + '-' + pid + '-measurement-unit-ptile' + additionalTag" :name="'measurement-unit-' + pid + '-ptile' + additionalTag" :value="prodUnits.secondaryUnit" v-model="prodUnits.selectedUnit">
                    <label :class="prodUnits.secondaryUnit + '-label ct-form-check-label mb-0'" :for="prodUnits.secondaryUnit + '-' + pid + '-measurement-unit-ptile' + additionalTag">
                    {{prodUnits.secondaryUnit}}
                    </label>
                    <span class="checkmark"></span>
                    </div>
                    <div class="ct-form-radio" @click="setDimension">
                    <input type="radio" title="" class="ct-form-check-input product-measurement-unit" :data-type="prodUnits.selectedUnit == prodUnits.primaryUnit ? 'primary' : ''" :id="prodUnits.primaryUnit + '-' + pid + '-measurement-unit-ptile' + additionalTag" :name="'measurement-unit-' + pid + '-ptile' + additionalTag" :value="prodUnits.primaryUnit" v-model="prodUnits.selectedUnit">
                    <label :class="prodUnits.primaryUnit + '-label ct-form-check-label mb-0'" :for="prodUnits.primaryUnit + '-' + pid + '-measurement-unit-ptile' + additionalTag">
                    {{prodUnits.primaryUnit}}
                    </label>
                    <span class="checkmark"></span>
                    </div>
                    </div>
                    <template v-if="!isPDP &amp;&amp; isPriceAvailable">
                    <span class="quantity-error ct-span-error product-max-allocation" v-if="isMaxQtyReached">
                    Quantidade máxima atingida
                    </span>
                    <span class="quantity-error ct-span-product product-allocation" v-if="!isMinQtyReached &amp;&amp; !isMaxQtyReached">
                    {{quantitySelected}} no carrinho
                    </span>
                    <span class="quantity-error ct-span-error product-min-allocation" :data-pid="pid" v-if="isMinQtyReached &amp;&amp; !isMaxQtyReached">
                    Quantidade mínima atingida
                    </span>
                    </template>
                    </template>
                    </div>
                    <input class="quantity-value-mask d-none" name="quantity" type="number" min="0" value="" tabindex="-1">
                    </div>
                    <button type="button" class="add-to-cart button js-add-to-cart js-add-to-cart-tile 5060932 button--primary dynamic-layout-btn" data-toggle="modal" data-target="#chooseBonusProductModal" data-pid="5060932" data-quantity-value="null" aria-label="Carrinho" tabindex="-1">
                    <span class="d-block d-sm-none">
                    <span class="svg-wrapper svg-icon-cart" style="width:20px; height:20px">
                    <svg class="svg-inline icon-cart" xmlns="http://www.w3.org/2000/svg" viewBox="0 0 500 500" width="100%" height="100%"><path fill="#EB0203" fill-rule="evenodd" d="M 485.67317,94.386311 C 476.37798,83.847129 463.09468,78.03348 448.30404,78.03348 H 90.690813 L 87.079511,51.327997 C 83.185582,22.539551 62.962285,0 41.011841,0 H 14.727836 C 6.563151,0 0,6.5286975 0,14.580758 c 0,8.05206 6.5945535,14.580758 14.727836,14.580758 h 26.284005 c 4.710398,0 14.696435,9.855222 16.894619,26.021523 L 100.01739,368.0631 c 1.88416,13.77244 9.01256,26.70549 20.1605,36.37417 8.25889,7.15046 18.02511,11.9071 28.26237,13.89679 -4.17655,7.58572 -6.53175,16.25957 -6.53175,25.493 0,29.53459 24.27424,53.59751 54.13815,53.59751 29.8325,0 54.13814,-24.03184 54.13814,-53.59751 0,-8.79818 -2.19818,-17.09897 -5.9979,-24.43598 h 77.12488 c -3.79973,7.33701 -5.96652,15.6378 -5.96652,24.43598 0,29.53459 24.27424,53.59751 54.13817,53.59751 29.83249,0 54.13814,-24.03184 54.13814,-53.59751 0,-8.79818 -2.1982,-17.09897 -5.9979,-24.43598 h 38.56243 c 8.13328,0 14.72783,-6.5287 14.72783,-14.61183 0,-8.02098 -6.59455,-14.54967 -14.72783,-14.54967 H 159.24277 c -14.38241,0 -28.13677,-11.90711 -30.02092,-26.02153 l -3.07746,-22.88154 h 290.6314 c 14.03698,0 27.94834,-5.28513 39.06488,-14.95381 11.11652,-9.6376 18.27632,-22.57065 20.16048,-36.37417 l 21.10259,-156.78201 c 1.94694,-14.51858 -2.10398,-28.29103 -11.43057,-38.861299 z M 220.76053,443.82706 c 0,13.49265 -11.08513,24.46709 -24.68247,24.46709 -13.62874,0 -24.71387,-10.97444 -24.71387,-24.46709 0,-13.49262 11.08513,-24.43598 24.71387,-24.43598 13.59734,0 24.68247,10.94336 24.68247,24.43598 z m 173.43675,0 c 0,13.49265 -11.08512,24.46709 -24.68245,24.46709 -13.62876,0 -24.71388,-10.97444 -24.71388,-24.46709 0,-13.49262 11.08512,-24.43598 24.71388,-24.43598 13.59733,0 24.68245,10.94336 24.68245,24.43598 z m 73.7648,-314.46558 -21.13397,156.782 c -1.88416,14.11442 -15.63851,26.05261 -30.02091,26.05261 H 122.25046 L 94.616142,107.19499 H 448.33544 c 6.18632,0 11.61896,2.2695 15.23028,6.37326 3.64269,4.13484 5.21283,9.73086 4.39636,15.79323 z"></path></svg>
                    </span>
                    </span>
                    <span class="add-to-cart--text d-none d-sm-block">Carrinho</span>
                    </button>
                    </div>
                    </div>
                    </div>
                    </div>
                    
                    <div class="col-12 d-sm-none">
                    </div>
                    </div>
                    </div>
                    </div>
                    </div><div class="pd-tile-wrap slick-slide slick-cloned" data-idx="5" style="width: 276px; height: auto;" data-slick-index="21" id="" aria-hidden="true" tabindex="-1">
                    
                    <script type="text/javascript">//<!--
                    /* <![CDATA[ */
                    (function(){
                    try {
                        if(window.CQuotient) {
                            var cq_params = {};
                            cq_params.cookieId = window.CQuotient.getCQCookieId();
                            cq_params.userId = window.CQuotient.getCQUserId();
                            cq_params.emailId = CQuotient.getCQHashedEmail();
                            cq_params.loginId = CQuotient.getCQHashedLogin();
                            cq_params.accumulate = true;
                            cq_params.products = [{
                                id: '5119470',
                                sku: '',
                                type: '',
                                alt_id: ''
                            }];
                            cq_params.recommenderName = '__UNDEFINED__';
                            cq_params.realm = "BDVS";
                            cq_params.siteId = "continente";
                            cq_params.instanceType = "prd";
                            cq_params.locale = window.CQuotient.locale;
                            cq_params.slotId = '';
                            cq_params.slotConfigId = '';
                            cq_params.slotConfigTemplate = '';
                            if(window.CQuotient.sendActivity)
                                window.CQuotient.sendActivity( CQuotient.clientId, 'viewReco', cq_params );
                            else
                                window.CQuotient.activities.push( {activityType: 'viewReco', parameters: cq_params} );
                        }
                    } catch(err) {}
                    })();
                    /* ]]> */
                    // -->
                    </script>
                    <script type="text/javascript">//<!--
                    /* <![CDATA[ (viewProduct-active_data.js) */
                    dw.ac._capture({id: "5119470", type: "recommendation"});
                    /* ]]> */
                    // -->
                    </script>
                    <div class="product" data-pid="5119470">
                    <div class="product-tile pid-5119470   ct-product-tile " data-delay-time="3000" data-variants-mapping="[]" data-in-cart-msg="no carrinho" data-one-product-added="Adicionado ao carrinho" data-remove-from-cart-msg="Removido do carrinho" data-stay-open="6000.0" data-product-tile-impression="{&quot;name&quot;:&quot;5119470&quot;,&quot;id&quot;:&quot;5119470&quot;,&quot;price&quot;:1.99,&quot;brand&quot;:&quot;Continente Fácil &amp; Bom&quot;,&quot;category&quot;:[{&quot;category_level_1&quot;:&quot;Take-Away&quot;},{&quot;category_level_2&quot;:&quot;Sopas&quot;},{&quot;category_level_3&quot;:&quot;Tradicionais&quot;}],&quot;variant&quot;:&quot;&quot;}">
                    <div class="ct-inner-tile-wrap row no-gutters justify-content-center align-content-start">
                    
                    <div class="ct-image-container col-4 col-sm" data-confirmation-image="{&quot;url&quot;:&quot;https://www.continente.pt/dw/image/v2/BDVS_PRD/on/demandware.static/-/Sites-col-master-catalog/default/dwccc496c6/images/col/511/5119470-frente.jpg?sw=87&amp;sh=80&quot;,&quot;fallbackimage&quot;:{&quot;url&quot;:&quot;https://www.continente.pt/dw/image/v2/BDVS_PRD/on/demandware.static/Sites-continente-Site/-/default/dw7c42b4da/images/noimagelarge_product.png?sw=87&amp;sh=80&quot;,&quot;title&quot;:&quot;Sopa de Agrião&quot;,&quot;alt&quot;:&quot;Sopa de Agrião&quot;},&quot;title&quot;:&quot;Sopa de Agrião&quot;,&quot;alt&quot;:&quot;Sopa de Agrião&quot;}">
                    <a href="https://www.continente.pt/produto/sopa-de-agriao-continente-facil-bom-5119470.html?cgid=home" tabindex="-1">
                    <picture class="intrinsic intrinsic--square">
                    <img class="ct-tile-image lazyloaded" loading="lazy" onerror="this.onerror=null;this.src='/on/demandware.static/Sites-continente-Site/-/default/dw7c42b4da/images/noimagelarge_product.png';" data-src="https://www.continente.pt/dw/image/v2/BDVS_PRD/on/demandware.static/-/Sites-col-master-catalog/default/dwccc496c6/images/col/511/5119470-frente.jpg?sw=280&amp;sh=280" alt="Sopa de Agrião" title="Sopa de Agrião" src="https://www.continente.pt/dw/image/v2/BDVS_PRD/on/demandware.static/-/Sites-col-master-catalog/default/dwccc496c6/images/col/511/5119470-frente.jpg?sw=280&amp;sh=280">
                    </picture>
                    </a>
                    <div class="color-swatches d-flex" style="margin-left: 5px;">
                    <div class="swatches d-flex">
                    </div>
                    </div>
                    </div>
                    <div class="ct-tile-body col col-sm-auto ">
                    <div class="ct-pdp-details">
                    <div class="ct-pdp-link">
                    <a class="ct-tile--description" href="https://www.continente.pt/produto/sopa-de-agriao-continente-facil-bom-5119470.html?cgid=home" tabindex="-1">Sopa de Agrião</a>
                    <div class="ct-tile--favorite-top d-sm-none">
                    <button class="wishlist-toggler guest-mode inactive button button--tertiary" data-pid="5119470" data-add-url="https://www.continente.pt/on/demandware.store/Sites-continente-Site/default/Wishlist-AddProduct?pid=5119470" data-toggle="tooltip" aria-label="Adicionar aos favoritos " data-original-title="Adicionar aos favoritos" data-placement="top" tabindex="-1">
                    <svg class="active-content" width="100%" height="100%" viewBox="0 0 20 22" fill="none" xmlns="http://www.w3.org/2000/svg">
                    <path fill-rule="evenodd" clip-rule="evenodd" d="M0 1.53052C0 0.685236 0.692171 0 1.54601 0H15.0736C15.9274 0 16.6196 0.685235 16.6196 1.53052V13.4064L15.8127 13.922L14.2658 14.2658L12.7189 13.4064L10.6054 14.3818C10.4994 14.2451 10.3327 14.157 10.1452 14.157H6.76329C6.4431 14.157 6.18354 14.414 6.18354 14.731C6.18354 15.0479 6.4431 15.3049 6.76329 15.3049H10.1452C10.2478 15.3049 10.3441 15.2785 10.4277 15.2322L10.3126 16.8439L13.2345 20.2793H1.54601C0.69217 20.2793 0 19.5941 0 18.7488V1.53052ZM6.18354 5.5483C6.18354 5.23132 6.4431 4.97436 6.76329 4.97436H12.3676C12.6878 4.97436 12.9473 5.23132 12.9473 5.5483C12.9473 5.86528 12.6878 6.12224 12.3676 6.12224H6.76329C6.4431 6.12224 6.18354 5.86528 6.18354 5.5483ZM6.76329 11.0961C6.4431 11.0961 6.18354 11.3531 6.18354 11.6701C6.18354 11.987 6.4431 12.244 6.76329 12.244H12.3676C12.6878 12.244 12.9473 11.987 12.9473 11.6701C12.9473 11.3531 12.6878 11.0961 12.3676 11.0961H6.76329ZM6.18354 8.60985C6.18354 8.29287 6.4431 8.03591 6.76329 8.03591H12.3676C12.6878 8.03591 12.9473 8.29287 12.9473 8.60985C12.9473 8.92684 12.6878 9.1838 12.3676 9.1838H6.76329C6.4431 9.1838 6.18354 8.92684 6.18354 8.60985ZM3.67118 5.5483C3.67118 5.23132 3.93075 4.97436 4.25093 4.97436H4.63743C4.95762 4.97436 5.21719 5.23132 5.21719 5.5483C5.21719 5.86528 4.95762 6.12224 4.63743 6.12224H4.25093C3.93075 6.12224 3.67118 5.86528 3.67118 5.5483ZM4.25093 11.0961C3.93075 11.0961 3.67118 11.3531 3.67118 11.6701C3.67118 11.987 3.93075 12.244 4.25093 12.244H4.63743C4.95762 12.244 5.21719 11.987 5.21719 11.6701C5.21719 11.3531 4.95762 11.0961 4.63743 11.0961H4.25093ZM3.67118 8.60985C3.67118 8.29287 3.93075 8.03591 4.25093 8.03591H4.63743C4.95762 8.03591 5.21719 8.29287 5.21719 8.60985C5.21719 8.92684 4.95762 9.1838 4.63743 9.1838H4.25093C3.93075 9.1838 3.67118 8.92684 3.67118 8.60985ZM4.25093 14.157C3.93075 14.157 3.67118 14.414 3.67118 14.731C3.67118 15.0479 3.93075 15.3049 4.25093 15.3049H4.63743C4.95762 15.3049 5.21719 15.0479 5.21719 14.731C5.21719 14.414 4.95762 14.157 4.63743 14.157H4.25093Z" fill="#EB0203"></path>
                    <path fill-rule="evenodd" clip-rule="evenodd" d="M14.6252 13.6363C13.4918 12.6215 11.7817 12.5264 10.6569 13.4792C9.12421 14.7764 9.34841 16.8912 10.4409 18.0122L14.0159 21.6742C14.2197 21.8832 14.4928 22 14.7822 22C15.0737 22 15.3448 21.8852 15.5486 21.6762L19.1236 18.0142C20.214 16.8933 20.4423 14.7785 18.9075 13.4792C17.7827 12.5283 16.0724 12.6217 14.9391 13.6365C14.8855 13.6845 14.8331 13.7345 14.7822 13.7866C14.7313 13.7345 14.6789 13.6843 14.6252 13.6363ZM18.1546 14.3522C19.0973 15.1508 18.9962 16.4896 18.2891 17.2173C18.2888 17.2175 18.2886 17.2177 18.2884 17.218L14.7832 20.8084L11.2753 17.2151C11.2752 17.215 11.2751 17.2149 11.2749 17.2148C10.5677 16.4887 10.4678 15.1495 11.4104 14.3518L11.4108 14.3514C12.0745 13.7892 13.2018 13.82 13.9488 14.5846L14.7822 15.4378L15.6157 14.5846C16.3617 13.8211 17.4896 13.79 18.1545 14.3521" fill="#EB0203"></path>
                    </svg>
                    <svg class="inactive-content" width="100%" height="100%" viewBox="0 0 20 23" fill="none" xmlns="http://www.w3.org/2000/svg">
                    <path fill-rule="evenodd" clip-rule="evenodd" d="M6.18408 5.77914C6.18408 5.46223 6.44363 5.20532 6.7638 5.20532H12.3678C12.6879 5.20532 12.9475 5.46223 12.9475 5.77914C12.9475 6.09606 12.6879 6.35297 12.3678 6.35297H6.7638C6.44363 6.35297 6.18408 6.09606 6.18408 5.77914Z" fill="#EB0203"></path>
                    <path fill-rule="evenodd" clip-rule="evenodd" d="M6.18408 11.9034C6.18408 11.5865 6.44363 11.3296 6.7638 11.3296H12.3678C12.6879 11.3296 12.9475 11.5865 12.9475 11.9034C12.9475 12.2202 12.6879 12.4771 12.3678 12.4771H6.7638C6.44363 12.4771 6.18408 12.2202 6.18408 11.9034Z" fill="#EB0203"></path>
                    <path fill-rule="evenodd" clip-rule="evenodd" d="M6.18408 8.84116C6.18408 8.52424 6.44363 8.26733 6.7638 8.26733H12.3678C12.6879 8.26733 12.9475 8.52424 12.9475 8.84116C12.9475 9.15807 12.6879 9.41498 12.3678 9.41498H6.7638C6.44363 9.41498 6.18408 9.15807 6.18408 8.84116Z" fill="#EB0203"></path>
                    <path fill-rule="evenodd" clip-rule="evenodd" d="M6.18408 14.9655C6.18408 14.6486 6.44363 14.3917 6.7638 14.3917H10.1455C10.4657 14.3917 10.7252 14.6486 10.7252 14.9655C10.7252 15.2825 10.4657 15.5394 10.1455 15.5394H6.7638C6.44363 15.5394 6.18408 15.2825 6.18408 14.9655Z" fill="#EB0203"></path>
                    <path fill-rule="evenodd" clip-rule="evenodd" d="M3.67139 5.77914C3.67139 5.46223 3.93094 5.20532 4.25111 5.20532H4.63759C4.95776 5.20532 5.21731 5.46223 5.21731 5.77914C5.21731 6.09606 4.95776 6.35297 4.63759 6.35297H4.25111C3.93094 6.35297 3.67139 6.09606 3.67139 5.77914Z" fill="#EB0203"></path>
                    <path fill-rule="evenodd" clip-rule="evenodd" d="M3.67139 11.9034C3.67139 11.5865 3.93094 11.3296 4.25111 11.3296H4.63759C4.95776 11.3296 5.21731 11.5865 5.21731 11.9034C5.21731 12.2202 4.95776 12.4771 4.63759 12.4771H4.25111C3.93094 12.4771 3.67139 12.2202 3.67139 11.9034Z" fill="#EB0203"></path>
                    <path fill-rule="evenodd" clip-rule="evenodd" d="M3.67139 8.84116C3.67139 8.52424 3.93094 8.26733 4.25111 8.26733H4.63759C4.95776 8.26733 5.21731 8.52424 5.21731 8.84116C5.21731 9.15807 4.95776 9.41498 4.63759 9.41498H4.25111C3.93094 9.41498 3.67139 9.15807 3.67139 8.84116Z" fill="#EB0203"></path>
                    <path fill-rule="evenodd" clip-rule="evenodd" d="M3.67139 14.9655C3.67139 14.6486 3.93094 14.3917 4.25111 14.3917H4.63759C4.95776 14.3917 5.21731 14.6486 5.21731 14.9655C5.21731 15.2825 4.95776 15.5394 4.63759 15.5394H4.25111C3.93094 15.5394 3.67139 15.2825 3.67139 14.9655Z" fill="#EB0203"></path>
                    <path fill-rule="evenodd" clip-rule="evenodd" d="M0 1.76033C0 0.914738 0.692131 0.229248 1.54592 0.229248H15.0727C15.9265 0.229248 16.6186 0.914738 16.6186 1.76033V11.2818C16.6186 11.5989 16.3591 11.8559 16.0389 11.8559C15.7187 11.8559 15.4592 11.5989 15.4592 11.2818V1.76033C15.4592 1.54893 15.2862 1.37756 15.0727 1.37756H1.54592C1.33247 1.37756 1.15944 1.54893 1.15944 1.76033V18.985C1.15944 19.1964 1.33247 19.3678 1.54592 19.3678H9.27551C9.59568 19.3678 9.85523 19.6249 9.85523 19.942C9.85523 20.2591 9.59568 20.5161 9.27551 20.5161H1.54592C0.692131 20.5161 0 19.8306 0 18.985V1.76033Z" fill="#EB0203"></path>
                    <path fill-rule="evenodd" clip-rule="evenodd" d="M14.6254 13.8718C13.4921 12.8567 11.7821 12.7615 10.6574 13.7147C9.12472 15.0124 9.34891 17.128 10.4413 18.2493L14.0161 21.9126C14.2199 22.1217 14.493 22.2386 14.7824 22.2386C15.0739 22.2386 15.3449 22.1238 15.5487 21.9147L19.1235 18.2514C20.2139 17.13 20.4422 15.0144 18.9075 13.7147C17.7827 12.7634 16.0726 12.8569 14.9392 13.872C14.8856 13.92 14.8333 13.9701 14.7824 14.0222C14.7314 13.97 14.6791 13.9199 14.6254 13.8718ZM18.1546 14.588C19.0972 15.3869 18.9961 16.7262 18.2891 17.4541C18.2888 17.4543 18.2886 17.4546 18.2884 17.4548L14.7834 21.0466L11.2757 17.452C11.2756 17.4519 11.2755 17.4517 11.2753 17.4516C10.5681 16.7252 10.4682 15.3856 11.4108 14.5876L11.4112 14.5872C12.0748 14.0248 13.202 14.0556 13.949 14.8205L14.7824 15.674L15.6158 14.8205C16.3618 14.0567 17.4896 14.0256 18.1545 14.5879" fill="#EB0203"></path>
                    </svg>
                    </button>
                    </div>
                    </div>
                    <p class="ct-tile--brand">Continente Fácil &amp; Bom</p>
                    <p class="ct-tile--quantity">emb. 800 gr</p>
                    </div>
                    <div class="ct-tile-bottom row no-gutters justify-content-between">
                    <div class="ct-price-wrap col-8 col-sm-12">
                    <div class="price js-product-price">
                    <div class="prices-wrapper">
                    <span class="sales ct-tile--price-primary ">
                    <span class="value" content="1.99">
                    <span class="ct-price-formatted">
                    €1,99
                    </span>
                    <span class="ct-m-unit">
                    /un
                    </span>
                    </span>
                    </span>
                    </div>
                    <div class="ct-tile--price-secondary">
                    <span class="ct-price-value">
                    €2,49
                    </span>
                    <span class="ct-m-unit">
                    /kg
                    </span>
                    </div>
                    </div>
                    </div>
                    <div class="ct-tile-buy-section d-flex justify-content-center no-gutters col-auto col-sm-12">
                    <div class="col-2 d-sm-flex d-none">
                    <button class="wishlist-toggler guest-mode inactive button button--tertiary" data-pid="5119470" data-add-url="https://www.continente.pt/on/demandware.store/Sites-continente-Site/default/Wishlist-AddProduct?pid=5119470" data-toggle="tooltip" aria-label="Adicionar aos favoritos " data-original-title="Adicionar aos favoritos" data-placement="top" tabindex="-1">
                    <svg class="active-content" width="100%" height="100%" viewBox="0 0 20 22" fill="none" xmlns="http://www.w3.org/2000/svg">
                    <path fill-rule="evenodd" clip-rule="evenodd" d="M0 1.53052C0 0.685236 0.692171 0 1.54601 0H15.0736C15.9274 0 16.6196 0.685235 16.6196 1.53052V13.4064L15.8127 13.922L14.2658 14.2658L12.7189 13.4064L10.6054 14.3818C10.4994 14.2451 10.3327 14.157 10.1452 14.157H6.76329C6.4431 14.157 6.18354 14.414 6.18354 14.731C6.18354 15.0479 6.4431 15.3049 6.76329 15.3049H10.1452C10.2478 15.3049 10.3441 15.2785 10.4277 15.2322L10.3126 16.8439L13.2345 20.2793H1.54601C0.69217 20.2793 0 19.5941 0 18.7488V1.53052ZM6.18354 5.5483C6.18354 5.23132 6.4431 4.97436 6.76329 4.97436H12.3676C12.6878 4.97436 12.9473 5.23132 12.9473 5.5483C12.9473 5.86528 12.6878 6.12224 12.3676 6.12224H6.76329C6.4431 6.12224 6.18354 5.86528 6.18354 5.5483ZM6.76329 11.0961C6.4431 11.0961 6.18354 11.3531 6.18354 11.6701C6.18354 11.987 6.4431 12.244 6.76329 12.244H12.3676C12.6878 12.244 12.9473 11.987 12.9473 11.6701C12.9473 11.3531 12.6878 11.0961 12.3676 11.0961H6.76329ZM6.18354 8.60985C6.18354 8.29287 6.4431 8.03591 6.76329 8.03591H12.3676C12.6878 8.03591 12.9473 8.29287 12.9473 8.60985C12.9473 8.92684 12.6878 9.1838 12.3676 9.1838H6.76329C6.4431 9.1838 6.18354 8.92684 6.18354 8.60985ZM3.67118 5.5483C3.67118 5.23132 3.93075 4.97436 4.25093 4.97436H4.63743C4.95762 4.97436 5.21719 5.23132 5.21719 5.5483C5.21719 5.86528 4.95762 6.12224 4.63743 6.12224H4.25093C3.93075 6.12224 3.67118 5.86528 3.67118 5.5483ZM4.25093 11.0961C3.93075 11.0961 3.67118 11.3531 3.67118 11.6701C3.67118 11.987 3.93075 12.244 4.25093 12.244H4.63743C4.95762 12.244 5.21719 11.987 5.21719 11.6701C5.21719 11.3531 4.95762 11.0961 4.63743 11.0961H4.25093ZM3.67118 8.60985C3.67118 8.29287 3.93075 8.03591 4.25093 8.03591H4.63743C4.95762 8.03591 5.21719 8.29287 5.21719 8.60985C5.21719 8.92684 4.95762 9.1838 4.63743 9.1838H4.25093C3.93075 9.1838 3.67118 8.92684 3.67118 8.60985ZM4.25093 14.157C3.93075 14.157 3.67118 14.414 3.67118 14.731C3.67118 15.0479 3.93075 15.3049 4.25093 15.3049H4.63743C4.95762 15.3049 5.21719 15.0479 5.21719 14.731C5.21719 14.414 4.95762 14.157 4.63743 14.157H4.25093Z" fill="#EB0203"></path>
                    <path fill-rule="evenodd" clip-rule="evenodd" d="M14.6252 13.6363C13.4918 12.6215 11.7817 12.5264 10.6569 13.4792C9.12421 14.7764 9.34841 16.8912 10.4409 18.0122L14.0159 21.6742C14.2197 21.8832 14.4928 22 14.7822 22C15.0737 22 15.3448 21.8852 15.5486 21.6762L19.1236 18.0142C20.214 16.8933 20.4423 14.7785 18.9075 13.4792C17.7827 12.5283 16.0724 12.6217 14.9391 13.6365C14.8855 13.6845 14.8331 13.7345 14.7822 13.7866C14.7313 13.7345 14.6789 13.6843 14.6252 13.6363ZM18.1546 14.3522C19.0973 15.1508 18.9962 16.4896 18.2891 17.2173C18.2888 17.2175 18.2886 17.2177 18.2884 17.218L14.7832 20.8084L11.2753 17.2151C11.2752 17.215 11.2751 17.2149 11.2749 17.2148C10.5677 16.4887 10.4678 15.1495 11.4104 14.3518L11.4108 14.3514C12.0745 13.7892 13.2018 13.82 13.9488 14.5846L14.7822 15.4378L15.6157 14.5846C16.3617 13.8211 17.4896 13.79 18.1545 14.3521" fill="#EB0203"></path>
                    </svg>
                    <svg class="inactive-content" width="100%" height="100%" viewBox="0 0 20 23" fill="none" xmlns="http://www.w3.org/2000/svg">
                    <path fill-rule="evenodd" clip-rule="evenodd" d="M6.18408 5.77914C6.18408 5.46223 6.44363 5.20532 6.7638 5.20532H12.3678C12.6879 5.20532 12.9475 5.46223 12.9475 5.77914C12.9475 6.09606 12.6879 6.35297 12.3678 6.35297H6.7638C6.44363 6.35297 6.18408 6.09606 6.18408 5.77914Z" fill="#EB0203"></path>
                    <path fill-rule="evenodd" clip-rule="evenodd" d="M6.18408 11.9034C6.18408 11.5865 6.44363 11.3296 6.7638 11.3296H12.3678C12.6879 11.3296 12.9475 11.5865 12.9475 11.9034C12.9475 12.2202 12.6879 12.4771 12.3678 12.4771H6.7638C6.44363 12.4771 6.18408 12.2202 6.18408 11.9034Z" fill="#EB0203"></path>
                    <path fill-rule="evenodd" clip-rule="evenodd" d="M6.18408 8.84116C6.18408 8.52424 6.44363 8.26733 6.7638 8.26733H12.3678C12.6879 8.26733 12.9475 8.52424 12.9475 8.84116C12.9475 9.15807 12.6879 9.41498 12.3678 9.41498H6.7638C6.44363 9.41498 6.18408 9.15807 6.18408 8.84116Z" fill="#EB0203"></path>
                    <path fill-rule="evenodd" clip-rule="evenodd" d="M6.18408 14.9655C6.18408 14.6486 6.44363 14.3917 6.7638 14.3917H10.1455C10.4657 14.3917 10.7252 14.6486 10.7252 14.9655C10.7252 15.2825 10.4657 15.5394 10.1455 15.5394H6.7638C6.44363 15.5394 6.18408 15.2825 6.18408 14.9655Z" fill="#EB0203"></path>
                    <path fill-rule="evenodd" clip-rule="evenodd" d="M3.67139 5.77914C3.67139 5.46223 3.93094 5.20532 4.25111 5.20532H4.63759C4.95776 5.20532 5.21731 5.46223 5.21731 5.77914C5.21731 6.09606 4.95776 6.35297 4.63759 6.35297H4.25111C3.93094 6.35297 3.67139 6.09606 3.67139 5.77914Z" fill="#EB0203"></path>
                    <path fill-rule="evenodd" clip-rule="evenodd" d="M3.67139 11.9034C3.67139 11.5865 3.93094 11.3296 4.25111 11.3296H4.63759C4.95776 11.3296 5.21731 11.5865 5.21731 11.9034C5.21731 12.2202 4.95776 12.4771 4.63759 12.4771H4.25111C3.93094 12.4771 3.67139 12.2202 3.67139 11.9034Z" fill="#EB0203"></path>
                    <path fill-rule="evenodd" clip-rule="evenodd" d="M3.67139 8.84116C3.67139 8.52424 3.93094 8.26733 4.25111 8.26733H4.63759C4.95776 8.26733 5.21731 8.52424 5.21731 8.84116C5.21731 9.15807 4.95776 9.41498 4.63759 9.41498H4.25111C3.93094 9.41498 3.67139 9.15807 3.67139 8.84116Z" fill="#EB0203"></path>
                    <path fill-rule="evenodd" clip-rule="evenodd" d="M3.67139 14.9655C3.67139 14.6486 3.93094 14.3917 4.25111 14.3917H4.63759C4.95776 14.3917 5.21731 14.6486 5.21731 14.9655C5.21731 15.2825 4.95776 15.5394 4.63759 15.5394H4.25111C3.93094 15.5394 3.67139 15.2825 3.67139 14.9655Z" fill="#EB0203"></path>
                    <path fill-rule="evenodd" clip-rule="evenodd" d="M0 1.76033C0 0.914738 0.692131 0.229248 1.54592 0.229248H15.0727C15.9265 0.229248 16.6186 0.914738 16.6186 1.76033V11.2818C16.6186 11.5989 16.3591 11.8559 16.0389 11.8559C15.7187 11.8559 15.4592 11.5989 15.4592 11.2818V1.76033C15.4592 1.54893 15.2862 1.37756 15.0727 1.37756H1.54592C1.33247 1.37756 1.15944 1.54893 1.15944 1.76033V18.985C1.15944 19.1964 1.33247 19.3678 1.54592 19.3678H9.27551C9.59568 19.3678 9.85523 19.6249 9.85523 19.942C9.85523 20.2591 9.59568 20.5161 9.27551 20.5161H1.54592C0.692131 20.5161 0 19.8306 0 18.985V1.76033Z" fill="#EB0203"></path>
                    <path fill-rule="evenodd" clip-rule="evenodd" d="M14.6254 13.8718C13.4921 12.8567 11.7821 12.7615 10.6574 13.7147C9.12472 15.0124 9.34891 17.128 10.4413 18.2493L14.0161 21.9126C14.2199 22.1217 14.493 22.2386 14.7824 22.2386C15.0739 22.2386 15.3449 22.1238 15.5487 21.9147L19.1235 18.2514C20.2139 17.13 20.4422 15.0144 18.9075 13.7147C17.7827 12.7634 16.0726 12.8569 14.9392 13.872C14.8856 13.92 14.8333 13.9701 14.7824 14.0222C14.7314 13.97 14.6791 13.9199 14.6254 13.8718ZM18.1546 14.588C19.0972 15.3869 18.9961 16.7262 18.2891 17.4541C18.2888 17.4543 18.2886 17.4546 18.2884 17.4548L14.7834 21.0466L11.2757 17.452C11.2756 17.4519 11.2755 17.4517 11.2753 17.4516C10.5681 16.7252 10.4682 15.3856 11.4108 14.5876L11.4112 14.5872C12.0748 14.0248 13.202 14.0556 13.949 14.8205L14.7824 15.674L15.6158 14.8205C16.3618 14.0567 17.4896 14.0256 18.1545 14.5879" fill="#EB0203"></path>
                    </svg>
                    </button>
                    </div>
                    <div class="col-sm-10 col-12">
                    <div class="ct-tile-quantity d-none" data-pid="5119470">
                    <input type="hidden" class="add-to-cart-url" value="https://www.continente.pt/on/demandware.store/Sites-continente-Site/default/Cart-AddProduct" tabindex="-1">
                    <div class="d-none tile-delete-confirmation-btn" data-pid="5119470" data-delay-time="3000" data-in-cart-msg="no carrinho" data-one-product-added="Adicionado ao carrinho" data-remove-from-cart-msg="Removido do carrinho" data-stay-open="6000.0" data-confirmation-image="{&quot;url&quot;:&quot;https://www.continente.pt/dw/image/v2/BDVS_PRD/on/demandware.static/-/Sites-col-master-catalog/default/dwccc496c6/images/col/511/5119470-frente.jpg?sw=87&amp;sh=80&quot;,&quot;fallbackimage&quot;:{&quot;url&quot;:&quot;https://www.continente.pt/dw/image/v2/BDVS_PRD/on/demandware.static/Sites-continente-Site/-/default/dw7c42b4da/images/noimagelarge_product.png?sw=87&amp;sh=80&quot;,&quot;title&quot;:&quot;Sopa de Agrião&quot;,&quot;alt&quot;:&quot;Sopa de Agrião&quot;},&quot;title&quot;:&quot;Sopa de Agrião&quot;,&quot;alt&quot;:&quot;Sopa de Agrião&quot;}"></div>
                    <div class="ct-tile-quantity-update quantity-update product-qty-vue" data-remove-action="https://www.continente.pt/on/demandware.store/Sites-continente-Site/default/Cart-RemoveProductLineItem" data-action="https://www.continente.pt/on/demandware.store/Sites-continente-Site/default/Cart-UpdateQuantity" data-dimension-update="https://www.continente.pt/on/demandware.store/Sites-continente-Site/default/Cart-DimensionUpdate" data-pid="5119470" data-uuid="ab06533062ff4f83c3b17c11f2" data-add-delay="500.0" data-measure-options="{&quot;hasConversionRate&quot;:true,&quot;hasAlternativeSaleUnit&quot;:false,&quot;primaryToSecondary&quot;:1,&quot;secondaryToPrimary&quot;:1,&quot;unitConversionRate&quot;:1,&quot;minOrderQuantity&quot;:1,&quot;stepQuantity&quot;:1,&quot;primaryunit&quot;:&quot;un&quot;,&quot;secondaryunit&quot;:&quot;kg&quot;,&quot;selectedunit&quot;:&quot;primary&quot;,&quot;maxNumberOfUnitsPerSale&quot;:50}" data-price-available="null" :data-has-error="isMaxQtyReached || isMinQtyReached || qtySelectedMoreThanOne">
                    <template v-show="prodUnits">
                    <div class="quantity-input-wrapper has-units">
                    <label class="visually-hidden" :for="'quantity-' + pid + additionalTag">
                    Quantidade no carrinho
                    </label>
                    <input :ref="'quantityInput-' + pid + additionalTag" class="add-to-cart-quantity form-control ct-form-input text-center" inputmode="numeric" :class="{'is-invalid': isInvalid}" :data-pid="pid + additionalTag" :name="'quantity-' + pid + additionalTag" type="text" aria-label="Insira a quantidade" title="" v-model="displayValue" @change="updateQuantity" @focus="updateQtyFormat" @blur="restoreQtyFormat" :disabled="!isPriceAvailable">
                    <span class="quantity-icon quantity-icon--minus">
                    <button class="decrease-quantity-btn" @click="updateQuantity" :disabled="!isPriceAvailable" role="button" aria-label="Reduzir quantidade">
                    <i class="css-math-minus"></i>
                    </button>
                    </span>
                    <span class="quantity-icon quantity-icon--plus">
                    <button class="increase-quantity-btn" @click="updateQuantity" :disabled="isMaxQtyReached || !isPriceAvailable" role="button" aria-label="Aumentar quantidade">
                    <i class="css-math-plus"></i>
                    </button>
                    <span class="quantity-btn-disabled-placeholder"></span>
                    </span>
                    <template v-if="isPDP">
                    <span class="quantity-error ct-span-error text-sm-center product-max-allocation" v-if="isMaxQtyReached">
                    Quantidade máxima atingida
                    </span>
                    <span class="quantity-error ct-span-product text-sm-center product-allocation" v-if="!isMinQtyReached &amp;&amp; !isMaxQtyReached">
                    {{quantitySelected}} no carrinho
                    </span>
                    <span class="quantity-error ct-span-error text-sm-center product-min-allocation" :data-pid="pid" v-if="isMinQtyReached &amp;&amp; !isMaxQtyReached">
                    Quantidade mínima atingida
                    </span>
                    </template>
                    </div>
                    <template v-if="showNotes">
                    <div class="add-note-link-container ">
                    <div class="add-note">
                    <a href="/produto/sopa-de-agriao-continente-facil-bom-5119470.html?showNote=true" class="ct-add-note-redirect-pdp" aria-label="Adicionar comentário">
                    <span class="svg-wrapper svg-icon-notes" style="width:19px; height:20px">
                    <svg class="svg-inline icon-notes" viewBox="0 0 28 30" xmlns="http://www.w3.org/2000/svg" width="100%" height="100%"><path d="M21.738 0C22.985 0 24 1.04 24 2.319V12.47c0 .469-.37.848-.828.848-.457 0-.827-.38-.827-.848V2.32c0-.343-.273-.622-.607-.622H2.262c-.334 0-.607.279-.607.622V27.68c0 .343.273.622.607.622h7.81c.457 0 .827.38.827.849 0 .468-.37.848-.827.848h-7.81C1.015 30 0 28.96 0 27.681V2.32C0 1.04 1.015 0 2.262 0h19.476zm2.844 16.004l.227.007c.823.053 1.589.39 2.176.964.64.627.993 1.46.993 2.349 0 .888-.353 1.722-.993 2.348l-6.83 6.665c-.11.108-.247.186-.397.226l-5.032 1.363c-.078.021-.16.032-.241.032-.242 0-.478-.097-.647-.266-.23-.231-.314-.566-.218-.874l1.49-4.798c.044-.139.122-.266.227-.369l6.844-6.677c.64-.625 1.493-.97 2.401-.97zm-2.886 3.94l-4.922 4.802-.947 3.048 3.22-.872 4.897-4.78-2.248-2.197zm2.887-2.174c-.425 0-.824.162-1.124.455l-.484.472 2.248 2.197.484-.472c.62-.606.62-1.591 0-2.197l-.117-.104c-.283-.227-.636-.35-1.007-.35zm-10.839.022c.498 0 .904.396.904.883 0 .488-.406.884-.904.884H5.946c-.499 0-.904-.396-.904-.884 0-.487.405-.883.904-.883zm5.042-4.876c.498 0 .904.397.904.884s-.406.884-.904.884H5.946c-.499 0-.904-.397-.904-.884s.405-.884.904-.884zm0-4.875c.498 0 .904.396.904.884 0 .487-.406.883-.904.883H5.946c-.499 0-.904-.396-.904-.883 0-.488.405-.884.904-.884z" fill="#EB0203" fill-rule="evenodd"></path></svg>
                    </span>
                    <div class="available-note d-none"></div>
                    </a>
                    </div>
                    </div>
                    </template>
                    <div class="measurement-unit-section" v-if="isPriceAvailable &amp;&amp; prodUnits ? prodUnits.hasAlternativeUnit : false">
                    <div class="ct-form-radio" @click="setDimension">
                    <input type="radio" title="" class="ct-form-check-input product-measurement-unit" :data-type="prodUnits.selectedUnit == prodUnits.secondaryUnit ? 'primary' : ''" :id="prodUnits.secondaryUnit + '-' + pid + '-measurement-unit-ptile' + additionalTag" :name="'measurement-unit-' + pid + '-ptile' + additionalTag" :value="prodUnits.secondaryUnit" v-model="prodUnits.selectedUnit">
                    <label :class="prodUnits.secondaryUnit + '-label ct-form-check-label mb-0'" :for="prodUnits.secondaryUnit + '-' + pid + '-measurement-unit-ptile' + additionalTag">
                    {{prodUnits.secondaryUnit}}
                    </label>
                    <span class="checkmark"></span>
                    </div>
                    <div class="ct-form-radio" @click="setDimension">
                    <input type="radio" title="" class="ct-form-check-input product-measurement-unit" :data-type="prodUnits.selectedUnit == prodUnits.primaryUnit ? 'primary' : ''" :id="prodUnits.primaryUnit + '-' + pid + '-measurement-unit-ptile' + additionalTag" :name="'measurement-unit-' + pid + '-ptile' + additionalTag" :value="prodUnits.primaryUnit" v-model="prodUnits.selectedUnit">
                    <label :class="prodUnits.primaryUnit + '-label ct-form-check-label mb-0'" :for="prodUnits.primaryUnit + '-' + pid + '-measurement-unit-ptile' + additionalTag">
                    {{prodUnits.primaryUnit}}
                    </label>
                    <span class="checkmark"></span>
                    </div>
                    </div>
                    <template v-if="!isPDP &amp;&amp; isPriceAvailable">
                    <span class="quantity-error ct-span-error product-max-allocation" v-if="isMaxQtyReached">
                    Quantidade máxima atingida
                    </span>
                    <span class="quantity-error ct-span-product product-allocation" v-if="!isMinQtyReached &amp;&amp; !isMaxQtyReached">
                    {{quantitySelected}} no carrinho
                    </span>
                    <span class="quantity-error ct-span-error product-min-allocation" :data-pid="pid" v-if="isMinQtyReached &amp;&amp; !isMaxQtyReached">
                    Quantidade mínima atingida
                    </span>
                    </template>
                    </template>
                    </div>
                    <input class="quantity-value-mask d-none" name="quantity" type="number" min="0" value="" tabindex="-1">
                    </div>
                    <button type="button" class="add-to-cart button js-add-to-cart js-add-to-cart-tile 5119470 button--primary dynamic-layout-btn" data-toggle="modal" data-target="#chooseBonusProductModal" data-pid="5119470" data-quantity-value="null" aria-label="Carrinho" tabindex="-1">
                    <span class="d-block d-sm-none">
                    <span class="svg-wrapper svg-icon-cart" style="width:20px; height:20px">
                    <svg class="svg-inline icon-cart" xmlns="http://www.w3.org/2000/svg" viewBox="0 0 500 500" width="100%" height="100%"><path fill="#EB0203" fill-rule="evenodd" d="M 485.67317,94.386311 C 476.37798,83.847129 463.09468,78.03348 448.30404,78.03348 H 90.690813 L 87.079511,51.327997 C 83.185582,22.539551 62.962285,0 41.011841,0 H 14.727836 C 6.563151,0 0,6.5286975 0,14.580758 c 0,8.05206 6.5945535,14.580758 14.727836,14.580758 h 26.284005 c 4.710398,0 14.696435,9.855222 16.894619,26.021523 L 100.01739,368.0631 c 1.88416,13.77244 9.01256,26.70549 20.1605,36.37417 8.25889,7.15046 18.02511,11.9071 28.26237,13.89679 -4.17655,7.58572 -6.53175,16.25957 -6.53175,25.493 0,29.53459 24.27424,53.59751 54.13815,53.59751 29.8325,0 54.13814,-24.03184 54.13814,-53.59751 0,-8.79818 -2.19818,-17.09897 -5.9979,-24.43598 h 77.12488 c -3.79973,7.33701 -5.96652,15.6378 -5.96652,24.43598 0,29.53459 24.27424,53.59751 54.13817,53.59751 29.83249,0 54.13814,-24.03184 54.13814,-53.59751 0,-8.79818 -2.1982,-17.09897 -5.9979,-24.43598 h 38.56243 c 8.13328,0 14.72783,-6.5287 14.72783,-14.61183 0,-8.02098 -6.59455,-14.54967 -14.72783,-14.54967 H 159.24277 c -14.38241,0 -28.13677,-11.90711 -30.02092,-26.02153 l -3.07746,-22.88154 h 290.6314 c 14.03698,0 27.94834,-5.28513 39.06488,-14.95381 11.11652,-9.6376 18.27632,-22.57065 20.16048,-36.37417 l 21.10259,-156.78201 c 1.94694,-14.51858 -2.10398,-28.29103 -11.43057,-38.861299 z M 220.76053,443.82706 c 0,13.49265 -11.08513,24.46709 -24.68247,24.46709 -13.62874,0 -24.71387,-10.97444 -24.71387,-24.46709 0,-13.49262 11.08513,-24.43598 24.71387,-24.43598 13.59734,0 24.68247,10.94336 24.68247,24.43598 z m 173.43675,0 c 0,13.49265 -11.08512,24.46709 -24.68245,24.46709 -13.62876,0 -24.71388,-10.97444 -24.71388,-24.46709 0,-13.49262 11.08512,-24.43598 24.71388,-24.43598 13.59733,0 24.68245,10.94336 24.68245,24.43598 z m 73.7648,-314.46558 -21.13397,156.782 c -1.88416,14.11442 -15.63851,26.05261 -30.02091,26.05261 H 122.25046 L 94.616142,107.19499 H 448.33544 c 6.18632,0 11.61896,2.2695 15.23028,6.37326 3.64269,4.13484 5.21283,9.73086 4.39636,15.79323 z"></path></svg>
                    </span>
                    </span>
                    <span class="add-to-cart--text d-none d-sm-block">Carrinho</span>
                    </button>
                    </div>
                    </div>
                    </div>
                    </div>
                    
                    <div class="col-12 d-sm-none">
                    </div>
                    </div>
                    </div>
                    </div>
                    </div><div class="pd-tile-wrap slick-slide slick-cloned" data-idx="6" style="width: 276px; height: auto;" data-slick-index="22" id="" aria-hidden="true" tabindex="-1">
                    
                    <script type="text/javascript">//<!--
                    /* <![CDATA[ */
                    (function(){
                    try {
                        if(window.CQuotient) {
                            var cq_params = {};
                            cq_params.cookieId = window.CQuotient.getCQCookieId();
                            cq_params.userId = window.CQuotient.getCQUserId();
                            cq_params.emailId = CQuotient.getCQHashedEmail();
                            cq_params.loginId = CQuotient.getCQHashedLogin();
                            cq_params.accumulate = true;
                            cq_params.products = [{
                                id: '4999997',
                                sku: '',
                                type: '',
                                alt_id: ''
                            }];
                            cq_params.recommenderName = '__UNDEFINED__';
                            cq_params.realm = "BDVS";
                            cq_params.siteId = "continente";
                            cq_params.instanceType = "prd";
                            cq_params.locale = window.CQuotient.locale;
                            cq_params.slotId = '';
                            cq_params.slotConfigId = '';
                            cq_params.slotConfigTemplate = '';
                            if(window.CQuotient.sendActivity)
                                window.CQuotient.sendActivity( CQuotient.clientId, 'viewReco', cq_params );
                            else
                                window.CQuotient.activities.push( {activityType: 'viewReco', parameters: cq_params} );
                        }
                    } catch(err) {}
                    })();
                    /* ]]> */
                    // -->
                    </script>
                    <script type="text/javascript">//<!--
                    /* <![CDATA[ (viewProduct-active_data.js) */
                    dw.ac._capture({id: "4999997", type: "recommendation"});
                    /* ]]> */
                    // -->
                    </script>
                    <div class="product" data-pid="4999997">
                    <div class="product-tile pid-4999997   ct-product-tile " data-delay-time="3000" data-variants-mapping="[]" data-in-cart-msg="no carrinho" data-one-product-added="Adicionado ao carrinho" data-remove-from-cart-msg="Removido do carrinho" data-stay-open="6000.0" data-product-tile-impression="{&quot;name&quot;:&quot;4999997&quot;,&quot;id&quot;:&quot;4999997&quot;,&quot;price&quot;:2.99,&quot;brand&quot;:&quot;Continente Fácil &amp; Bom&quot;,&quot;category&quot;:[{&quot;category_level_1&quot;:&quot;Take-Away&quot;},{&quot;category_level_2&quot;:&quot;Refeições Prontas&quot;},{&quot;category_level_3&quot;:&quot;Carne&quot;}],&quot;variant&quot;:&quot;&quot;}">
                    <div class="ct-inner-tile-wrap row no-gutters justify-content-center align-content-start">
                    
                    <div class="ct-image-container col-4 col-sm" data-confirmation-image="{&quot;url&quot;:&quot;https://www.continente.pt/dw/image/v2/BDVS_PRD/on/demandware.static/-/Sites-col-master-catalog/default/dw142738c3/images/col/499/4999997-frente.jpg?sw=87&amp;sh=80&quot;,&quot;fallbackimage&quot;:{&quot;url&quot;:&quot;https://www.continente.pt/dw/image/v2/BDVS_PRD/on/demandware.static/Sites-continente-Site/-/default/dw7c42b4da/images/noimagelarge_product.png?sw=87&amp;sh=80&quot;,&quot;title&quot;:&quot;Arroz de Pato&quot;,&quot;alt&quot;:&quot;Arroz de Pato&quot;},&quot;title&quot;:&quot;Arroz de Pato&quot;,&quot;alt&quot;:&quot;Arroz de Pato&quot;}">
                    <a href="https://www.continente.pt/produto/arroz-de-pato-continente-facil-bom-4999997.html?cgid=home" tabindex="-1">
                    <picture class="intrinsic intrinsic--square">
                    <img class="ct-tile-image lazyloaded" loading="lazy" onerror="this.onerror=null;this.src='/on/demandware.static/Sites-continente-Site/-/default/dw7c42b4da/images/noimagelarge_product.png';" data-src="https://www.continente.pt/dw/image/v2/BDVS_PRD/on/demandware.static/-/Sites-col-master-catalog/default/dw142738c3/images/col/499/4999997-frente.jpg?sw=280&amp;sh=280" alt="Arroz de Pato" title="Arroz de Pato" src="https://www.continente.pt/dw/image/v2/BDVS_PRD/on/demandware.static/-/Sites-col-master-catalog/default/dw142738c3/images/col/499/4999997-frente.jpg?sw=280&amp;sh=280">
                    </picture>
                    </a>
                    <div class="color-swatches d-flex" style="margin-left: 5px;">
                    <div class="swatches d-flex">
                    </div>
                    </div>
                    </div>
                    <div class="ct-tile-body col col-sm-auto ">
                    <div class="ct-pdp-details">
                    <div class="ct-pdp-link">
                    <a class="ct-tile--description" href="https://www.continente.pt/produto/arroz-de-pato-continente-facil-bom-4999997.html?cgid=home" tabindex="-1">Arroz de Pato</a>
                    <div class="ct-tile--favorite-top d-sm-none">
                    <button class="wishlist-toggler guest-mode inactive button button--tertiary" data-pid="4999997" data-add-url="https://www.continente.pt/on/demandware.store/Sites-continente-Site/default/Wishlist-AddProduct?pid=4999997" data-toggle="tooltip" aria-label="Adicionar aos favoritos " data-original-title="Adicionar aos favoritos" data-placement="top" tabindex="-1">
                    <svg class="active-content" width="100%" height="100%" viewBox="0 0 20 22" fill="none" xmlns="http://www.w3.org/2000/svg">
                    <path fill-rule="evenodd" clip-rule="evenodd" d="M0 1.53052C0 0.685236 0.692171 0 1.54601 0H15.0736C15.9274 0 16.6196 0.685235 16.6196 1.53052V13.4064L15.8127 13.922L14.2658 14.2658L12.7189 13.4064L10.6054 14.3818C10.4994 14.2451 10.3327 14.157 10.1452 14.157H6.76329C6.4431 14.157 6.18354 14.414 6.18354 14.731C6.18354 15.0479 6.4431 15.3049 6.76329 15.3049H10.1452C10.2478 15.3049 10.3441 15.2785 10.4277 15.2322L10.3126 16.8439L13.2345 20.2793H1.54601C0.69217 20.2793 0 19.5941 0 18.7488V1.53052ZM6.18354 5.5483C6.18354 5.23132 6.4431 4.97436 6.76329 4.97436H12.3676C12.6878 4.97436 12.9473 5.23132 12.9473 5.5483C12.9473 5.86528 12.6878 6.12224 12.3676 6.12224H6.76329C6.4431 6.12224 6.18354 5.86528 6.18354 5.5483ZM6.76329 11.0961C6.4431 11.0961 6.18354 11.3531 6.18354 11.6701C6.18354 11.987 6.4431 12.244 6.76329 12.244H12.3676C12.6878 12.244 12.9473 11.987 12.9473 11.6701C12.9473 11.3531 12.6878 11.0961 12.3676 11.0961H6.76329ZM6.18354 8.60985C6.18354 8.29287 6.4431 8.03591 6.76329 8.03591H12.3676C12.6878 8.03591 12.9473 8.29287 12.9473 8.60985C12.9473 8.92684 12.6878 9.1838 12.3676 9.1838H6.76329C6.4431 9.1838 6.18354 8.92684 6.18354 8.60985ZM3.67118 5.5483C3.67118 5.23132 3.93075 4.97436 4.25093 4.97436H4.63743C4.95762 4.97436 5.21719 5.23132 5.21719 5.5483C5.21719 5.86528 4.95762 6.12224 4.63743 6.12224H4.25093C3.93075 6.12224 3.67118 5.86528 3.67118 5.5483ZM4.25093 11.0961C3.93075 11.0961 3.67118 11.3531 3.67118 11.6701C3.67118 11.987 3.93075 12.244 4.25093 12.244H4.63743C4.95762 12.244 5.21719 11.987 5.21719 11.6701C5.21719 11.3531 4.95762 11.0961 4.63743 11.0961H4.25093ZM3.67118 8.60985C3.67118 8.29287 3.93075 8.03591 4.25093 8.03591H4.63743C4.95762 8.03591 5.21719 8.29287 5.21719 8.60985C5.21719 8.92684 4.95762 9.1838 4.63743 9.1838H4.25093C3.93075 9.1838 3.67118 8.92684 3.67118 8.60985ZM4.25093 14.157C3.93075 14.157 3.67118 14.414 3.67118 14.731C3.67118 15.0479 3.93075 15.3049 4.25093 15.3049H4.63743C4.95762 15.3049 5.21719 15.0479 5.21719 14.731C5.21719 14.414 4.95762 14.157 4.63743 14.157H4.25093Z" fill="#EB0203"></path>
                    <path fill-rule="evenodd" clip-rule="evenodd" d="M14.6252 13.6363C13.4918 12.6215 11.7817 12.5264 10.6569 13.4792C9.12421 14.7764 9.34841 16.8912 10.4409 18.0122L14.0159 21.6742C14.2197 21.8832 14.4928 22 14.7822 22C15.0737 22 15.3448 21.8852 15.5486 21.6762L19.1236 18.0142C20.214 16.8933 20.4423 14.7785 18.9075 13.4792C17.7827 12.5283 16.0724 12.6217 14.9391 13.6365C14.8855 13.6845 14.8331 13.7345 14.7822 13.7866C14.7313 13.7345 14.6789 13.6843 14.6252 13.6363ZM18.1546 14.3522C19.0973 15.1508 18.9962 16.4896 18.2891 17.2173C18.2888 17.2175 18.2886 17.2177 18.2884 17.218L14.7832 20.8084L11.2753 17.2151C11.2752 17.215 11.2751 17.2149 11.2749 17.2148C10.5677 16.4887 10.4678 15.1495 11.4104 14.3518L11.4108 14.3514C12.0745 13.7892 13.2018 13.82 13.9488 14.5846L14.7822 15.4378L15.6157 14.5846C16.3617 13.8211 17.4896 13.79 18.1545 14.3521" fill="#EB0203"></path>
                    </svg>
                    <svg class="inactive-content" width="100%" height="100%" viewBox="0 0 20 23" fill="none" xmlns="http://www.w3.org/2000/svg">
                    <path fill-rule="evenodd" clip-rule="evenodd" d="M6.18408 5.77914C6.18408 5.46223 6.44363 5.20532 6.7638 5.20532H12.3678C12.6879 5.20532 12.9475 5.46223 12.9475 5.77914C12.9475 6.09606 12.6879 6.35297 12.3678 6.35297H6.7638C6.44363 6.35297 6.18408 6.09606 6.18408 5.77914Z" fill="#EB0203"></path>
                    <path fill-rule="evenodd" clip-rule="evenodd" d="M6.18408 11.9034C6.18408 11.5865 6.44363 11.3296 6.7638 11.3296H12.3678C12.6879 11.3296 12.9475 11.5865 12.9475 11.9034C12.9475 12.2202 12.6879 12.4771 12.3678 12.4771H6.7638C6.44363 12.4771 6.18408 12.2202 6.18408 11.9034Z" fill="#EB0203"></path>
                    <path fill-rule="evenodd" clip-rule="evenodd" d="M6.18408 8.84116C6.18408 8.52424 6.44363 8.26733 6.7638 8.26733H12.3678C12.6879 8.26733 12.9475 8.52424 12.9475 8.84116C12.9475 9.15807 12.6879 9.41498 12.3678 9.41498H6.7638C6.44363 9.41498 6.18408 9.15807 6.18408 8.84116Z" fill="#EB0203"></path>
                    <path fill-rule="evenodd" clip-rule="evenodd" d="M6.18408 14.9655C6.18408 14.6486 6.44363 14.3917 6.7638 14.3917H10.1455C10.4657 14.3917 10.7252 14.6486 10.7252 14.9655C10.7252 15.2825 10.4657 15.5394 10.1455 15.5394H6.7638C6.44363 15.5394 6.18408 15.2825 6.18408 14.9655Z" fill="#EB0203"></path>
                    <path fill-rule="evenodd" clip-rule="evenodd" d="M3.67139 5.77914C3.67139 5.46223 3.93094 5.20532 4.25111 5.20532H4.63759C4.95776 5.20532 5.21731 5.46223 5.21731 5.77914C5.21731 6.09606 4.95776 6.35297 4.63759 6.35297H4.25111C3.93094 6.35297 3.67139 6.09606 3.67139 5.77914Z" fill="#EB0203"></path>
                    <path fill-rule="evenodd" clip-rule="evenodd" d="M3.67139 11.9034C3.67139 11.5865 3.93094 11.3296 4.25111 11.3296H4.63759C4.95776 11.3296 5.21731 11.5865 5.21731 11.9034C5.21731 12.2202 4.95776 12.4771 4.63759 12.4771H4.25111C3.93094 12.4771 3.67139 12.2202 3.67139 11.9034Z" fill="#EB0203"></path>
                    <path fill-rule="evenodd" clip-rule="evenodd" d="M3.67139 8.84116C3.67139 8.52424 3.93094 8.26733 4.25111 8.26733H4.63759C4.95776 8.26733 5.21731 8.52424 5.21731 8.84116C5.21731 9.15807 4.95776 9.41498 4.63759 9.41498H4.25111C3.93094 9.41498 3.67139 9.15807 3.67139 8.84116Z" fill="#EB0203"></path>
                    <path fill-rule="evenodd" clip-rule="evenodd" d="M3.67139 14.9655C3.67139 14.6486 3.93094 14.3917 4.25111 14.3917H4.63759C4.95776 14.3917 5.21731 14.6486 5.21731 14.9655C5.21731 15.2825 4.95776 15.5394 4.63759 15.5394H4.25111C3.93094 15.5394 3.67139 15.2825 3.67139 14.9655Z" fill="#EB0203"></path>
                    <path fill-rule="evenodd" clip-rule="evenodd" d="M0 1.76033C0 0.914738 0.692131 0.229248 1.54592 0.229248H15.0727C15.9265 0.229248 16.6186 0.914738 16.6186 1.76033V11.2818C16.6186 11.5989 16.3591 11.8559 16.0389 11.8559C15.7187 11.8559 15.4592 11.5989 15.4592 11.2818V1.76033C15.4592 1.54893 15.2862 1.37756 15.0727 1.37756H1.54592C1.33247 1.37756 1.15944 1.54893 1.15944 1.76033V18.985C1.15944 19.1964 1.33247 19.3678 1.54592 19.3678H9.27551C9.59568 19.3678 9.85523 19.6249 9.85523 19.942C9.85523 20.2591 9.59568 20.5161 9.27551 20.5161H1.54592C0.692131 20.5161 0 19.8306 0 18.985V1.76033Z" fill="#EB0203"></path>
                    <path fill-rule="evenodd" clip-rule="evenodd" d="M14.6254 13.8718C13.4921 12.8567 11.7821 12.7615 10.6574 13.7147C9.12472 15.0124 9.34891 17.128 10.4413 18.2493L14.0161 21.9126C14.2199 22.1217 14.493 22.2386 14.7824 22.2386C15.0739 22.2386 15.3449 22.1238 15.5487 21.9147L19.1235 18.2514C20.2139 17.13 20.4422 15.0144 18.9075 13.7147C17.7827 12.7634 16.0726 12.8569 14.9392 13.872C14.8856 13.92 14.8333 13.9701 14.7824 14.0222C14.7314 13.97 14.6791 13.9199 14.6254 13.8718ZM18.1546 14.588C19.0972 15.3869 18.9961 16.7262 18.2891 17.4541C18.2888 17.4543 18.2886 17.4546 18.2884 17.4548L14.7834 21.0466L11.2757 17.452C11.2756 17.4519 11.2755 17.4517 11.2753 17.4516C10.5681 16.7252 10.4682 15.3856 11.4108 14.5876L11.4112 14.5872C12.0748 14.0248 13.202 14.0556 13.949 14.8205L14.7824 15.674L15.6158 14.8205C16.3618 14.0567 17.4896 14.0256 18.1545 14.5879" fill="#EB0203"></path>
                    </svg>
                    </button>
                    </div>
                    </div>
                    <p class="ct-tile--brand">Continente Fácil &amp; Bom</p>
                    <p class="ct-tile--quantity">emb. 250 gr</p>
                    </div>
                    <div class="ct-tile-bottom row no-gutters justify-content-between">
                    <div class="ct-price-wrap col-8 col-sm-12">
                    <div class="price js-product-price">
                    <div class="prices-wrapper">
                    <span class="sales ct-tile--price-primary ">
                    <span class="value" content="2.99">
                    <span class="ct-price-formatted">
                    €2,99
                    </span>
                    <span class="ct-m-unit">
                    /un
                    </span>
                    </span>
                    </span>
                    </div>
                    <div class="ct-tile--price-secondary">
                    <span class="ct-price-value">
                    €11,96
                    </span>
                    <span class="ct-m-unit">
                    /kg
                    </span>
                    </div>
                    </div>
                    </div>
                    <div class="ct-tile-buy-section d-flex justify-content-center no-gutters col-auto col-sm-12">
                    <div class="col-2 d-sm-flex d-none">
                    <button class="wishlist-toggler guest-mode inactive button button--tertiary" data-pid="4999997" data-add-url="https://www.continente.pt/on/demandware.store/Sites-continente-Site/default/Wishlist-AddProduct?pid=4999997" data-toggle="tooltip" aria-label="Adicionar aos favoritos " data-original-title="Adicionar aos favoritos" data-placement="top" tabindex="-1">
                    <svg class="active-content" width="100%" height="100%" viewBox="0 0 20 22" fill="none" xmlns="http://www.w3.org/2000/svg">
                    <path fill-rule="evenodd" clip-rule="evenodd" d="M0 1.53052C0 0.685236 0.692171 0 1.54601 0H15.0736C15.9274 0 16.6196 0.685235 16.6196 1.53052V13.4064L15.8127 13.922L14.2658 14.2658L12.7189 13.4064L10.6054 14.3818C10.4994 14.2451 10.3327 14.157 10.1452 14.157H6.76329C6.4431 14.157 6.18354 14.414 6.18354 14.731C6.18354 15.0479 6.4431 15.3049 6.76329 15.3049H10.1452C10.2478 15.3049 10.3441 15.2785 10.4277 15.2322L10.3126 16.8439L13.2345 20.2793H1.54601C0.69217 20.2793 0 19.5941 0 18.7488V1.53052ZM6.18354 5.5483C6.18354 5.23132 6.4431 4.97436 6.76329 4.97436H12.3676C12.6878 4.97436 12.9473 5.23132 12.9473 5.5483C12.9473 5.86528 12.6878 6.12224 12.3676 6.12224H6.76329C6.4431 6.12224 6.18354 5.86528 6.18354 5.5483ZM6.76329 11.0961C6.4431 11.0961 6.18354 11.3531 6.18354 11.6701C6.18354 11.987 6.4431 12.244 6.76329 12.244H12.3676C12.6878 12.244 12.9473 11.987 12.9473 11.6701C12.9473 11.3531 12.6878 11.0961 12.3676 11.0961H6.76329ZM6.18354 8.60985C6.18354 8.29287 6.4431 8.03591 6.76329 8.03591H12.3676C12.6878 8.03591 12.9473 8.29287 12.9473 8.60985C12.9473 8.92684 12.6878 9.1838 12.3676 9.1838H6.76329C6.4431 9.1838 6.18354 8.92684 6.18354 8.60985ZM3.67118 5.5483C3.67118 5.23132 3.93075 4.97436 4.25093 4.97436H4.63743C4.95762 4.97436 5.21719 5.23132 5.21719 5.5483C5.21719 5.86528 4.95762 6.12224 4.63743 6.12224H4.25093C3.93075 6.12224 3.67118 5.86528 3.67118 5.5483ZM4.25093 11.0961C3.93075 11.0961 3.67118 11.3531 3.67118 11.6701C3.67118 11.987 3.93075 12.244 4.25093 12.244H4.63743C4.95762 12.244 5.21719 11.987 5.21719 11.6701C5.21719 11.3531 4.95762 11.0961 4.63743 11.0961H4.25093ZM3.67118 8.60985C3.67118 8.29287 3.93075 8.03591 4.25093 8.03591H4.63743C4.95762 8.03591 5.21719 8.29287 5.21719 8.60985C5.21719 8.92684 4.95762 9.1838 4.63743 9.1838H4.25093C3.93075 9.1838 3.67118 8.92684 3.67118 8.60985ZM4.25093 14.157C3.93075 14.157 3.67118 14.414 3.67118 14.731C3.67118 15.0479 3.93075 15.3049 4.25093 15.3049H4.63743C4.95762 15.3049 5.21719 15.0479 5.21719 14.731C5.21719 14.414 4.95762 14.157 4.63743 14.157H4.25093Z" fill="#EB0203"></path>
                    <path fill-rule="evenodd" clip-rule="evenodd" d="M14.6252 13.6363C13.4918 12.6215 11.7817 12.5264 10.6569 13.4792C9.12421 14.7764 9.34841 16.8912 10.4409 18.0122L14.0159 21.6742C14.2197 21.8832 14.4928 22 14.7822 22C15.0737 22 15.3448 21.8852 15.5486 21.6762L19.1236 18.0142C20.214 16.8933 20.4423 14.7785 18.9075 13.4792C17.7827 12.5283 16.0724 12.6217 14.9391 13.6365C14.8855 13.6845 14.8331 13.7345 14.7822 13.7866C14.7313 13.7345 14.6789 13.6843 14.6252 13.6363ZM18.1546 14.3522C19.0973 15.1508 18.9962 16.4896 18.2891 17.2173C18.2888 17.2175 18.2886 17.2177 18.2884 17.218L14.7832 20.8084L11.2753 17.2151C11.2752 17.215 11.2751 17.2149 11.2749 17.2148C10.5677 16.4887 10.4678 15.1495 11.4104 14.3518L11.4108 14.3514C12.0745 13.7892 13.2018 13.82 13.9488 14.5846L14.7822 15.4378L15.6157 14.5846C16.3617 13.8211 17.4896 13.79 18.1545 14.3521" fill="#EB0203"></path>
                    </svg>
                    <svg class="inactive-content" width="100%" height="100%" viewBox="0 0 20 23" fill="none" xmlns="http://www.w3.org/2000/svg">
                    <path fill-rule="evenodd" clip-rule="evenodd" d="M6.18408 5.77914C6.18408 5.46223 6.44363 5.20532 6.7638 5.20532H12.3678C12.6879 5.20532 12.9475 5.46223 12.9475 5.77914C12.9475 6.09606 12.6879 6.35297 12.3678 6.35297H6.7638C6.44363 6.35297 6.18408 6.09606 6.18408 5.77914Z" fill="#EB0203"></path>
                    <path fill-rule="evenodd" clip-rule="evenodd" d="M6.18408 11.9034C6.18408 11.5865 6.44363 11.3296 6.7638 11.3296H12.3678C12.6879 11.3296 12.9475 11.5865 12.9475 11.9034C12.9475 12.2202 12.6879 12.4771 12.3678 12.4771H6.7638C6.44363 12.4771 6.18408 12.2202 6.18408 11.9034Z" fill="#EB0203"></path>
                    <path fill-rule="evenodd" clip-rule="evenodd" d="M6.18408 8.84116C6.18408 8.52424 6.44363 8.26733 6.7638 8.26733H12.3678C12.6879 8.26733 12.9475 8.52424 12.9475 8.84116C12.9475 9.15807 12.6879 9.41498 12.3678 9.41498H6.7638C6.44363 9.41498 6.18408 9.15807 6.18408 8.84116Z" fill="#EB0203"></path>
                    <path fill-rule="evenodd" clip-rule="evenodd" d="M6.18408 14.9655C6.18408 14.6486 6.44363 14.3917 6.7638 14.3917H10.1455C10.4657 14.3917 10.7252 14.6486 10.7252 14.9655C10.7252 15.2825 10.4657 15.5394 10.1455 15.5394H6.7638C6.44363 15.5394 6.18408 15.2825 6.18408 14.9655Z" fill="#EB0203"></path>
                    <path fill-rule="evenodd" clip-rule="evenodd" d="M3.67139 5.77914C3.67139 5.46223 3.93094 5.20532 4.25111 5.20532H4.63759C4.95776 5.20532 5.21731 5.46223 5.21731 5.77914C5.21731 6.09606 4.95776 6.35297 4.63759 6.35297H4.25111C3.93094 6.35297 3.67139 6.09606 3.67139 5.77914Z" fill="#EB0203"></path>
                    <path fill-rule="evenodd" clip-rule="evenodd" d="M3.67139 11.9034C3.67139 11.5865 3.93094 11.3296 4.25111 11.3296H4.63759C4.95776 11.3296 5.21731 11.5865 5.21731 11.9034C5.21731 12.2202 4.95776 12.4771 4.63759 12.4771H4.25111C3.93094 12.4771 3.67139 12.2202 3.67139 11.9034Z" fill="#EB0203"></path>
                    <path fill-rule="evenodd" clip-rule="evenodd" d="M3.67139 8.84116C3.67139 8.52424 3.93094 8.26733 4.25111 8.26733H4.63759C4.95776 8.26733 5.21731 8.52424 5.21731 8.84116C5.21731 9.15807 4.95776 9.41498 4.63759 9.41498H4.25111C3.93094 9.41498 3.67139 9.15807 3.67139 8.84116Z" fill="#EB0203"></path>
                    <path fill-rule="evenodd" clip-rule="evenodd" d="M3.67139 14.9655C3.67139 14.6486 3.93094 14.3917 4.25111 14.3917H4.63759C4.95776 14.3917 5.21731 14.6486 5.21731 14.9655C5.21731 15.2825 4.95776 15.5394 4.63759 15.5394H4.25111C3.93094 15.5394 3.67139 15.2825 3.67139 14.9655Z" fill="#EB0203"></path>
                    <path fill-rule="evenodd" clip-rule="evenodd" d="M0 1.76033C0 0.914738 0.692131 0.229248 1.54592 0.229248H15.0727C15.9265 0.229248 16.6186 0.914738 16.6186 1.76033V11.2818C16.6186 11.5989 16.3591 11.8559 16.0389 11.8559C15.7187 11.8559 15.4592 11.5989 15.4592 11.2818V1.76033C15.4592 1.54893 15.2862 1.37756 15.0727 1.37756H1.54592C1.33247 1.37756 1.15944 1.54893 1.15944 1.76033V18.985C1.15944 19.1964 1.33247 19.3678 1.54592 19.3678H9.27551C9.59568 19.3678 9.85523 19.6249 9.85523 19.942C9.85523 20.2591 9.59568 20.5161 9.27551 20.5161H1.54592C0.692131 20.5161 0 19.8306 0 18.985V1.76033Z" fill="#EB0203"></path>
                    <path fill-rule="evenodd" clip-rule="evenodd" d="M14.6254 13.8718C13.4921 12.8567 11.7821 12.7615 10.6574 13.7147C9.12472 15.0124 9.34891 17.128 10.4413 18.2493L14.0161 21.9126C14.2199 22.1217 14.493 22.2386 14.7824 22.2386C15.0739 22.2386 15.3449 22.1238 15.5487 21.9147L19.1235 18.2514C20.2139 17.13 20.4422 15.0144 18.9075 13.7147C17.7827 12.7634 16.0726 12.8569 14.9392 13.872C14.8856 13.92 14.8333 13.9701 14.7824 14.0222C14.7314 13.97 14.6791 13.9199 14.6254 13.8718ZM18.1546 14.588C19.0972 15.3869 18.9961 16.7262 18.2891 17.4541C18.2888 17.4543 18.2886 17.4546 18.2884 17.4548L14.7834 21.0466L11.2757 17.452C11.2756 17.4519 11.2755 17.4517 11.2753 17.4516C10.5681 16.7252 10.4682 15.3856 11.4108 14.5876L11.4112 14.5872C12.0748 14.0248 13.202 14.0556 13.949 14.8205L14.7824 15.674L15.6158 14.8205C16.3618 14.0567 17.4896 14.0256 18.1545 14.5879" fill="#EB0203"></path>
                    </svg>
                    </button>
                    </div>
                    
                    <div class="col-sm-10 col-12">
                    <div class="ct-tile-quantity d-none" data-pid="4999997">
                    <input type="hidden" class="add-to-cart-url" value="https://www.continente.pt/on/demandware.store/Sites-continente-Site/default/Cart-AddProduct" tabindex="-1">
                    <div class="d-none tile-delete-confirmation-btn" data-pid="4999997" data-delay-time="3000" data-in-cart-msg="no carrinho" data-one-product-added="Adicionado ao carrinho" data-remove-from-cart-msg="Removido do carrinho" data-stay-open="6000.0" data-confirmation-image="{&quot;url&quot;:&quot;https://www.continente.pt/dw/image/v2/BDVS_PRD/on/demandware.static/-/Sites-col-master-catalog/default/dw142738c3/images/col/499/4999997-frente.jpg?sw=87&amp;sh=80&quot;,&quot;fallbackimage&quot;:{&quot;url&quot;:&quot;https://www.continente.pt/dw/image/v2/BDVS_PRD/on/demandware.static/Sites-continente-Site/-/default/dw7c42b4da/images/noimagelarge_product.png?sw=87&amp;sh=80&quot;,&quot;title&quot;:&quot;Arroz de Pato&quot;,&quot;alt&quot;:&quot;Arroz de Pato&quot;},&quot;title&quot;:&quot;Arroz de Pato&quot;,&quot;alt&quot;:&quot;Arroz de Pato&quot;}"></div>
                    <div class="ct-tile-quantity-update quantity-update product-qty-vue" data-remove-action="https://www.continente.pt/on/demandware.store/Sites-continente-Site/default/Cart-RemoveProductLineItem" data-action="https://www.continente.pt/on/demandware.store/Sites-continente-Site/default/Cart-UpdateQuantity" data-dimension-update="https://www.continente.pt/on/demandware.store/Sites-continente-Site/default/Cart-DimensionUpdate" data-pid="4999997" data-uuid="6517e0487a6834bda630c2991b" data-add-delay="500.0" data-measure-options="{&quot;hasConversionRate&quot;:true,&quot;hasAlternativeSaleUnit&quot;:false,&quot;primaryToSecondary&quot;:1,&quot;secondaryToPrimary&quot;:1,&quot;unitConversionRate&quot;:1,&quot;minOrderQuantity&quot;:1,&quot;stepQuantity&quot;:1,&quot;primaryunit&quot;:&quot;un&quot;,&quot;secondaryunit&quot;:&quot;kg&quot;,&quot;selectedunit&quot;:&quot;primary&quot;,&quot;maxNumberOfUnitsPerSale&quot;:50}" data-price-available="null" :data-has-error="isMaxQtyReached || isMinQtyReached || qtySelectedMoreThanOne">
                    <template v-show="prodUnits">
                    <div class="quantity-input-wrapper has-units">
                    <label class="visually-hidden" :for="'quantity-' + pid + additionalTag">
                    Quantidade no carrinho
                    </label>
                    <input :ref="'quantityInput-' + pid + additionalTag" class="add-to-cart-quantity form-control ct-form-input text-center" inputmode="numeric" :class="{'is-invalid': isInvalid}" :data-pid="pid + additionalTag" :name="'quantity-' + pid + additionalTag" type="text" aria-label="Insira a quantidade" title="" v-model="displayValue" @change="updateQuantity" @focus="updateQtyFormat" @blur="restoreQtyFormat" :disabled="!isPriceAvailable">
                    <span class="quantity-icon quantity-icon--minus">
                    <button class="decrease-quantity-btn" @click="updateQuantity" :disabled="!isPriceAvailable" role="button" aria-label="Reduzir quantidade">
                    <i class="css-math-minus"></i>
                    </button>
                    </span>
                    <span class="quantity-icon quantity-icon--plus">
                    <button class="increase-quantity-btn" @click="updateQuantity" :disabled="isMaxQtyReached || !isPriceAvailable" role="button" aria-label="Aumentar quantidade">
                    <i class="css-math-plus"></i>
                    </button>
                    <span class="quantity-btn-disabled-placeholder"></span>
                    </span>
                    <template v-if="isPDP">
                    <span class="quantity-error ct-span-error text-sm-center product-max-allocation" v-if="isMaxQtyReached">
                    Quantidade máxima atingida
                    </span>
                    <span class="quantity-error ct-span-product text-sm-center product-allocation" v-if="!isMinQtyReached &amp;&amp; !isMaxQtyReached">
                    {{quantitySelected}} no carrinho
                    </span>
                    <span class="quantity-error ct-span-error text-sm-center product-min-allocation" :data-pid="pid" v-if="isMinQtyReached &amp;&amp; !isMaxQtyReached">
                    Quantidade mínima atingida
                    </span>
                    </template>
                    </div>
                    <template v-if="showNotes">
                    <div class="add-note-link-container ">
                    <div class="add-note">
                    <a href="/produto/arroz-de-pato-continente-facil-bom-4999997.html?showNote=true" class="ct-add-note-redirect-pdp" aria-label="Adicionar comentário">
                    <span class="svg-wrapper svg-icon-notes" style="width:19px; height:20px">
                    <svg class="svg-inline icon-notes" viewBox="0 0 28 30" xmlns="http://www.w3.org/2000/svg" width="100%" height="100%"><path d="M21.738 0C22.985 0 24 1.04 24 2.319V12.47c0 .469-.37.848-.828.848-.457 0-.827-.38-.827-.848V2.32c0-.343-.273-.622-.607-.622H2.262c-.334 0-.607.279-.607.622V27.68c0 .343.273.622.607.622h7.81c.457 0 .827.38.827.849 0 .468-.37.848-.827.848h-7.81C1.015 30 0 28.96 0 27.681V2.32C0 1.04 1.015 0 2.262 0h19.476zm2.844 16.004l.227.007c.823.053 1.589.39 2.176.964.64.627.993 1.46.993 2.349 0 .888-.353 1.722-.993 2.348l-6.83 6.665c-.11.108-.247.186-.397.226l-5.032 1.363c-.078.021-.16.032-.241.032-.242 0-.478-.097-.647-.266-.23-.231-.314-.566-.218-.874l1.49-4.798c.044-.139.122-.266.227-.369l6.844-6.677c.64-.625 1.493-.97 2.401-.97zm-2.886 3.94l-4.922 4.802-.947 3.048 3.22-.872 4.897-4.78-2.248-2.197zm2.887-2.174c-.425 0-.824.162-1.124.455l-.484.472 2.248 2.197.484-.472c.62-.606.62-1.591 0-2.197l-.117-.104c-.283-.227-.636-.35-1.007-.35zm-10.839.022c.498 0 .904.396.904.883 0 .488-.406.884-.904.884H5.946c-.499 0-.904-.396-.904-.884 0-.487.405-.883.904-.883zm5.042-4.876c.498 0 .904.397.904.884s-.406.884-.904.884H5.946c-.499 0-.904-.397-.904-.884s.405-.884.904-.884zm0-4.875c.498 0 .904.396.904.884 0 .487-.406.883-.904.883H5.946c-.499 0-.904-.396-.904-.883 0-.488.405-.884.904-.884z" fill="#EB0203" fill-rule="evenodd"></path></svg>
                    </span>
                    <div class="available-note d-none"></div>
                    </a>
                    </div>
                    </div>
                    </template>
                    <div class="measurement-unit-section" v-if="isPriceAvailable &amp;&amp; prodUnits ? prodUnits.hasAlternativeUnit : false">
                    <div class="ct-form-radio" @click="setDimension">
                    <input type="radio" title="" class="ct-form-check-input product-measurement-unit" :data-type="prodUnits.selectedUnit == prodUnits.secondaryUnit ? 'primary' : ''" :id="prodUnits.secondaryUnit + '-' + pid + '-measurement-unit-ptile' + additionalTag" :name="'measurement-unit-' + pid + '-ptile' + additionalTag" :value="prodUnits.secondaryUnit" v-model="prodUnits.selectedUnit">
                    <label :class="prodUnits.secondaryUnit + '-label ct-form-check-label mb-0'" :for="prodUnits.secondaryUnit + '-' + pid + '-measurement-unit-ptile' + additionalTag">
                    {{prodUnits.secondaryUnit}}
                    </label>
                    <span class="checkmark"></span>
                    </div>
                    <div class="ct-form-radio" @click="setDimension">
                    <input type="radio" title="" class="ct-form-check-input product-measurement-unit" :data-type="prodUnits.selectedUnit == prodUnits.primaryUnit ? 'primary' : ''" :id="prodUnits.primaryUnit + '-' + pid + '-measurement-unit-ptile' + additionalTag" :name="'measurement-unit-' + pid + '-ptile' + additionalTag" :value="prodUnits.primaryUnit" v-model="prodUnits.selectedUnit">
                    <label :class="prodUnits.primaryUnit + '-label ct-form-check-label mb-0'" :for="prodUnits.primaryUnit + '-' + pid + '-measurement-unit-ptile' + additionalTag">
                    {{prodUnits.primaryUnit}}
                    </label>
                    <span class="checkmark"></span>
                    </div>
                    </div>
                    <template v-if="!isPDP &amp;&amp; isPriceAvailable">
                    <span class="quantity-error ct-span-error product-max-allocation" v-if="isMaxQtyReached">
                    Quantidade máxima atingida
                    </span>
                    <span class="quantity-error ct-span-product product-allocation" v-if="!isMinQtyReached &amp;&amp; !isMaxQtyReached">
                    {{quantitySelected}} no carrinho
                    </span>
                    <span class="quantity-error ct-span-error product-min-allocation" :data-pid="pid" v-if="isMinQtyReached &amp;&amp; !isMaxQtyReached">
                    Quantidade mínima atingida
                    </span>
                    </template>
                    </template>
                    </div>
                    <input class="quantity-value-mask d-none" name="quantity" type="number" min="0" value="" tabindex="-1">
                    </div>
                    <button type="button" class="add-to-cart button js-add-to-cart js-add-to-cart-tile 4999997 button--primary dynamic-layout-btn" data-toggle="modal" data-target="#chooseBonusProductModal" data-pid="4999997" data-quantity-value="null" aria-label="Carrinho" tabindex="-1">
                    <span class="d-block d-sm-none">
                    <span class="svg-wrapper svg-icon-cart" style="width:20px; height:20px">
                    <svg class="svg-inline icon-cart" xmlns="http://www.w3.org/2000/svg" viewBox="0 0 500 500" width="100%" height="100%"><path fill="#EB0203" fill-rule="evenodd" d="M 485.67317,94.386311 C 476.37798,83.847129 463.09468,78.03348 448.30404,78.03348 H 90.690813 L 87.079511,51.327997 C 83.185582,22.539551 62.962285,0 41.011841,0 H 14.727836 C 6.563151,0 0,6.5286975 0,14.580758 c 0,8.05206 6.5945535,14.580758 14.727836,14.580758 h 26.284005 c 4.710398,0 14.696435,9.855222 16.894619,26.021523 L 100.01739,368.0631 c 1.88416,13.77244 9.01256,26.70549 20.1605,36.37417 8.25889,7.15046 18.02511,11.9071 28.26237,13.89679 -4.17655,7.58572 -6.53175,16.25957 -6.53175,25.493 0,29.53459 24.27424,53.59751 54.13815,53.59751 29.8325,0 54.13814,-24.03184 54.13814,-53.59751 0,-8.79818 -2.19818,-17.09897 -5.9979,-24.43598 h 77.12488 c -3.79973,7.33701 -5.96652,15.6378 -5.96652,24.43598 0,29.53459 24.27424,53.59751 54.13817,53.59751 29.83249,0 54.13814,-24.03184 54.13814,-53.59751 0,-8.79818 -2.1982,-17.09897 -5.9979,-24.43598 h 38.56243 c 8.13328,0 14.72783,-6.5287 14.72783,-14.61183 0,-8.02098 -6.59455,-14.54967 -14.72783,-14.54967 H 159.24277 c -14.38241,0 -28.13677,-11.90711 -30.02092,-26.02153 l -3.07746,-22.88154 h 290.6314 c 14.03698,0 27.94834,-5.28513 39.06488,-14.95381 11.11652,-9.6376 18.27632,-22.57065 20.16048,-36.37417 l 21.10259,-156.78201 c 1.94694,-14.51858 -2.10398,-28.29103 -11.43057,-38.861299 z M 220.76053,443.82706 c 0,13.49265 -11.08513,24.46709 -24.68247,24.46709 -13.62874,0 -24.71387,-10.97444 -24.71387,-24.46709 0,-13.49262 11.08513,-24.43598 24.71387,-24.43598 13.59734,0 24.68247,10.94336 24.68247,24.43598 z m 173.43675,0 c 0,13.49265 -11.08512,24.46709 -24.68245,24.46709 -13.62876,0 -24.71388,-10.97444 -24.71388,-24.46709 0,-13.49262 11.08512,-24.43598 24.71388,-24.43598 13.59733,0 24.68245,10.94336 24.68245,24.43598 z m 73.7648,-314.46558 -21.13397,156.782 c -1.88416,14.11442 -15.63851,26.05261 -30.02091,26.05261 H 122.25046 L 94.616142,107.19499 H 448.33544 c 6.18632,0 11.61896,2.2695 15.23028,6.37326 3.64269,4.13484 5.21283,9.73086 4.39636,15.79323 z"></path></svg>
                    </span>
                    </span>
                    <span class="add-to-cart--text d-none d-sm-block">Carrinho</span>
                    </button>
                    </div>
                    </div>
                    </div>
                    </div>
                    
                    <div class="col-12 d-sm-none">
                    </div>
                    </div>
                    </div>
                    </div>
                    </div><div class="pd-tile-wrap slick-slide slick-cloned" data-idx="7" style="width: 276px; height: auto;" data-slick-index="23" id="" aria-hidden="true" tabindex="-1">
                    
                    <script type="text/javascript">//<!--
                    /* <![CDATA[ */
                    (function(){
                    try {
                        if(window.CQuotient) {
                            var cq_params = {};
                            cq_params.cookieId = window.CQuotient.getCQCookieId();
                            cq_params.userId = window.CQuotient.getCQUserId();
                            cq_params.emailId = CQuotient.getCQHashedEmail();
                            cq_params.loginId = CQuotient.getCQHashedLogin();
                            cq_params.accumulate = true;
                            cq_params.products = [{
                                id: '5060909',
                                sku: '',
                                type: '',
                                alt_id: ''
                            }];
                            cq_params.recommenderName = '__UNDEFINED__';
                            cq_params.realm = "BDVS";
                            cq_params.siteId = "continente";
                            cq_params.instanceType = "prd";
                            cq_params.locale = window.CQuotient.locale;
                            cq_params.slotId = '';
                            cq_params.slotConfigId = '';
                            cq_params.slotConfigTemplate = '';
                            if(window.CQuotient.sendActivity)
                                window.CQuotient.sendActivity( CQuotient.clientId, 'viewReco', cq_params );
                            else
                                window.CQuotient.activities.push( {activityType: 'viewReco', parameters: cq_params} );
                        }
                    } catch(err) {}
                    })();
                    /* ]]> */
                    // -->
                    </script>
                    <script type="text/javascript">//<!--
                    /* <![CDATA[ (viewProduct-active_data.js) */
                    dw.ac._capture({id: "5060909", type: "recommendation"});
                    /* ]]> */
                    // -->
                    </script>
                    <div class="product" data-pid="5060909">
                    <div class="product-tile pid-5060909   ct-product-tile " data-delay-time="3000" data-variants-mapping="[]" data-in-cart-msg="no carrinho" data-one-product-added="Adicionado ao carrinho" data-remove-from-cart-msg="Removido do carrinho" data-stay-open="6000.0" data-product-tile-impression="{&quot;name&quot;:&quot;5060909&quot;,&quot;id&quot;:&quot;5060909&quot;,&quot;price&quot;:3.29,&quot;brand&quot;:&quot;Rana&quot;,&quot;category&quot;:[{&quot;category_level_1&quot;:&quot;Take-Away&quot;},{&quot;category_level_2&quot;:&quot;Massas Frescas e Noodles&quot;},{&quot;category_level_3&quot;:&quot;Massas Simples e Recheadas&quot;}],&quot;variant&quot;:&quot;&quot;}">
                    <div class="ct-inner-tile-wrap row no-gutters justify-content-center align-content-start">
                    
                    <div class="ct-image-container col-4 col-sm" data-confirmation-image="{&quot;url&quot;:&quot;https://www.continente.pt/dw/image/v2/BDVS_PRD/on/demandware.static/-/Sites-col-master-catalog/default/dw494b3803/images/col/506/5060909-frente.jpg?sw=87&amp;sh=80&quot;,&quot;fallbackimage&quot;:{&quot;url&quot;:&quot;https://www.continente.pt/dw/image/v2/BDVS_PRD/on/demandware.static/Sites-continente-Site/-/default/dw7c42b4da/images/noimagelarge_product.png?sw=87&amp;sh=80&quot;,&quot;title&quot;:&quot;Tortellini Fresco de 4 Queijos&quot;,&quot;alt&quot;:&quot;Tortellini Fresco de 4 Queijos&quot;},&quot;title&quot;:&quot;Tortellini Fresco de 4 Queijos&quot;,&quot;alt&quot;:&quot;Tortellini Fresco de 4 Queijos&quot;}">
                    <a href="https://www.continente.pt/produto/tortellini-fresco-de-4-queijos-rana-5060909.html?cgid=home" tabindex="-1">
                    <picture class="intrinsic intrinsic--square">
                    <img class="ct-tile-image lazyloaded" loading="lazy" onerror="this.onerror=null;this.src='/on/demandware.static/Sites-continente-Site/-/default/dw7c42b4da/images/noimagelarge_product.png';" data-src="https://www.continente.pt/dw/image/v2/BDVS_PRD/on/demandware.static/-/Sites-col-master-catalog/default/dw494b3803/images/col/506/5060909-frente.jpg?sw=280&amp;sh=280" alt="Tortellini Fresco de 4 Queijos" title="Tortellini Fresco de 4 Queijos" src="https://www.continente.pt/dw/image/v2/BDVS_PRD/on/demandware.static/-/Sites-col-master-catalog/default/dw494b3803/images/col/506/5060909-frente.jpg?sw=280&amp;sh=280">
                    </picture>
                    </a>
                    <div class="color-swatches d-flex" style="margin-left: 5px;">
                    <div class="swatches d-flex">
                    </div>
                    </div>
                    </div>
                    <div class="ct-tile-body col col-sm-auto ">
                    <div class="ct-pdp-details">
                    <div class="ct-pdp-link">
                    <a class="ct-tile--description" href="https://www.continente.pt/produto/tortellini-fresco-de-4-queijos-rana-5060909.html?cgid=home" tabindex="-1">Tortellini Fresco de 4 Queijos</a>
                    <div class="ct-tile--favorite-top d-sm-none">
                    <button class="wishlist-toggler guest-mode inactive button button--tertiary" data-pid="5060909" data-add-url="https://www.continente.pt/on/demandware.store/Sites-continente-Site/default/Wishlist-AddProduct?pid=5060909" data-toggle="tooltip" aria-label="Adicionar aos favoritos " data-original-title="Adicionar aos favoritos" data-placement="top" tabindex="-1">
                    <svg class="active-content" width="100%" height="100%" viewBox="0 0 20 22" fill="none" xmlns="http://www.w3.org/2000/svg">
                    <path fill-rule="evenodd" clip-rule="evenodd" d="M0 1.53052C0 0.685236 0.692171 0 1.54601 0H15.0736C15.9274 0 16.6196 0.685235 16.6196 1.53052V13.4064L15.8127 13.922L14.2658 14.2658L12.7189 13.4064L10.6054 14.3818C10.4994 14.2451 10.3327 14.157 10.1452 14.157H6.76329C6.4431 14.157 6.18354 14.414 6.18354 14.731C6.18354 15.0479 6.4431 15.3049 6.76329 15.3049H10.1452C10.2478 15.3049 10.3441 15.2785 10.4277 15.2322L10.3126 16.8439L13.2345 20.2793H1.54601C0.69217 20.2793 0 19.5941 0 18.7488V1.53052ZM6.18354 5.5483C6.18354 5.23132 6.4431 4.97436 6.76329 4.97436H12.3676C12.6878 4.97436 12.9473 5.23132 12.9473 5.5483C12.9473 5.86528 12.6878 6.12224 12.3676 6.12224H6.76329C6.4431 6.12224 6.18354 5.86528 6.18354 5.5483ZM6.76329 11.0961C6.4431 11.0961 6.18354 11.3531 6.18354 11.6701C6.18354 11.987 6.4431 12.244 6.76329 12.244H12.3676C12.6878 12.244 12.9473 11.987 12.9473 11.6701C12.9473 11.3531 12.6878 11.0961 12.3676 11.0961H6.76329ZM6.18354 8.60985C6.18354 8.29287 6.4431 8.03591 6.76329 8.03591H12.3676C12.6878 8.03591 12.9473 8.29287 12.9473 8.60985C12.9473 8.92684 12.6878 9.1838 12.3676 9.1838H6.76329C6.4431 9.1838 6.18354 8.92684 6.18354 8.60985ZM3.67118 5.5483C3.67118 5.23132 3.93075 4.97436 4.25093 4.97436H4.63743C4.95762 4.97436 5.21719 5.23132 5.21719 5.5483C5.21719 5.86528 4.95762 6.12224 4.63743 6.12224H4.25093C3.93075 6.12224 3.67118 5.86528 3.67118 5.5483ZM4.25093 11.0961C3.93075 11.0961 3.67118 11.3531 3.67118 11.6701C3.67118 11.987 3.93075 12.244 4.25093 12.244H4.63743C4.95762 12.244 5.21719 11.987 5.21719 11.6701C5.21719 11.3531 4.95762 11.0961 4.63743 11.0961H4.25093ZM3.67118 8.60985C3.67118 8.29287 3.93075 8.03591 4.25093 8.03591H4.63743C4.95762 8.03591 5.21719 8.29287 5.21719 8.60985C5.21719 8.92684 4.95762 9.1838 4.63743 9.1838H4.25093C3.93075 9.1838 3.67118 8.92684 3.67118 8.60985ZM4.25093 14.157C3.93075 14.157 3.67118 14.414 3.67118 14.731C3.67118 15.0479 3.93075 15.3049 4.25093 15.3049H4.63743C4.95762 15.3049 5.21719 15.0479 5.21719 14.731C5.21719 14.414 4.95762 14.157 4.63743 14.157H4.25093Z" fill="#EB0203"></path>
                    <path fill-rule="evenodd" clip-rule="evenodd" d="M14.6252 13.6363C13.4918 12.6215 11.7817 12.5264 10.6569 13.4792C9.12421 14.7764 9.34841 16.8912 10.4409 18.0122L14.0159 21.6742C14.2197 21.8832 14.4928 22 14.7822 22C15.0737 22 15.3448 21.8852 15.5486 21.6762L19.1236 18.0142C20.214 16.8933 20.4423 14.7785 18.9075 13.4792C17.7827 12.5283 16.0724 12.6217 14.9391 13.6365C14.8855 13.6845 14.8331 13.7345 14.7822 13.7866C14.7313 13.7345 14.6789 13.6843 14.6252 13.6363ZM18.1546 14.3522C19.0973 15.1508 18.9962 16.4896 18.2891 17.2173C18.2888 17.2175 18.2886 17.2177 18.2884 17.218L14.7832 20.8084L11.2753 17.2151C11.2752 17.215 11.2751 17.2149 11.2749 17.2148C10.5677 16.4887 10.4678 15.1495 11.4104 14.3518L11.4108 14.3514C12.0745 13.7892 13.2018 13.82 13.9488 14.5846L14.7822 15.4378L15.6157 14.5846C16.3617 13.8211 17.4896 13.79 18.1545 14.3521" fill="#EB0203"></path>
                    </svg>
                    <svg class="inactive-content" width="100%" height="100%" viewBox="0 0 20 23" fill="none" xmlns="http://www.w3.org/2000/svg">
                    <path fill-rule="evenodd" clip-rule="evenodd" d="M6.18408 5.77914C6.18408 5.46223 6.44363 5.20532 6.7638 5.20532H12.3678C12.6879 5.20532 12.9475 5.46223 12.9475 5.77914C12.9475 6.09606 12.6879 6.35297 12.3678 6.35297H6.7638C6.44363 6.35297 6.18408 6.09606 6.18408 5.77914Z" fill="#EB0203"></path>
                    <path fill-rule="evenodd" clip-rule="evenodd" d="M6.18408 11.9034C6.18408 11.5865 6.44363 11.3296 6.7638 11.3296H12.3678C12.6879 11.3296 12.9475 11.5865 12.9475 11.9034C12.9475 12.2202 12.6879 12.4771 12.3678 12.4771H6.7638C6.44363 12.4771 6.18408 12.2202 6.18408 11.9034Z" fill="#EB0203"></path>
                    <path fill-rule="evenodd" clip-rule="evenodd" d="M6.18408 8.84116C6.18408 8.52424 6.44363 8.26733 6.7638 8.26733H12.3678C12.6879 8.26733 12.9475 8.52424 12.9475 8.84116C12.9475 9.15807 12.6879 9.41498 12.3678 9.41498H6.7638C6.44363 9.41498 6.18408 9.15807 6.18408 8.84116Z" fill="#EB0203"></path>
                    <path fill-rule="evenodd" clip-rule="evenodd" d="M6.18408 14.9655C6.18408 14.6486 6.44363 14.3917 6.7638 14.3917H10.1455C10.4657 14.3917 10.7252 14.6486 10.7252 14.9655C10.7252 15.2825 10.4657 15.5394 10.1455 15.5394H6.7638C6.44363 15.5394 6.18408 15.2825 6.18408 14.9655Z" fill="#EB0203"></path>
                    <path fill-rule="evenodd" clip-rule="evenodd" d="M3.67139 5.77914C3.67139 5.46223 3.93094 5.20532 4.25111 5.20532H4.63759C4.95776 5.20532 5.21731 5.46223 5.21731 5.77914C5.21731 6.09606 4.95776 6.35297 4.63759 6.35297H4.25111C3.93094 6.35297 3.67139 6.09606 3.67139 5.77914Z" fill="#EB0203"></path>
                    <path fill-rule="evenodd" clip-rule="evenodd" d="M3.67139 11.9034C3.67139 11.5865 3.93094 11.3296 4.25111 11.3296H4.63759C4.95776 11.3296 5.21731 11.5865 5.21731 11.9034C5.21731 12.2202 4.95776 12.4771 4.63759 12.4771H4.25111C3.93094 12.4771 3.67139 12.2202 3.67139 11.9034Z" fill="#EB0203"></path>
                    <path fill-rule="evenodd" clip-rule="evenodd" d="M3.67139 8.84116C3.67139 8.52424 3.93094 8.26733 4.25111 8.26733H4.63759C4.95776 8.26733 5.21731 8.52424 5.21731 8.84116C5.21731 9.15807 4.95776 9.41498 4.63759 9.41498H4.25111C3.93094 9.41498 3.67139 9.15807 3.67139 8.84116Z" fill="#EB0203"></path>
                    <path fill-rule="evenodd" clip-rule="evenodd" d="M3.67139 14.9655C3.67139 14.6486 3.93094 14.3917 4.25111 14.3917H4.63759C4.95776 14.3917 5.21731 14.6486 5.21731 14.9655C5.21731 15.2825 4.95776 15.5394 4.63759 15.5394H4.25111C3.93094 15.5394 3.67139 15.2825 3.67139 14.9655Z" fill="#EB0203"></path>
                    <path fill-rule="evenodd" clip-rule="evenodd" d="M0 1.76033C0 0.914738 0.692131 0.229248 1.54592 0.229248H15.0727C15.9265 0.229248 16.6186 0.914738 16.6186 1.76033V11.2818C16.6186 11.5989 16.3591 11.8559 16.0389 11.8559C15.7187 11.8559 15.4592 11.5989 15.4592 11.2818V1.76033C15.4592 1.54893 15.2862 1.37756 15.0727 1.37756H1.54592C1.33247 1.37756 1.15944 1.54893 1.15944 1.76033V18.985C1.15944 19.1964 1.33247 19.3678 1.54592 19.3678H9.27551C9.59568 19.3678 9.85523 19.6249 9.85523 19.942C9.85523 20.2591 9.59568 20.5161 9.27551 20.5161H1.54592C0.692131 20.5161 0 19.8306 0 18.985V1.76033Z" fill="#EB0203"></path>
                    <path fill-rule="evenodd" clip-rule="evenodd" d="M14.6254 13.8718C13.4921 12.8567 11.7821 12.7615 10.6574 13.7147C9.12472 15.0124 9.34891 17.128 10.4413 18.2493L14.0161 21.9126C14.2199 22.1217 14.493 22.2386 14.7824 22.2386C15.0739 22.2386 15.3449 22.1238 15.5487 21.9147L19.1235 18.2514C20.2139 17.13 20.4422 15.0144 18.9075 13.7147C17.7827 12.7634 16.0726 12.8569 14.9392 13.872C14.8856 13.92 14.8333 13.9701 14.7824 14.0222C14.7314 13.97 14.6791 13.9199 14.6254 13.8718ZM18.1546 14.588C19.0972 15.3869 18.9961 16.7262 18.2891 17.4541C18.2888 17.4543 18.2886 17.4546 18.2884 17.4548L14.7834 21.0466L11.2757 17.452C11.2756 17.4519 11.2755 17.4517 11.2753 17.4516C10.5681 16.7252 10.4682 15.3856 11.4108 14.5876L11.4112 14.5872C12.0748 14.0248 13.202 14.0556 13.949 14.8205L14.7824 15.674L15.6158 14.8205C16.3618 14.0567 17.4896 14.0256 18.1545 14.5879" fill="#EB0203"></path>
                    </svg>
                    </button>
                    </div>
                    </div>
                    <p class="ct-tile--brand">Rana</p>
                    <p class="ct-tile--quantity">emb. 250 gr</p>
                    </div>
                    <div class="ct-tile-bottom row no-gutters justify-content-between">
                    <div class="ct-price-wrap col-8 col-sm-12">
                    <div class="price js-product-price">
                    <div class="prices-wrapper">
                    <span class="sales ct-tile--price-primary ">
                    <span class="value" content="3.29">
                    <span class="ct-price-formatted">
                    €3,29
                    </span>
                    <span class="ct-m-unit">
                    /un
                    </span>
                    </span>
                    </span>
                    </div>
                    <div class="ct-tile--price-secondary">
                    <span class="ct-price-value">
                    €13,16
                    </span>
                    <span class="ct-m-unit">
                    /kg
                    </span>
                    </div>
                    </div>
                    </div>
                    <div class="ct-tile-buy-section d-flex justify-content-center no-gutters col-auto col-sm-12">
                    <div class="col-2 d-sm-flex d-none">
                    <button class="wishlist-toggler guest-mode inactive button button--tertiary" data-pid="5060909" data-add-url="https://www.continente.pt/on/demandware.store/Sites-continente-Site/default/Wishlist-AddProduct?pid=5060909" data-toggle="tooltip" aria-label="Adicionar aos favoritos " data-original-title="Adicionar aos favoritos" data-placement="top" tabindex="-1">
                    <svg class="active-content" width="100%" height="100%" viewBox="0 0 20 22" fill="none" xmlns="http://www.w3.org/2000/svg">
                    <path fill-rule="evenodd" clip-rule="evenodd" d="M0 1.53052C0 0.685236 0.692171 0 1.54601 0H15.0736C15.9274 0 16.6196 0.685235 16.6196 1.53052V13.4064L15.8127 13.922L14.2658 14.2658L12.7189 13.4064L10.6054 14.3818C10.4994 14.2451 10.3327 14.157 10.1452 14.157H6.76329C6.4431 14.157 6.18354 14.414 6.18354 14.731C6.18354 15.0479 6.4431 15.3049 6.76329 15.3049H10.1452C10.2478 15.3049 10.3441 15.2785 10.4277 15.2322L10.3126 16.8439L13.2345 20.2793H1.54601C0.69217 20.2793 0 19.5941 0 18.7488V1.53052ZM6.18354 5.5483C6.18354 5.23132 6.4431 4.97436 6.76329 4.97436H12.3676C12.6878 4.97436 12.9473 5.23132 12.9473 5.5483C12.9473 5.86528 12.6878 6.12224 12.3676 6.12224H6.76329C6.4431 6.12224 6.18354 5.86528 6.18354 5.5483ZM6.76329 11.0961C6.4431 11.0961 6.18354 11.3531 6.18354 11.6701C6.18354 11.987 6.4431 12.244 6.76329 12.244H12.3676C12.6878 12.244 12.9473 11.987 12.9473 11.6701C12.9473 11.3531 12.6878 11.0961 12.3676 11.0961H6.76329ZM6.18354 8.60985C6.18354 8.29287 6.4431 8.03591 6.76329 8.03591H12.3676C12.6878 8.03591 12.9473 8.29287 12.9473 8.60985C12.9473 8.92684 12.6878 9.1838 12.3676 9.1838H6.76329C6.4431 9.1838 6.18354 8.92684 6.18354 8.60985ZM3.67118 5.5483C3.67118 5.23132 3.93075 4.97436 4.25093 4.97436H4.63743C4.95762 4.97436 5.21719 5.23132 5.21719 5.5483C5.21719 5.86528 4.95762 6.12224 4.63743 6.12224H4.25093C3.93075 6.12224 3.67118 5.86528 3.67118 5.5483ZM4.25093 11.0961C3.93075 11.0961 3.67118 11.3531 3.67118 11.6701C3.67118 11.987 3.93075 12.244 4.25093 12.244H4.63743C4.95762 12.244 5.21719 11.987 5.21719 11.6701C5.21719 11.3531 4.95762 11.0961 4.63743 11.0961H4.25093ZM3.67118 8.60985C3.67118 8.29287 3.93075 8.03591 4.25093 8.03591H4.63743C4.95762 8.03591 5.21719 8.29287 5.21719 8.60985C5.21719 8.92684 4.95762 9.1838 4.63743 9.1838H4.25093C3.93075 9.1838 3.67118 8.92684 3.67118 8.60985ZM4.25093 14.157C3.93075 14.157 3.67118 14.414 3.67118 14.731C3.67118 15.0479 3.93075 15.3049 4.25093 15.3049H4.63743C4.95762 15.3049 5.21719 15.0479 5.21719 14.731C5.21719 14.414 4.95762 14.157 4.63743 14.157H4.25093Z" fill="#EB0203"></path>
                    <path fill-rule="evenodd" clip-rule="evenodd" d="M14.6252 13.6363C13.4918 12.6215 11.7817 12.5264 10.6569 13.4792C9.12421 14.7764 9.34841 16.8912 10.4409 18.0122L14.0159 21.6742C14.2197 21.8832 14.4928 22 14.7822 22C15.0737 22 15.3448 21.8852 15.5486 21.6762L19.1236 18.0142C20.214 16.8933 20.4423 14.7785 18.9075 13.4792C17.7827 12.5283 16.0724 12.6217 14.9391 13.6365C14.8855 13.6845 14.8331 13.7345 14.7822 13.7866C14.7313 13.7345 14.6789 13.6843 14.6252 13.6363ZM18.1546 14.3522C19.0973 15.1508 18.9962 16.4896 18.2891 17.2173C18.2888 17.2175 18.2886 17.2177 18.2884 17.218L14.7832 20.8084L11.2753 17.2151C11.2752 17.215 11.2751 17.2149 11.2749 17.2148C10.5677 16.4887 10.4678 15.1495 11.4104 14.3518L11.4108 14.3514C12.0745 13.7892 13.2018 13.82 13.9488 14.5846L14.7822 15.4378L15.6157 14.5846C16.3617 13.8211 17.4896 13.79 18.1545 14.3521" fill="#EB0203"></path>
                    </svg>
                    <svg class="inactive-content" width="100%" height="100%" viewBox="0 0 20 23" fill="none" xmlns="http://www.w3.org/2000/svg">
                    <path fill-rule="evenodd" clip-rule="evenodd" d="M6.18408 5.77914C6.18408 5.46223 6.44363 5.20532 6.7638 5.20532H12.3678C12.6879 5.20532 12.9475 5.46223 12.9475 5.77914C12.9475 6.09606 12.6879 6.35297 12.3678 6.35297H6.7638C6.44363 6.35297 6.18408 6.09606 6.18408 5.77914Z" fill="#EB0203"></path>
                    <path fill-rule="evenodd" clip-rule="evenodd" d="M6.18408 11.9034C6.18408 11.5865 6.44363 11.3296 6.7638 11.3296H12.3678C12.6879 11.3296 12.9475 11.5865 12.9475 11.9034C12.9475 12.2202 12.6879 12.4771 12.3678 12.4771H6.7638C6.44363 12.4771 6.18408 12.2202 6.18408 11.9034Z" fill="#EB0203"></path>
                    <path fill-rule="evenodd" clip-rule="evenodd" d="M6.18408 8.84116C6.18408 8.52424 6.44363 8.26733 6.7638 8.26733H12.3678C12.6879 8.26733 12.9475 8.52424 12.9475 8.84116C12.9475 9.15807 12.6879 9.41498 12.3678 9.41498H6.7638C6.44363 9.41498 6.18408 9.15807 6.18408 8.84116Z" fill="#EB0203"></path>
                    <path fill-rule="evenodd" clip-rule="evenodd" d="M6.18408 14.9655C6.18408 14.6486 6.44363 14.3917 6.7638 14.3917H10.1455C10.4657 14.3917 10.7252 14.6486 10.7252 14.9655C10.7252 15.2825 10.4657 15.5394 10.1455 15.5394H6.7638C6.44363 15.5394 6.18408 15.2825 6.18408 14.9655Z" fill="#EB0203"></path>
                    <path fill-rule="evenodd" clip-rule="evenodd" d="M3.67139 5.77914C3.67139 5.46223 3.93094 5.20532 4.25111 5.20532H4.63759C4.95776 5.20532 5.21731 5.46223 5.21731 5.77914C5.21731 6.09606 4.95776 6.35297 4.63759 6.35297H4.25111C3.93094 6.35297 3.67139 6.09606 3.67139 5.77914Z" fill="#EB0203"></path>
                    <path fill-rule="evenodd" clip-rule="evenodd" d="M3.67139 11.9034C3.67139 11.5865 3.93094 11.3296 4.25111 11.3296H4.63759C4.95776 11.3296 5.21731 11.5865 5.21731 11.9034C5.21731 12.2202 4.95776 12.4771 4.63759 12.4771H4.25111C3.93094 12.4771 3.67139 12.2202 3.67139 11.9034Z" fill="#EB0203"></path>
                    <path fill-rule="evenodd" clip-rule="evenodd" d="M3.67139 8.84116C3.67139 8.52424 3.93094 8.26733 4.25111 8.26733H4.63759C4.95776 8.26733 5.21731 8.52424 5.21731 8.84116C5.21731 9.15807 4.95776 9.41498 4.63759 9.41498H4.25111C3.93094 9.41498 3.67139 9.15807 3.67139 8.84116Z" fill="#EB0203"></path>
                    <path fill-rule="evenodd" clip-rule="evenodd" d="M3.67139 14.9655C3.67139 14.6486 3.93094 14.3917 4.25111 14.3917H4.63759C4.95776 14.3917 5.21731 14.6486 5.21731 14.9655C5.21731 15.2825 4.95776 15.5394 4.63759 15.5394H4.25111C3.93094 15.5394 3.67139 15.2825 3.67139 14.9655Z" fill="#EB0203"></path>
                    <path fill-rule="evenodd" clip-rule="evenodd" d="M0 1.76033C0 0.914738 0.692131 0.229248 1.54592 0.229248H15.0727C15.9265 0.229248 16.6186 0.914738 16.6186 1.76033V11.2818C16.6186 11.5989 16.3591 11.8559 16.0389 11.8559C15.7187 11.8559 15.4592 11.5989 15.4592 11.2818V1.76033C15.4592 1.54893 15.2862 1.37756 15.0727 1.37756H1.54592C1.33247 1.37756 1.15944 1.54893 1.15944 1.76033V18.985C1.15944 19.1964 1.33247 19.3678 1.54592 19.3678H9.27551C9.59568 19.3678 9.85523 19.6249 9.85523 19.942C9.85523 20.2591 9.59568 20.5161 9.27551 20.5161H1.54592C0.692131 20.5161 0 19.8306 0 18.985V1.76033Z" fill="#EB0203"></path>
                    <path fill-rule="evenodd" clip-rule="evenodd" d="M14.6254 13.8718C13.4921 12.8567 11.7821 12.7615 10.6574 13.7147C9.12472 15.0124 9.34891 17.128 10.4413 18.2493L14.0161 21.9126C14.2199 22.1217 14.493 22.2386 14.7824 22.2386C15.0739 22.2386 15.3449 22.1238 15.5487 21.9147L19.1235 18.2514C20.2139 17.13 20.4422 15.0144 18.9075 13.7147C17.7827 12.7634 16.0726 12.8569 14.9392 13.872C14.8856 13.92 14.8333 13.9701 14.7824 14.0222C14.7314 13.97 14.6791 13.9199 14.6254 13.8718ZM18.1546 14.588C19.0972 15.3869 18.9961 16.7262 18.2891 17.4541C18.2888 17.4543 18.2886 17.4546 18.2884 17.4548L14.7834 21.0466L11.2757 17.452C11.2756 17.4519 11.2755 17.4517 11.2753 17.4516C10.5681 16.7252 10.4682 15.3856 11.4108 14.5876L11.4112 14.5872C12.0748 14.0248 13.202 14.0556 13.949 14.8205L14.7824 15.674L15.6158 14.8205C16.3618 14.0567 17.4896 14.0256 18.1545 14.5879" fill="#EB0203"></path>
                    </svg>
                    </button>
                    </div>
                    <div class="col-sm-10 col-12">
                    <div class="ct-tile-quantity d-none" data-pid="5060909">
                    <input type="hidden" class="add-to-cart-url" value="https://www.continente.pt/on/demandware.store/Sites-continente-Site/default/Cart-AddProduct" tabindex="-1">
                    <div class="d-none tile-delete-confirmation-btn" data-pid="5060909" data-delay-time="3000" data-in-cart-msg="no carrinho" data-one-product-added="Adicionado ao carrinho" data-remove-from-cart-msg="Removido do carrinho" data-stay-open="6000.0" data-confirmation-image="{&quot;url&quot;:&quot;https://www.continente.pt/dw/image/v2/BDVS_PRD/on/demandware.static/-/Sites-col-master-catalog/default/dw494b3803/images/col/506/5060909-frente.jpg?sw=87&amp;sh=80&quot;,&quot;fallbackimage&quot;:{&quot;url&quot;:&quot;https://www.continente.pt/dw/image/v2/BDVS_PRD/on/demandware.static/Sites-continente-Site/-/default/dw7c42b4da/images/noimagelarge_product.png?sw=87&amp;sh=80&quot;,&quot;title&quot;:&quot;Tortellini Fresco de 4 Queijos&quot;,&quot;alt&quot;:&quot;Tortellini Fresco de 4 Queijos&quot;},&quot;title&quot;:&quot;Tortellini Fresco de 4 Queijos&quot;,&quot;alt&quot;:&quot;Tortellini Fresco de 4 Queijos&quot;}"></div>
                    <div class="ct-tile-quantity-update quantity-update product-qty-vue" data-remove-action="https://www.continente.pt/on/demandware.store/Sites-continente-Site/default/Cart-RemoveProductLineItem" data-action="https://www.continente.pt/on/demandware.store/Sites-continente-Site/default/Cart-UpdateQuantity" data-dimension-update="https://www.continente.pt/on/demandware.store/Sites-continente-Site/default/Cart-DimensionUpdate" data-pid="5060909" data-uuid="d6455bc6867c6bfcb1a52e8e90" data-add-delay="500.0" data-measure-options="{&quot;hasConversionRate&quot;:true,&quot;hasAlternativeSaleUnit&quot;:false,&quot;primaryToSecondary&quot;:1,&quot;secondaryToPrimary&quot;:1,&quot;unitConversionRate&quot;:1,&quot;minOrderQuantity&quot;:1,&quot;stepQuantity&quot;:1,&quot;primaryunit&quot;:&quot;un&quot;,&quot;secondaryunit&quot;:&quot;kg&quot;,&quot;selectedunit&quot;:&quot;primary&quot;,&quot;maxNumberOfUnitsPerSale&quot;:50}" data-price-available="null" :data-has-error="isMaxQtyReached || isMinQtyReached || qtySelectedMoreThanOne">
                    <template v-show="prodUnits">
                    <div class="quantity-input-wrapper has-units">
                    <label class="visually-hidden" :for="'quantity-' + pid + additionalTag">
                    Quantidade no carrinho
                    </label>
                    <input :ref="'quantityInput-' + pid + additionalTag" class="add-to-cart-quantity form-control ct-form-input text-center" inputmode="numeric" :class="{'is-invalid': isInvalid}" :data-pid="pid + additionalTag" :name="'quantity-' + pid + additionalTag" type="text" aria-label="Insira a quantidade" title="" v-model="displayValue" @change="updateQuantity" @focus="updateQtyFormat" @blur="restoreQtyFormat" :disabled="!isPriceAvailable">
                    <span class="quantity-icon quantity-icon--minus">
                    <button class="decrease-quantity-btn" @click="updateQuantity" :disabled="!isPriceAvailable" role="button" aria-label="Reduzir quantidade">
                    <i class="css-math-minus"></i>
                    </button>
                    </span>
                    <span class="quantity-icon quantity-icon--plus">
                    <button class="increase-quantity-btn" @click="updateQuantity" :disabled="isMaxQtyReached || !isPriceAvailable" role="button" aria-label="Aumentar quantidade">
                    <i class="css-math-plus"></i>
                    </button>
                    <span class="quantity-btn-disabled-placeholder"></span>
                    </span>
                    <template v-if="isPDP">
                    <span class="quantity-error ct-span-error text-sm-center product-max-allocation" v-if="isMaxQtyReached">
                    Quantidade máxima atingida
                    </span>
                    <span class="quantity-error ct-span-product text-sm-center product-allocation" v-if="!isMinQtyReached &amp;&amp; !isMaxQtyReached">
                    {{quantitySelected}} no carrinho
                    </span>
                    <span class="quantity-error ct-span-error text-sm-center product-min-allocation" :data-pid="pid" v-if="isMinQtyReached &amp;&amp; !isMaxQtyReached">
                    Quantidade mínima atingida
                    </span>
                    </template>
                    </div>
                    <template v-if="showNotes">
                    <div class="add-note-link-container ">
                    <div class="add-note">
                    <a href="/produto/tortellini-fresco-de-4-queijos-rana-5060909.html?showNote=true" class="ct-add-note-redirect-pdp" aria-label="Adicionar comentário">
                    <span class="svg-wrapper svg-icon-notes" style="width:19px; height:20px">
                    <svg class="svg-inline icon-notes" viewBox="0 0 28 30" xmlns="http://www.w3.org/2000/svg" width="100%" height="100%"><path d="M21.738 0C22.985 0 24 1.04 24 2.319V12.47c0 .469-.37.848-.828.848-.457 0-.827-.38-.827-.848V2.32c0-.343-.273-.622-.607-.622H2.262c-.334 0-.607.279-.607.622V27.68c0 .343.273.622.607.622h7.81c.457 0 .827.38.827.849 0 .468-.37.848-.827.848h-7.81C1.015 30 0 28.96 0 27.681V2.32C0 1.04 1.015 0 2.262 0h19.476zm2.844 16.004l.227.007c.823.053 1.589.39 2.176.964.64.627.993 1.46.993 2.349 0 .888-.353 1.722-.993 2.348l-6.83 6.665c-.11.108-.247.186-.397.226l-5.032 1.363c-.078.021-.16.032-.241.032-.242 0-.478-.097-.647-.266-.23-.231-.314-.566-.218-.874l1.49-4.798c.044-.139.122-.266.227-.369l6.844-6.677c.64-.625 1.493-.97 2.401-.97zm-2.886 3.94l-4.922 4.802-.947 3.048 3.22-.872 4.897-4.78-2.248-2.197zm2.887-2.174c-.425 0-.824.162-1.124.455l-.484.472 2.248 2.197.484-.472c.62-.606.62-1.591 0-2.197l-.117-.104c-.283-.227-.636-.35-1.007-.35zm-10.839.022c.498 0 .904.396.904.883 0 .488-.406.884-.904.884H5.946c-.499 0-.904-.396-.904-.884 0-.487.405-.883.904-.883zm5.042-4.876c.498 0 .904.397.904.884s-.406.884-.904.884H5.946c-.499 0-.904-.397-.904-.884s.405-.884.904-.884zm0-4.875c.498 0 .904.396.904.884 0 .487-.406.883-.904.883H5.946c-.499 0-.904-.396-.904-.883 0-.488.405-.884.904-.884z" fill="#EB0203" fill-rule="evenodd"></path></svg>
                    </span>
                    <div class="available-note d-none"></div>
                    </a>
                    </div>
                    </div>
                    </template>
                    <div class="measurement-unit-section" v-if="isPriceAvailable &amp;&amp; prodUnits ? prodUnits.hasAlternativeUnit : false">
                    <div class="ct-form-radio" @click="setDimension">
                    <input type="radio" title="" class="ct-form-check-input product-measurement-unit" :data-type="prodUnits.selectedUnit == prodUnits.secondaryUnit ? 'primary' : ''" :id="prodUnits.secondaryUnit + '-' + pid + '-measurement-unit-ptile' + additionalTag" :name="'measurement-unit-' + pid + '-ptile' + additionalTag" :value="prodUnits.secondaryUnit" v-model="prodUnits.selectedUnit">
                    <label :class="prodUnits.secondaryUnit + '-label ct-form-check-label mb-0'" :for="prodUnits.secondaryUnit + '-' + pid + '-measurement-unit-ptile' + additionalTag">
                    {{prodUnits.secondaryUnit}}
                    </label>
                    <span class="checkmark"></span>
                    </div>
                    <div class="ct-form-radio" @click="setDimension">
                    <input type="radio" title="" class="ct-form-check-input product-measurement-unit" :data-type="prodUnits.selectedUnit == prodUnits.primaryUnit ? 'primary' : ''" :id="prodUnits.primaryUnit + '-' + pid + '-measurement-unit-ptile' + additionalTag" :name="'measurement-unit-' + pid + '-ptile' + additionalTag" :value="prodUnits.primaryUnit" v-model="prodUnits.selectedUnit">
                    <label :class="prodUnits.primaryUnit + '-label ct-form-check-label mb-0'" :for="prodUnits.primaryUnit + '-' + pid + '-measurement-unit-ptile' + additionalTag">
                    {{prodUnits.primaryUnit}}
                    </label>
                    <span class="checkmark"></span>
                    </div>
                    </div>
                    <template v-if="!isPDP &amp;&amp; isPriceAvailable">
                    <span class="quantity-error ct-span-error product-max-allocation" v-if="isMaxQtyReached">
                    Quantidade máxima atingida
                    </span>
                    <span class="quantity-error ct-span-product product-allocation" v-if="!isMinQtyReached &amp;&amp; !isMaxQtyReached">
                    {{quantitySelected}} no carrinho
                    </span>
                    <span class="quantity-error ct-span-error product-min-allocation" :data-pid="pid" v-if="isMinQtyReached &amp;&amp; !isMaxQtyReached">
                    Quantidade mínima atingida
                    </span>
                    </template>
                    </template>
                    </div>
                    <input class="quantity-value-mask d-none" name="quantity" type="number" min="0" value="" tabindex="-1">
                    </div>
                    <button type="button" class="add-to-cart button js-add-to-cart js-add-to-cart-tile 5060909 button--primary dynamic-layout-btn" data-toggle="modal" data-target="#chooseBonusProductModal" data-pid="5060909" data-quantity-value="null" aria-label="Carrinho" tabindex="-1">
                    <span class="d-block d-sm-none">
                    <span class="svg-wrapper svg-icon-cart" style="width:20px; height:20px">
                    <svg class="svg-inline icon-cart" xmlns="http://www.w3.org/2000/svg" viewBox="0 0 500 500" width="100%" height="100%"><path fill="#EB0203" fill-rule="evenodd" d="M 485.67317,94.386311 C 476.37798,83.847129 463.09468,78.03348 448.30404,78.03348 H 90.690813 L 87.079511,51.327997 C 83.185582,22.539551 62.962285,0 41.011841,0 H 14.727836 C 6.563151,0 0,6.5286975 0,14.580758 c 0,8.05206 6.5945535,14.580758 14.727836,14.580758 h 26.284005 c 4.710398,0 14.696435,9.855222 16.894619,26.021523 L 100.01739,368.0631 c 1.88416,13.77244 9.01256,26.70549 20.1605,36.37417 8.25889,7.15046 18.02511,11.9071 28.26237,13.89679 -4.17655,7.58572 -6.53175,16.25957 -6.53175,25.493 0,29.53459 24.27424,53.59751 54.13815,53.59751 29.8325,0 54.13814,-24.03184 54.13814,-53.59751 0,-8.79818 -2.19818,-17.09897 -5.9979,-24.43598 h 77.12488 c -3.79973,7.33701 -5.96652,15.6378 -5.96652,24.43598 0,29.53459 24.27424,53.59751 54.13817,53.59751 29.83249,0 54.13814,-24.03184 54.13814,-53.59751 0,-8.79818 -2.1982,-17.09897 -5.9979,-24.43598 h 38.56243 c 8.13328,0 14.72783,-6.5287 14.72783,-14.61183 0,-8.02098 -6.59455,-14.54967 -14.72783,-14.54967 H 159.24277 c -14.38241,0 -28.13677,-11.90711 -30.02092,-26.02153 l -3.07746,-22.88154 h 290.6314 c 14.03698,0 27.94834,-5.28513 39.06488,-14.95381 11.11652,-9.6376 18.27632,-22.57065 20.16048,-36.37417 l 21.10259,-156.78201 c 1.94694,-14.51858 -2.10398,-28.29103 -11.43057,-38.861299 z M 220.76053,443.82706 c 0,13.49265 -11.08513,24.46709 -24.68247,24.46709 -13.62874,0 -24.71387,-10.97444 -24.71387,-24.46709 0,-13.49262 11.08513,-24.43598 24.71387,-24.43598 13.59734,0 24.68247,10.94336 24.68247,24.43598 z m 173.43675,0 c 0,13.49265 -11.08512,24.46709 -24.68245,24.46709 -13.62876,0 -24.71388,-10.97444 -24.71388,-24.46709 0,-13.49262 11.08512,-24.43598 24.71388,-24.43598 13.59733,0 24.68245,10.94336 24.68245,24.43598 z m 73.7648,-314.46558 -21.13397,156.782 c -1.88416,14.11442 -15.63851,26.05261 -30.02091,26.05261 H 122.25046 L 94.616142,107.19499 H 448.33544 c 6.18632,0 11.61896,2.2695 15.23028,6.37326 3.64269,4.13484 5.21283,9.73086 4.39636,15.79323 z"></path></svg>
                    </span>
                    </span>
                    <span class="add-to-cart--text d-none d-sm-block">Carrinho</span>
                    </button>
                    </div>
                    </div>
                    </div>
                    </div>
                    
                    <div class="col-12 d-sm-none">
                    </div>
                    </div>
                    </div>
                    </div>
                    </div><div class="pd-tile-wrap slick-slide slick-cloned" data-idx="8" style="width: 276px; height: auto;" data-slick-index="24" id="" aria-hidden="true" tabindex="-1">
                    
                    <script type="text/javascript">//<!--
                    /* <![CDATA[ */
                    (function(){
                    try {
                        if(window.CQuotient) {
                            var cq_params = {};
                            cq_params.cookieId = window.CQuotient.getCQCookieId();
                            cq_params.userId = window.CQuotient.getCQUserId();
                            cq_params.emailId = CQuotient.getCQHashedEmail();
                            cq_params.loginId = CQuotient.getCQHashedLogin();
                            cq_params.accumulate = true;
                            cq_params.products = [{
                                id: '5060891',
                                sku: '',
                                type: '',
                                alt_id: ''
                            }];
                            cq_params.recommenderName = '__UNDEFINED__';
                            cq_params.realm = "BDVS";
                            cq_params.siteId = "continente";
                            cq_params.instanceType = "prd";
                            cq_params.locale = window.CQuotient.locale;
                            cq_params.slotId = '';
                            cq_params.slotConfigId = '';
                            cq_params.slotConfigTemplate = '';
                            if(window.CQuotient.sendActivity)
                                window.CQuotient.sendActivity( CQuotient.clientId, 'viewReco', cq_params );
                            else
                                window.CQuotient.activities.push( {activityType: 'viewReco', parameters: cq_params} );
                        }
                    } catch(err) {}
                    })();
                    /* ]]> */
                    // -->
                    </script>
                    <script type="text/javascript">//<!--
                    /* <![CDATA[ (viewProduct-active_data.js) */
                    dw.ac._capture({id: "5060891", type: "recommendation"});
                    /* ]]> */
                    // -->
                    </script>
                    <div class="product" data-pid="5060891">
                    <div class="product-tile pid-5060891   ct-product-tile " data-delay-time="3000" data-variants-mapping="[]" data-in-cart-msg="no carrinho" data-one-product-added="Adicionado ao carrinho" data-remove-from-cart-msg="Removido do carrinho" data-stay-open="6000.0" data-product-tile-impression="{&quot;name&quot;:&quot;5060891&quot;,&quot;id&quot;:&quot;5060891&quot;,&quot;price&quot;:3.29,&quot;brand&quot;:&quot;Rana&quot;,&quot;category&quot;:[{&quot;category_level_1&quot;:&quot;Take-Away&quot;},{&quot;category_level_2&quot;:&quot;Massas Frescas e Noodles&quot;},{&quot;category_level_3&quot;:&quot;Massas Simples e Recheadas&quot;}],&quot;variant&quot;:&quot;&quot;}">
                    <div class="ct-inner-tile-wrap row no-gutters justify-content-center align-content-start">
                    
                    <div class="ct-image-container col-4 col-sm" data-confirmation-image="{&quot;url&quot;:&quot;https://www.continente.pt/dw/image/v2/BDVS_PRD/on/demandware.static/-/Sites-col-master-catalog/default/dw9d1ec1de/images/col/506/5060891-frente.jpg?sw=87&amp;sh=80&quot;,&quot;fallbackimage&quot;:{&quot;url&quot;:&quot;https://www.continente.pt/dw/image/v2/BDVS_PRD/on/demandware.static/Sites-continente-Site/-/default/dw7c42b4da/images/noimagelarge_product.png?sw=87&amp;sh=80&quot;,&quot;title&quot;:&quot;Tortellini Fresco com Fiambre e Queijo&quot;,&quot;alt&quot;:&quot;Tortellini Fresco com Fiambre e Queijo&quot;},&quot;title&quot;:&quot;Tortellini Fresco com Fiambre e Queijo&quot;,&quot;alt&quot;:&quot;Tortellini Fresco com Fiambre e Queijo&quot;}">
                    <a href="https://www.continente.pt/produto/tortellini-fresco-com-fiambre-e-queijo-rana-5060891.html?cgid=home" tabindex="-1">
                    <picture class="intrinsic intrinsic--square">
                    <img class="ct-tile-image lazyloaded" loading="lazy" onerror="this.onerror=null;this.src='/on/demandware.static/Sites-continente-Site/-/default/dw7c42b4da/images/noimagelarge_product.png';" data-src="https://www.continente.pt/dw/image/v2/BDVS_PRD/on/demandware.static/-/Sites-col-master-catalog/default/dw9d1ec1de/images/col/506/5060891-frente.jpg?sw=280&amp;sh=280" alt="Tortellini Fresco com Fiambre e Queijo" title="Tortellini Fresco com Fiambre e Queijo" src="https://www.continente.pt/dw/image/v2/BDVS_PRD/on/demandware.static/-/Sites-col-master-catalog/default/dw9d1ec1de/images/col/506/5060891-frente.jpg?sw=280&amp;sh=280">
                    </picture>
                    </a>
                    <div class="color-swatches d-flex" style="margin-left: 5px;">
                    <div class="swatches d-flex">
                    </div>
                    </div>
                    </div>
                    <div class="ct-tile-body col col-sm-auto ">
                    <div class="ct-pdp-details">
                    <div class="ct-pdp-link">
                    <a class="ct-tile--description" href="https://www.continente.pt/produto/tortellini-fresco-com-fiambre-e-queijo-rana-5060891.html?cgid=home" tabindex="-1">Tortellini Fresco com Fiambre e Queijo</a>
                    <div class="ct-tile--favorite-top d-sm-none">
                    <button class="wishlist-toggler guest-mode inactive button button--tertiary" data-pid="5060891" data-add-url="https://www.continente.pt/on/demandware.store/Sites-continente-Site/default/Wishlist-AddProduct?pid=5060891" data-toggle="tooltip" aria-label="Adicionar aos favoritos " data-original-title="Adicionar aos favoritos" data-placement="top" tabindex="-1">
                    <svg class="active-content" width="100%" height="100%" viewBox="0 0 20 22" fill="none" xmlns="http://www.w3.org/2000/svg">
                    <path fill-rule="evenodd" clip-rule="evenodd" d="M0 1.53052C0 0.685236 0.692171 0 1.54601 0H15.0736C15.9274 0 16.6196 0.685235 16.6196 1.53052V13.4064L15.8127 13.922L14.2658 14.2658L12.7189 13.4064L10.6054 14.3818C10.4994 14.2451 10.3327 14.157 10.1452 14.157H6.76329C6.4431 14.157 6.18354 14.414 6.18354 14.731C6.18354 15.0479 6.4431 15.3049 6.76329 15.3049H10.1452C10.2478 15.3049 10.3441 15.2785 10.4277 15.2322L10.3126 16.8439L13.2345 20.2793H1.54601C0.69217 20.2793 0 19.5941 0 18.7488V1.53052ZM6.18354 5.5483C6.18354 5.23132 6.4431 4.97436 6.76329 4.97436H12.3676C12.6878 4.97436 12.9473 5.23132 12.9473 5.5483C12.9473 5.86528 12.6878 6.12224 12.3676 6.12224H6.76329C6.4431 6.12224 6.18354 5.86528 6.18354 5.5483ZM6.76329 11.0961C6.4431 11.0961 6.18354 11.3531 6.18354 11.6701C6.18354 11.987 6.4431 12.244 6.76329 12.244H12.3676C12.6878 12.244 12.9473 11.987 12.9473 11.6701C12.9473 11.3531 12.6878 11.0961 12.3676 11.0961H6.76329ZM6.18354 8.60985C6.18354 8.29287 6.4431 8.03591 6.76329 8.03591H12.3676C12.6878 8.03591 12.9473 8.29287 12.9473 8.60985C12.9473 8.92684 12.6878 9.1838 12.3676 9.1838H6.76329C6.4431 9.1838 6.18354 8.92684 6.18354 8.60985ZM3.67118 5.5483C3.67118 5.23132 3.93075 4.97436 4.25093 4.97436H4.63743C4.95762 4.97436 5.21719 5.23132 5.21719 5.5483C5.21719 5.86528 4.95762 6.12224 4.63743 6.12224H4.25093C3.93075 6.12224 3.67118 5.86528 3.67118 5.5483ZM4.25093 11.0961C3.93075 11.0961 3.67118 11.3531 3.67118 11.6701C3.67118 11.987 3.93075 12.244 4.25093 12.244H4.63743C4.95762 12.244 5.21719 11.987 5.21719 11.6701C5.21719 11.3531 4.95762 11.0961 4.63743 11.0961H4.25093ZM3.67118 8.60985C3.67118 8.29287 3.93075 8.03591 4.25093 8.03591H4.63743C4.95762 8.03591 5.21719 8.29287 5.21719 8.60985C5.21719 8.92684 4.95762 9.1838 4.63743 9.1838H4.25093C3.93075 9.1838 3.67118 8.92684 3.67118 8.60985ZM4.25093 14.157C3.93075 14.157 3.67118 14.414 3.67118 14.731C3.67118 15.0479 3.93075 15.3049 4.25093 15.3049H4.63743C4.95762 15.3049 5.21719 15.0479 5.21719 14.731C5.21719 14.414 4.95762 14.157 4.63743 14.157H4.25093Z" fill="#EB0203"></path>
                    <path fill-rule="evenodd" clip-rule="evenodd" d="M14.6252 13.6363C13.4918 12.6215 11.7817 12.5264 10.6569 13.4792C9.12421 14.7764 9.34841 16.8912 10.4409 18.0122L14.0159 21.6742C14.2197 21.8832 14.4928 22 14.7822 22C15.0737 22 15.3448 21.8852 15.5486 21.6762L19.1236 18.0142C20.214 16.8933 20.4423 14.7785 18.9075 13.4792C17.7827 12.5283 16.0724 12.6217 14.9391 13.6365C14.8855 13.6845 14.8331 13.7345 14.7822 13.7866C14.7313 13.7345 14.6789 13.6843 14.6252 13.6363ZM18.1546 14.3522C19.0973 15.1508 18.9962 16.4896 18.2891 17.2173C18.2888 17.2175 18.2886 17.2177 18.2884 17.218L14.7832 20.8084L11.2753 17.2151C11.2752 17.215 11.2751 17.2149 11.2749 17.2148C10.5677 16.4887 10.4678 15.1495 11.4104 14.3518L11.4108 14.3514C12.0745 13.7892 13.2018 13.82 13.9488 14.5846L14.7822 15.4378L15.6157 14.5846C16.3617 13.8211 17.4896 13.79 18.1545 14.3521" fill="#EB0203"></path>
                    </svg>
                    <svg class="inactive-content" width="100%" height="100%" viewBox="0 0 20 23" fill="none" xmlns="http://www.w3.org/2000/svg">
                    <path fill-rule="evenodd" clip-rule="evenodd" d="M6.18408 5.77914C6.18408 5.46223 6.44363 5.20532 6.7638 5.20532H12.3678C12.6879 5.20532 12.9475 5.46223 12.9475 5.77914C12.9475 6.09606 12.6879 6.35297 12.3678 6.35297H6.7638C6.44363 6.35297 6.18408 6.09606 6.18408 5.77914Z" fill="#EB0203"></path>
                    <path fill-rule="evenodd" clip-rule="evenodd" d="M6.18408 11.9034C6.18408 11.5865 6.44363 11.3296 6.7638 11.3296H12.3678C12.6879 11.3296 12.9475 11.5865 12.9475 11.9034C12.9475 12.2202 12.6879 12.4771 12.3678 12.4771H6.7638C6.44363 12.4771 6.18408 12.2202 6.18408 11.9034Z" fill="#EB0203"></path>
                    <path fill-rule="evenodd" clip-rule="evenodd" d="M6.18408 8.84116C6.18408 8.52424 6.44363 8.26733 6.7638 8.26733H12.3678C12.6879 8.26733 12.9475 8.52424 12.9475 8.84116C12.9475 9.15807 12.6879 9.41498 12.3678 9.41498H6.7638C6.44363 9.41498 6.18408 9.15807 6.18408 8.84116Z" fill="#EB0203"></path>
                    <path fill-rule="evenodd" clip-rule="evenodd" d="M6.18408 14.9655C6.18408 14.6486 6.44363 14.3917 6.7638 14.3917H10.1455C10.4657 14.3917 10.7252 14.6486 10.7252 14.9655C10.7252 15.2825 10.4657 15.5394 10.1455 15.5394H6.7638C6.44363 15.5394 6.18408 15.2825 6.18408 14.9655Z" fill="#EB0203"></path>
                    <path fill-rule="evenodd" clip-rule="evenodd" d="M3.67139 5.77914C3.67139 5.46223 3.93094 5.20532 4.25111 5.20532H4.63759C4.95776 5.20532 5.21731 5.46223 5.21731 5.77914C5.21731 6.09606 4.95776 6.35297 4.63759 6.35297H4.25111C3.93094 6.35297 3.67139 6.09606 3.67139 5.77914Z" fill="#EB0203"></path>
                    <path fill-rule="evenodd" clip-rule="evenodd" d="M3.67139 11.9034C3.67139 11.5865 3.93094 11.3296 4.25111 11.3296H4.63759C4.95776 11.3296 5.21731 11.5865 5.21731 11.9034C5.21731 12.2202 4.95776 12.4771 4.63759 12.4771H4.25111C3.93094 12.4771 3.67139 12.2202 3.67139 11.9034Z" fill="#EB0203"></path>
                    <path fill-rule="evenodd" clip-rule="evenodd" d="M3.67139 8.84116C3.67139 8.52424 3.93094 8.26733 4.25111 8.26733H4.63759C4.95776 8.26733 5.21731 8.52424 5.21731 8.84116C5.21731 9.15807 4.95776 9.41498 4.63759 9.41498H4.25111C3.93094 9.41498 3.67139 9.15807 3.67139 8.84116Z" fill="#EB0203"></path>
                    <path fill-rule="evenodd" clip-rule="evenodd" d="M3.67139 14.9655C3.67139 14.6486 3.93094 14.3917 4.25111 14.3917H4.63759C4.95776 14.3917 5.21731 14.6486 5.21731 14.9655C5.21731 15.2825 4.95776 15.5394 4.63759 15.5394H4.25111C3.93094 15.5394 3.67139 15.2825 3.67139 14.9655Z" fill="#EB0203"></path>
                    <path fill-rule="evenodd" clip-rule="evenodd" d="M0 1.76033C0 0.914738 0.692131 0.229248 1.54592 0.229248H15.0727C15.9265 0.229248 16.6186 0.914738 16.6186 1.76033V11.2818C16.6186 11.5989 16.3591 11.8559 16.0389 11.8559C15.7187 11.8559 15.4592 11.5989 15.4592 11.2818V1.76033C15.4592 1.54893 15.2862 1.37756 15.0727 1.37756H1.54592C1.33247 1.37756 1.15944 1.54893 1.15944 1.76033V18.985C1.15944 19.1964 1.33247 19.3678 1.54592 19.3678H9.27551C9.59568 19.3678 9.85523 19.6249 9.85523 19.942C9.85523 20.2591 9.59568 20.5161 9.27551 20.5161H1.54592C0.692131 20.5161 0 19.8306 0 18.985V1.76033Z" fill="#EB0203"></path>
                    <path fill-rule="evenodd" clip-rule="evenodd" d="M14.6254 13.8718C13.4921 12.8567 11.7821 12.7615 10.6574 13.7147C9.12472 15.0124 9.34891 17.128 10.4413 18.2493L14.0161 21.9126C14.2199 22.1217 14.493 22.2386 14.7824 22.2386C15.0739 22.2386 15.3449 22.1238 15.5487 21.9147L19.1235 18.2514C20.2139 17.13 20.4422 15.0144 18.9075 13.7147C17.7827 12.7634 16.0726 12.8569 14.9392 13.872C14.8856 13.92 14.8333 13.9701 14.7824 14.0222C14.7314 13.97 14.6791 13.9199 14.6254 13.8718ZM18.1546 14.588C19.0972 15.3869 18.9961 16.7262 18.2891 17.4541C18.2888 17.4543 18.2886 17.4546 18.2884 17.4548L14.7834 21.0466L11.2757 17.452C11.2756 17.4519 11.2755 17.4517 11.2753 17.4516C10.5681 16.7252 10.4682 15.3856 11.4108 14.5876L11.4112 14.5872C12.0748 14.0248 13.202 14.0556 13.949 14.8205L14.7824 15.674L15.6158 14.8205C16.3618 14.0567 17.4896 14.0256 18.1545 14.5879" fill="#EB0203"></path>
                    </svg>
                    </button>
                    </div>
                    </div>
                    <p class="ct-tile--brand">Rana</p>
                    <p class="ct-tile--quantity">emb. 250 gr</p>
                    </div>
                    <div class="ct-tile-bottom row no-gutters justify-content-between">
                    <div class="ct-price-wrap col-8 col-sm-12">
                    <div class="price js-product-price">
                    <div class="prices-wrapper">
                    <span class="sales ct-tile--price-primary ">
                    <span class="value" content="3.29">
                    <span class="ct-price-formatted">
                    €3,29
                    </span>
                    <span class="ct-m-unit">
                    /un
                    </span>
                    </span>
                    </span>
                    </div>
                    
                    <div class="ct-tile--price-secondary">
                    <span class="ct-price-value">
                    €13,16
                    </span>
                    <span class="ct-m-unit">
                    /kg
                    </span>
                    </div>
                    </div>
                    </div>
                    <div class="ct-tile-buy-section d-flex justify-content-center no-gutters col-auto col-sm-12">
                    <div class="col-2 d-sm-flex d-none">
                    <button class="wishlist-toggler guest-mode inactive button button--tertiary" data-pid="5060891" data-add-url="https://www.continente.pt/on/demandware.store/Sites-continente-Site/default/Wishlist-AddProduct?pid=5060891" data-toggle="tooltip" aria-label="Adicionar aos favoritos " data-original-title="Adicionar aos favoritos" data-placement="top" tabindex="-1">
                    <svg class="active-content" width="100%" height="100%" viewBox="0 0 20 22" fill="none" xmlns="http://www.w3.org/2000/svg">
                    <path fill-rule="evenodd" clip-rule="evenodd" d="M0 1.53052C0 0.685236 0.692171 0 1.54601 0H15.0736C15.9274 0 16.6196 0.685235 16.6196 1.53052V13.4064L15.8127 13.922L14.2658 14.2658L12.7189 13.4064L10.6054 14.3818C10.4994 14.2451 10.3327 14.157 10.1452 14.157H6.76329C6.4431 14.157 6.18354 14.414 6.18354 14.731C6.18354 15.0479 6.4431 15.3049 6.76329 15.3049H10.1452C10.2478 15.3049 10.3441 15.2785 10.4277 15.2322L10.3126 16.8439L13.2345 20.2793H1.54601C0.69217 20.2793 0 19.5941 0 18.7488V1.53052ZM6.18354 5.5483C6.18354 5.23132 6.4431 4.97436 6.76329 4.97436H12.3676C12.6878 4.97436 12.9473 5.23132 12.9473 5.5483C12.9473 5.86528 12.6878 6.12224 12.3676 6.12224H6.76329C6.4431 6.12224 6.18354 5.86528 6.18354 5.5483ZM6.76329 11.0961C6.4431 11.0961 6.18354 11.3531 6.18354 11.6701C6.18354 11.987 6.4431 12.244 6.76329 12.244H12.3676C12.6878 12.244 12.9473 11.987 12.9473 11.6701C12.9473 11.3531 12.6878 11.0961 12.3676 11.0961H6.76329ZM6.18354 8.60985C6.18354 8.29287 6.4431 8.03591 6.76329 8.03591H12.3676C12.6878 8.03591 12.9473 8.29287 12.9473 8.60985C12.9473 8.92684 12.6878 9.1838 12.3676 9.1838H6.76329C6.4431 9.1838 6.18354 8.92684 6.18354 8.60985ZM3.67118 5.5483C3.67118 5.23132 3.93075 4.97436 4.25093 4.97436H4.63743C4.95762 4.97436 5.21719 5.23132 5.21719 5.5483C5.21719 5.86528 4.95762 6.12224 4.63743 6.12224H4.25093C3.93075 6.12224 3.67118 5.86528 3.67118 5.5483ZM4.25093 11.0961C3.93075 11.0961 3.67118 11.3531 3.67118 11.6701C3.67118 11.987 3.93075 12.244 4.25093 12.244H4.63743C4.95762 12.244 5.21719 11.987 5.21719 11.6701C5.21719 11.3531 4.95762 11.0961 4.63743 11.0961H4.25093ZM3.67118 8.60985C3.67118 8.29287 3.93075 8.03591 4.25093 8.03591H4.63743C4.95762 8.03591 5.21719 8.29287 5.21719 8.60985C5.21719 8.92684 4.95762 9.1838 4.63743 9.1838H4.25093C3.93075 9.1838 3.67118 8.92684 3.67118 8.60985ZM4.25093 14.157C3.93075 14.157 3.67118 14.414 3.67118 14.731C3.67118 15.0479 3.93075 15.3049 4.25093 15.3049H4.63743C4.95762 15.3049 5.21719 15.0479 5.21719 14.731C5.21719 14.414 4.95762 14.157 4.63743 14.157H4.25093Z" fill="#EB0203"></path>
                    <path fill-rule="evenodd" clip-rule="evenodd" d="M14.6252 13.6363C13.4918 12.6215 11.7817 12.5264 10.6569 13.4792C9.12421 14.7764 9.34841 16.8912 10.4409 18.0122L14.0159 21.6742C14.2197 21.8832 14.4928 22 14.7822 22C15.0737 22 15.3448 21.8852 15.5486 21.6762L19.1236 18.0142C20.214 16.8933 20.4423 14.7785 18.9075 13.4792C17.7827 12.5283 16.0724 12.6217 14.9391 13.6365C14.8855 13.6845 14.8331 13.7345 14.7822 13.7866C14.7313 13.7345 14.6789 13.6843 14.6252 13.6363ZM18.1546 14.3522C19.0973 15.1508 18.9962 16.4896 18.2891 17.2173C18.2888 17.2175 18.2886 17.2177 18.2884 17.218L14.7832 20.8084L11.2753 17.2151C11.2752 17.215 11.2751 17.2149 11.2749 17.2148C10.5677 16.4887 10.4678 15.1495 11.4104 14.3518L11.4108 14.3514C12.0745 13.7892 13.2018 13.82 13.9488 14.5846L14.7822 15.4378L15.6157 14.5846C16.3617 13.8211 17.4896 13.79 18.1545 14.3521" fill="#EB0203"></path>
                    </svg>
                    <svg class="inactive-content" width="100%" height="100%" viewBox="0 0 20 23" fill="none" xmlns="http://www.w3.org/2000/svg">
                    <path fill-rule="evenodd" clip-rule="evenodd" d="M6.18408 5.77914C6.18408 5.46223 6.44363 5.20532 6.7638 5.20532H12.3678C12.6879 5.20532 12.9475 5.46223 12.9475 5.77914C12.9475 6.09606 12.6879 6.35297 12.3678 6.35297H6.7638C6.44363 6.35297 6.18408 6.09606 6.18408 5.77914Z" fill="#EB0203"></path>
                    <path fill-rule="evenodd" clip-rule="evenodd" d="M6.18408 11.9034C6.18408 11.5865 6.44363 11.3296 6.7638 11.3296H12.3678C12.6879 11.3296 12.9475 11.5865 12.9475 11.9034C12.9475 12.2202 12.6879 12.4771 12.3678 12.4771H6.7638C6.44363 12.4771 6.18408 12.2202 6.18408 11.9034Z" fill="#EB0203"></path>
                    <path fill-rule="evenodd" clip-rule="evenodd" d="M6.18408 8.84116C6.18408 8.52424 6.44363 8.26733 6.7638 8.26733H12.3678C12.6879 8.26733 12.9475 8.52424 12.9475 8.84116C12.9475 9.15807 12.6879 9.41498 12.3678 9.41498H6.7638C6.44363 9.41498 6.18408 9.15807 6.18408 8.84116Z" fill="#EB0203"></path>
                    <path fill-rule="evenodd" clip-rule="evenodd" d="M6.18408 14.9655C6.18408 14.6486 6.44363 14.3917 6.7638 14.3917H10.1455C10.4657 14.3917 10.7252 14.6486 10.7252 14.9655C10.7252 15.2825 10.4657 15.5394 10.1455 15.5394H6.7638C6.44363 15.5394 6.18408 15.2825 6.18408 14.9655Z" fill="#EB0203"></path>
                    <path fill-rule="evenodd" clip-rule="evenodd" d="M3.67139 5.77914C3.67139 5.46223 3.93094 5.20532 4.25111 5.20532H4.63759C4.95776 5.20532 5.21731 5.46223 5.21731 5.77914C5.21731 6.09606 4.95776 6.35297 4.63759 6.35297H4.25111C3.93094 6.35297 3.67139 6.09606 3.67139 5.77914Z" fill="#EB0203"></path>
                    <path fill-rule="evenodd" clip-rule="evenodd" d="M3.67139 11.9034C3.67139 11.5865 3.93094 11.3296 4.25111 11.3296H4.63759C4.95776 11.3296 5.21731 11.5865 5.21731 11.9034C5.21731 12.2202 4.95776 12.4771 4.63759 12.4771H4.25111C3.93094 12.4771 3.67139 12.2202 3.67139 11.9034Z" fill="#EB0203"></path>
                    <path fill-rule="evenodd" clip-rule="evenodd" d="M3.67139 8.84116C3.67139 8.52424 3.93094 8.26733 4.25111 8.26733H4.63759C4.95776 8.26733 5.21731 8.52424 5.21731 8.84116C5.21731 9.15807 4.95776 9.41498 4.63759 9.41498H4.25111C3.93094 9.41498 3.67139 9.15807 3.67139 8.84116Z" fill="#EB0203"></path>
                    <path fill-rule="evenodd" clip-rule="evenodd" d="M3.67139 14.9655C3.67139 14.6486 3.93094 14.3917 4.25111 14.3917H4.63759C4.95776 14.3917 5.21731 14.6486 5.21731 14.9655C5.21731 15.2825 4.95776 15.5394 4.63759 15.5394H4.25111C3.93094 15.5394 3.67139 15.2825 3.67139 14.9655Z" fill="#EB0203"></path>
                    <path fill-rule="evenodd" clip-rule="evenodd" d="M0 1.76033C0 0.914738 0.692131 0.229248 1.54592 0.229248H15.0727C15.9265 0.229248 16.6186 0.914738 16.6186 1.76033V11.2818C16.6186 11.5989 16.3591 11.8559 16.0389 11.8559C15.7187 11.8559 15.4592 11.5989 15.4592 11.2818V1.76033C15.4592 1.54893 15.2862 1.37756 15.0727 1.37756H1.54592C1.33247 1.37756 1.15944 1.54893 1.15944 1.76033V18.985C1.15944 19.1964 1.33247 19.3678 1.54592 19.3678H9.27551C9.59568 19.3678 9.85523 19.6249 9.85523 19.942C9.85523 20.2591 9.59568 20.5161 9.27551 20.5161H1.54592C0.692131 20.5161 0 19.8306 0 18.985V1.76033Z" fill="#EB0203"></path>
                    <path fill-rule="evenodd" clip-rule="evenodd" d="M14.6254 13.8718C13.4921 12.8567 11.7821 12.7615 10.6574 13.7147C9.12472 15.0124 9.34891 17.128 10.4413 18.2493L14.0161 21.9126C14.2199 22.1217 14.493 22.2386 14.7824 22.2386C15.0739 22.2386 15.3449 22.1238 15.5487 21.9147L19.1235 18.2514C20.2139 17.13 20.4422 15.0144 18.9075 13.7147C17.7827 12.7634 16.0726 12.8569 14.9392 13.872C14.8856 13.92 14.8333 13.9701 14.7824 14.0222C14.7314 13.97 14.6791 13.9199 14.6254 13.8718ZM18.1546 14.588C19.0972 15.3869 18.9961 16.7262 18.2891 17.4541C18.2888 17.4543 18.2886 17.4546 18.2884 17.4548L14.7834 21.0466L11.2757 17.452C11.2756 17.4519 11.2755 17.4517 11.2753 17.4516C10.5681 16.7252 10.4682 15.3856 11.4108 14.5876L11.4112 14.5872C12.0748 14.0248 13.202 14.0556 13.949 14.8205L14.7824 15.674L15.6158 14.8205C16.3618 14.0567 17.4896 14.0256 18.1545 14.5879" fill="#EB0203"></path>
                    </svg>
                    </button>
                    </div>
                    <div class="col-sm-10 col-12">
                    
                    <div class="ct-tile-quantity d-none" data-pid="5060891">
                    <input type="hidden" class="add-to-cart-url" value="https://www.continente.pt/on/demandware.store/Sites-continente-Site/default/Cart-AddProduct" tabindex="-1">
                    <div class="d-none tile-delete-confirmation-btn" data-pid="5060891" data-delay-time="3000" data-in-cart-msg="no carrinho" data-one-product-added="Adicionado ao carrinho" data-remove-from-cart-msg="Removido do carrinho" data-stay-open="6000.0" data-confirmation-image="{&quot;url&quot;:&quot;https://www.continente.pt/dw/image/v2/BDVS_PRD/on/demandware.static/-/Sites-col-master-catalog/default/dw9d1ec1de/images/col/506/5060891-frente.jpg?sw=87&amp;sh=80&quot;,&quot;fallbackimage&quot;:{&quot;url&quot;:&quot;https://www.continente.pt/dw/image/v2/BDVS_PRD/on/demandware.static/Sites-continente-Site/-/default/dw7c42b4da/images/noimagelarge_product.png?sw=87&amp;sh=80&quot;,&quot;title&quot;:&quot;Tortellini Fresco com Fiambre e Queijo&quot;,&quot;alt&quot;:&quot;Tortellini Fresco com Fiambre e Queijo&quot;},&quot;title&quot;:&quot;Tortellini Fresco com Fiambre e Queijo&quot;,&quot;alt&quot;:&quot;Tortellini Fresco com Fiambre e Queijo&quot;}"></div>
                    <div class="ct-tile-quantity-update quantity-update product-qty-vue" data-remove-action="https://www.continente.pt/on/demandware.store/Sites-continente-Site/default/Cart-RemoveProductLineItem" data-action="https://www.continente.pt/on/demandware.store/Sites-continente-Site/default/Cart-UpdateQuantity" data-dimension-update="https://www.continente.pt/on/demandware.store/Sites-continente-Site/default/Cart-DimensionUpdate" data-pid="5060891" data-uuid="2b9c4da7932fc17de25eff7067" data-add-delay="500.0" data-measure-options="{&quot;hasConversionRate&quot;:true,&quot;hasAlternativeSaleUnit&quot;:false,&quot;primaryToSecondary&quot;:1,&quot;secondaryToPrimary&quot;:1,&quot;unitConversionRate&quot;:1,&quot;minOrderQuantity&quot;:1,&quot;stepQuantity&quot;:1,&quot;primaryunit&quot;:&quot;un&quot;,&quot;secondaryunit&quot;:&quot;kg&quot;,&quot;selectedunit&quot;:&quot;primary&quot;,&quot;maxNumberOfUnitsPerSale&quot;:50}" data-price-available="null" :data-has-error="isMaxQtyReached || isMinQtyReached || qtySelectedMoreThanOne">
                    <template v-show="prodUnits">
                    <div class="quantity-input-wrapper has-units">
                    <label class="visually-hidden" :for="'quantity-' + pid + additionalTag">
                    Quantidade no carrinho
                    </label>
                    <input :ref="'quantityInput-' + pid + additionalTag" class="add-to-cart-quantity form-control ct-form-input text-center" inputmode="numeric" :class="{'is-invalid': isInvalid}" :data-pid="pid + additionalTag" :name="'quantity-' + pid + additionalTag" type="text" aria-label="Insira a quantidade" title="" v-model="displayValue" @change="updateQuantity" @focus="updateQtyFormat" @blur="restoreQtyFormat" :disabled="!isPriceAvailable">
                    <span class="quantity-icon quantity-icon--minus">
                    <button class="decrease-quantity-btn" @click="updateQuantity" :disabled="!isPriceAvailable" role="button" aria-label="Reduzir quantidade">
                    <i class="css-math-minus"></i>
                    </button>
                    </span>
                    <span class="quantity-icon quantity-icon--plus">
                    <button class="increase-quantity-btn" @click="updateQuantity" :disabled="isMaxQtyReached || !isPriceAvailable" role="button" aria-label="Aumentar quantidade">
                    <i class="css-math-plus"></i>
                    </button>
                    <span class="quantity-btn-disabled-placeholder"></span>
                    </span>
                    <template v-if="isPDP">
                    <span class="quantity-error ct-span-error text-sm-center product-max-allocation" v-if="isMaxQtyReached">
                    Quantidade máxima atingida
                    </span>
                    <span class="quantity-error ct-span-product text-sm-center product-allocation" v-if="!isMinQtyReached &amp;&amp; !isMaxQtyReached">
                    {{quantitySelected}} no carrinho
                    </span>
                    <span class="quantity-error ct-span-error text-sm-center product-min-allocation" :data-pid="pid" v-if="isMinQtyReached &amp;&amp; !isMaxQtyReached">
                    Quantidade mínima atingida
                    </span>
                    </template>
                    </div>
                    <template v-if="showNotes">
                    <div class="add-note-link-container ">
                    <div class="add-note">
                    <a href="/produto/tortellini-fresco-com-fiambre-e-queijo-rana-5060891.html?showNote=true" class="ct-add-note-redirect-pdp" aria-label="Adicionar comentário">
                    <span class="svg-wrapper svg-icon-notes" style="width:19px; height:20px">
                    <svg class="svg-inline icon-notes" viewBox="0 0 28 30" xmlns="http://www.w3.org/2000/svg" width="100%" height="100%"><path d="M21.738 0C22.985 0 24 1.04 24 2.319V12.47c0 .469-.37.848-.828.848-.457 0-.827-.38-.827-.848V2.32c0-.343-.273-.622-.607-.622H2.262c-.334 0-.607.279-.607.622V27.68c0 .343.273.622.607.622h7.81c.457 0 .827.38.827.849 0 .468-.37.848-.827.848h-7.81C1.015 30 0 28.96 0 27.681V2.32C0 1.04 1.015 0 2.262 0h19.476zm2.844 16.004l.227.007c.823.053 1.589.39 2.176.964.64.627.993 1.46.993 2.349 0 .888-.353 1.722-.993 2.348l-6.83 6.665c-.11.108-.247.186-.397.226l-5.032 1.363c-.078.021-.16.032-.241.032-.242 0-.478-.097-.647-.266-.23-.231-.314-.566-.218-.874l1.49-4.798c.044-.139.122-.266.227-.369l6.844-6.677c.64-.625 1.493-.97 2.401-.97zm-2.886 3.94l-4.922 4.802-.947 3.048 3.22-.872 4.897-4.78-2.248-2.197zm2.887-2.174c-.425 0-.824.162-1.124.455l-.484.472 2.248 2.197.484-.472c.62-.606.62-1.591 0-2.197l-.117-.104c-.283-.227-.636-.35-1.007-.35zm-10.839.022c.498 0 .904.396.904.883 0 .488-.406.884-.904.884H5.946c-.499 0-.904-.396-.904-.884 0-.487.405-.883.904-.883zm5.042-4.876c.498 0 .904.397.904.884s-.406.884-.904.884H5.946c-.499 0-.904-.397-.904-.884s.405-.884.904-.884zm0-4.875c.498 0 .904.396.904.884 0 .487-.406.883-.904.883H5.946c-.499 0-.904-.396-.904-.883 0-.488.405-.884.904-.884z" fill="#EB0203" fill-rule="evenodd"></path></svg>
                    </span>
                    <div class="available-note d-none"></div>
                    </a>
                    </div>
                    </div>
                    </template>
                    <div class="measurement-unit-section" v-if="isPriceAvailable &amp;&amp; prodUnits ? prodUnits.hasAlternativeUnit : false">
                    <div class="ct-form-radio" @click="setDimension">
                    <input type="radio" title="" class="ct-form-check-input product-measurement-unit" :data-type="prodUnits.selectedUnit == prodUnits.secondaryUnit ? 'primary' : ''" :id="prodUnits.secondaryUnit + '-' + pid + '-measurement-unit-ptile' + additionalTag" :name="'measurement-unit-' + pid + '-ptile' + additionalTag" :value="prodUnits.secondaryUnit" v-model="prodUnits.selectedUnit">
                    <label :class="prodUnits.secondaryUnit + '-label ct-form-check-label mb-0'" :for="prodUnits.secondaryUnit + '-' + pid + '-measurement-unit-ptile' + additionalTag">
                    {{prodUnits.secondaryUnit}}
                    </label>
                    <span class="checkmark"></span>
                    </div>
                    <div class="ct-form-radio" @click="setDimension">
                    <input type="radio" title="" class="ct-form-check-input product-measurement-unit" :data-type="prodUnits.selectedUnit == prodUnits.primaryUnit ? 'primary' : ''" :id="prodUnits.primaryUnit + '-' + pid + '-measurement-unit-ptile' + additionalTag" :name="'measurement-unit-' + pid + '-ptile' + additionalTag" :value="prodUnits.primaryUnit" v-model="prodUnits.selectedUnit">
                    <label :class="prodUnits.primaryUnit + '-label ct-form-check-label mb-0'" :for="prodUnits.primaryUnit + '-' + pid + '-measurement-unit-ptile' + additionalTag">
                    {{prodUnits.primaryUnit}}
                    </label>
                    <span class="checkmark"></span>
                    </div>
                    </div>
                    <template v-if="!isPDP &amp;&amp; isPriceAvailable">
                    <span class="quantity-error ct-span-error product-max-allocation" v-if="isMaxQtyReached">
                    Quantidade máxima atingida
                    </span>
                    <span class="quantity-error ct-span-product product-allocation" v-if="!isMinQtyReached &amp;&amp; !isMaxQtyReached">
                    {{quantitySelected}} no carrinho
                    </span>
                    <span class="quantity-error ct-span-error product-min-allocation" :data-pid="pid" v-if="isMinQtyReached &amp;&amp; !isMaxQtyReached">
                    Quantidade mínima atingida
                    </span>
                    </template>
                    </template>
                    </div>
                    <input class="quantity-value-mask d-none" name="quantity" type="number" min="0" value="" tabindex="-1">
                    </div>
                    <button type="button" class="add-to-cart button js-add-to-cart js-add-to-cart-tile 5060891 button--primary dynamic-layout-btn" data-toggle="modal" data-target="#chooseBonusProductModal" data-pid="5060891" data-quantity-value="null" aria-label="Carrinho" tabindex="-1">
                    <span class="d-block d-sm-none">
                    <span class="svg-wrapper svg-icon-cart" style="width:20px; height:20px">
                    <svg class="svg-inline icon-cart" xmlns="http://www.w3.org/2000/svg" viewBox="0 0 500 500" width="100%" height="100%"><path fill="#EB0203" fill-rule="evenodd" d="M 485.67317,94.386311 C 476.37798,83.847129 463.09468,78.03348 448.30404,78.03348 H 90.690813 L 87.079511,51.327997 C 83.185582,22.539551 62.962285,0 41.011841,0 H 14.727836 C 6.563151,0 0,6.5286975 0,14.580758 c 0,8.05206 6.5945535,14.580758 14.727836,14.580758 h 26.284005 c 4.710398,0 14.696435,9.855222 16.894619,26.021523 L 100.01739,368.0631 c 1.88416,13.77244 9.01256,26.70549 20.1605,36.37417 8.25889,7.15046 18.02511,11.9071 28.26237,13.89679 -4.17655,7.58572 -6.53175,16.25957 -6.53175,25.493 0,29.53459 24.27424,53.59751 54.13815,53.59751 29.8325,0 54.13814,-24.03184 54.13814,-53.59751 0,-8.79818 -2.19818,-17.09897 -5.9979,-24.43598 h 77.12488 c -3.79973,7.33701 -5.96652,15.6378 -5.96652,24.43598 0,29.53459 24.27424,53.59751 54.13817,53.59751 29.83249,0 54.13814,-24.03184 54.13814,-53.59751 0,-8.79818 -2.1982,-17.09897 -5.9979,-24.43598 h 38.56243 c 8.13328,0 14.72783,-6.5287 14.72783,-14.61183 0,-8.02098 -6.59455,-14.54967 -14.72783,-14.54967 H 159.24277 c -14.38241,0 -28.13677,-11.90711 -30.02092,-26.02153 l -3.07746,-22.88154 h 290.6314 c 14.03698,0 27.94834,-5.28513 39.06488,-14.95381 11.11652,-9.6376 18.27632,-22.57065 20.16048,-36.37417 l 21.10259,-156.78201 c 1.94694,-14.51858 -2.10398,-28.29103 -11.43057,-38.861299 z M 220.76053,443.82706 c 0,13.49265 -11.08513,24.46709 -24.68247,24.46709 -13.62874,0 -24.71387,-10.97444 -24.71387,-24.46709 0,-13.49262 11.08513,-24.43598 24.71387,-24.43598 13.59734,0 24.68247,10.94336 24.68247,24.43598 z m 173.43675,0 c 0,13.49265 -11.08512,24.46709 -24.68245,24.46709 -13.62876,0 -24.71388,-10.97444 -24.71388,-24.46709 0,-13.49262 11.08512,-24.43598 24.71388,-24.43598 13.59733,0 24.68245,10.94336 24.68245,24.43598 z m 73.7648,-314.46558 -21.13397,156.782 c -1.88416,14.11442 -15.63851,26.05261 -30.02091,26.05261 H 122.25046 L 94.616142,107.19499 H 448.33544 c 6.18632,0 11.61896,2.2695 15.23028,6.37326 3.64269,4.13484 5.21283,9.73086 4.39636,15.79323 z"></path></svg>
                    </span>
                    </span>
                    <span class="add-to-cart--text d-none d-sm-block">Carrinho</span>
                    </button>
                    </div>
                    </div>
                    </div>
                    </div>
                    
                    <div class="col-12 d-sm-none">
                    </div>
                    </div>
                    </div>
                    </div>
                    </div><div class="pd-tile-wrap slick-slide slick-cloned" data-idx="9" style="width: 276px; height: auto;" data-slick-index="25" id="" aria-hidden="true" tabindex="-1">
                    
                    <script type="text/javascript">//<!--
                    /* <![CDATA[ */
                    (function(){
                    try {
                        if(window.CQuotient) {
                            var cq_params = {};
                            cq_params.cookieId = window.CQuotient.getCQCookieId();
                            cq_params.userId = window.CQuotient.getCQUserId();
                            cq_params.emailId = CQuotient.getCQHashedEmail();
                            cq_params.loginId = CQuotient.getCQHashedLogin();
                            cq_params.accumulate = true;
                            cq_params.products = [{
                                id: '7279388',
                                sku: '',
                                type: '',
                                alt_id: ''
                            }];
                            cq_params.recommenderName = '__UNDEFINED__';
                            cq_params.realm = "BDVS";
                            cq_params.siteId = "continente";
                            cq_params.instanceType = "prd";
                            cq_params.locale = window.CQuotient.locale;
                            cq_params.slotId = '';
                            cq_params.slotConfigId = '';
                            cq_params.slotConfigTemplate = '';
                            if(window.CQuotient.sendActivity)
                                window.CQuotient.sendActivity( CQuotient.clientId, 'viewReco', cq_params );
                            else
                                window.CQuotient.activities.push( {activityType: 'viewReco', parameters: cq_params} );
                        }
                    } catch(err) {}
                    })();
                    /* ]]> */
                    // -->
                    </script>
                    <script type="text/javascript">//<!--
                    /* <![CDATA[ (viewProduct-active_data.js) */
                    dw.ac._capture({id: "7279388", type: "recommendation"});
                    /* ]]> */
                    // -->
                    </script>
                    <div class="product" data-pid="7279388">
                    <div class="product-tile pid-7279388   ct-product-tile " data-delay-time="3000" data-variants-mapping="[]" data-in-cart-msg="no carrinho" data-one-product-added="Adicionado ao carrinho" data-remove-from-cart-msg="Removido do carrinho" data-stay-open="6000.0" data-product-tile-impression="{&quot;name&quot;:&quot;7279388&quot;,&quot;id&quot;:&quot;7279388&quot;,&quot;price&quot;:2.49,&quot;brand&quot;:&quot;Continente Seleção&quot;,&quot;category&quot;:[{&quot;category_level_1&quot;:&quot;Take-Away&quot;},{&quot;category_level_2&quot;:&quot;Massas Frescas e Noodles&quot;},{&quot;category_level_3&quot;:&quot;Massas Simples e Recheadas&quot;}],&quot;variant&quot;:&quot;&quot;}">
                    <div class="ct-inner-tile-wrap row no-gutters justify-content-center align-content-start">
                    
                    <div class="ct-image-container col-4 col-sm" data-confirmation-image="{&quot;url&quot;:&quot;https://www.continente.pt/dw/image/v2/BDVS_PRD/on/demandware.static/-/Sites-col-master-catalog/default/dw0ecad6c1/images/col/727/7279388-frente.jpg?sw=87&amp;sh=80&quot;,&quot;fallbackimage&quot;:{&quot;url&quot;:&quot;https://www.continente.pt/dw/image/v2/BDVS_PRD/on/demandware.static/Sites-continente-Site/-/default/dw7c42b4da/images/noimagelarge_product.png?sw=87&amp;sh=80&quot;,&quot;title&quot;:&quot;Girasoli Fresco com Cogumelos e Queijo Mascarpone&quot;,&quot;alt&quot;:&quot;Girasoli Fresco com Cogumelos e Queijo Mascarpone&quot;},&quot;title&quot;:&quot;Girasoli Fresco com Cogumelos e Queijo Mascarpone&quot;,&quot;alt&quot;:&quot;Girasoli Fresco com Cogumelos e Queijo Mascarpone&quot;}">
                    <a href="https://www.continente.pt/produto/girasoli-fresco-com-cogumelos-e-queijo-mascarpone-continente-selecao-7279388.html?cgid=home" tabindex="-1">
                    <picture class="intrinsic intrinsic--square">
                    <img class="ct-tile-image lazyloaded" loading="lazy" onerror="this.onerror=null;this.src='/on/demandware.static/Sites-continente-Site/-/default/dw7c42b4da/images/noimagelarge_product.png';" data-src="https://www.continente.pt/dw/image/v2/BDVS_PRD/on/demandware.static/-/Sites-col-master-catalog/default/dw0ecad6c1/images/col/727/7279388-frente.jpg?sw=280&amp;sh=280" alt="Girasoli Fresco com Cogumelos e Queijo Mascarpone" title="Girasoli Fresco com Cogumelos e Queijo Mascarpone" src="https://www.continente.pt/dw/image/v2/BDVS_PRD/on/demandware.static/-/Sites-col-master-catalog/default/dw0ecad6c1/images/col/727/7279388-frente.jpg?sw=280&amp;sh=280">
                    </picture>
                    </a>
                    <div class="color-swatches d-flex" style="margin-left: 5px;">
                    <div class="swatches d-flex">
                    </div>
                    </div>
                    </div>
                    <div class="ct-tile-body col col-sm-auto ">
                    <div class="ct-pdp-details">
                    <div class="ct-pdp-link">
                    <a class="ct-tile--description" href="https://www.continente.pt/produto/girasoli-fresco-com-cogumelos-e-queijo-mascarpone-continente-selecao-7279388.html?cgid=home" tabindex="-1">Girasoli Fresco com Cogumelos e Queijo Mascarpone</a>
                    <div class="ct-tile--favorite-top d-sm-none">
                    <button class="wishlist-toggler guest-mode inactive button button--tertiary" data-pid="7279388" data-add-url="https://www.continente.pt/on/demandware.store/Sites-continente-Site/default/Wishlist-AddProduct?pid=7279388" data-toggle="tooltip" aria-label="Adicionar aos favoritos " data-original-title="Adicionar aos favoritos" data-placement="top" tabindex="-1">
                    <svg class="active-content" width="100%" height="100%" viewBox="0 0 20 22" fill="none" xmlns="http://www.w3.org/2000/svg">
                    <path fill-rule="evenodd" clip-rule="evenodd" d="M0 1.53052C0 0.685236 0.692171 0 1.54601 0H15.0736C15.9274 0 16.6196 0.685235 16.6196 1.53052V13.4064L15.8127 13.922L14.2658 14.2658L12.7189 13.4064L10.6054 14.3818C10.4994 14.2451 10.3327 14.157 10.1452 14.157H6.76329C6.4431 14.157 6.18354 14.414 6.18354 14.731C6.18354 15.0479 6.4431 15.3049 6.76329 15.3049H10.1452C10.2478 15.3049 10.3441 15.2785 10.4277 15.2322L10.3126 16.8439L13.2345 20.2793H1.54601C0.69217 20.2793 0 19.5941 0 18.7488V1.53052ZM6.18354 5.5483C6.18354 5.23132 6.4431 4.97436 6.76329 4.97436H12.3676C12.6878 4.97436 12.9473 5.23132 12.9473 5.5483C12.9473 5.86528 12.6878 6.12224 12.3676 6.12224H6.76329C6.4431 6.12224 6.18354 5.86528 6.18354 5.5483ZM6.76329 11.0961C6.4431 11.0961 6.18354 11.3531 6.18354 11.6701C6.18354 11.987 6.4431 12.244 6.76329 12.244H12.3676C12.6878 12.244 12.9473 11.987 12.9473 11.6701C12.9473 11.3531 12.6878 11.0961 12.3676 11.0961H6.76329ZM6.18354 8.60985C6.18354 8.29287 6.4431 8.03591 6.76329 8.03591H12.3676C12.6878 8.03591 12.9473 8.29287 12.9473 8.60985C12.9473 8.92684 12.6878 9.1838 12.3676 9.1838H6.76329C6.4431 9.1838 6.18354 8.92684 6.18354 8.60985ZM3.67118 5.5483C3.67118 5.23132 3.93075 4.97436 4.25093 4.97436H4.63743C4.95762 4.97436 5.21719 5.23132 5.21719 5.5483C5.21719 5.86528 4.95762 6.12224 4.63743 6.12224H4.25093C3.93075 6.12224 3.67118 5.86528 3.67118 5.5483ZM4.25093 11.0961C3.93075 11.0961 3.67118 11.3531 3.67118 11.6701C3.67118 11.987 3.93075 12.244 4.25093 12.244H4.63743C4.95762 12.244 5.21719 11.987 5.21719 11.6701C5.21719 11.3531 4.95762 11.0961 4.63743 11.0961H4.25093ZM3.67118 8.60985C3.67118 8.29287 3.93075 8.03591 4.25093 8.03591H4.63743C4.95762 8.03591 5.21719 8.29287 5.21719 8.60985C5.21719 8.92684 4.95762 9.1838 4.63743 9.1838H4.25093C3.93075 9.1838 3.67118 8.92684 3.67118 8.60985ZM4.25093 14.157C3.93075 14.157 3.67118 14.414 3.67118 14.731C3.67118 15.0479 3.93075 15.3049 4.25093 15.3049H4.63743C4.95762 15.3049 5.21719 15.0479 5.21719 14.731C5.21719 14.414 4.95762 14.157 4.63743 14.157H4.25093Z" fill="#EB0203"></path>
                    <path fill-rule="evenodd" clip-rule="evenodd" d="M14.6252 13.6363C13.4918 12.6215 11.7817 12.5264 10.6569 13.4792C9.12421 14.7764 9.34841 16.8912 10.4409 18.0122L14.0159 21.6742C14.2197 21.8832 14.4928 22 14.7822 22C15.0737 22 15.3448 21.8852 15.5486 21.6762L19.1236 18.0142C20.214 16.8933 20.4423 14.7785 18.9075 13.4792C17.7827 12.5283 16.0724 12.6217 14.9391 13.6365C14.8855 13.6845 14.8331 13.7345 14.7822 13.7866C14.7313 13.7345 14.6789 13.6843 14.6252 13.6363ZM18.1546 14.3522C19.0973 15.1508 18.9962 16.4896 18.2891 17.2173C18.2888 17.2175 18.2886 17.2177 18.2884 17.218L14.7832 20.8084L11.2753 17.2151C11.2752 17.215 11.2751 17.2149 11.2749 17.2148C10.5677 16.4887 10.4678 15.1495 11.4104 14.3518L11.4108 14.3514C12.0745 13.7892 13.2018 13.82 13.9488 14.5846L14.7822 15.4378L15.6157 14.5846C16.3617 13.8211 17.4896 13.79 18.1545 14.3521" fill="#EB0203"></path>
                    </svg>
                    <svg class="inactive-content" width="100%" height="100%" viewBox="0 0 20 23" fill="none" xmlns="http://www.w3.org/2000/svg">
                    <path fill-rule="evenodd" clip-rule="evenodd" d="M6.18408 5.77914C6.18408 5.46223 6.44363 5.20532 6.7638 5.20532H12.3678C12.6879 5.20532 12.9475 5.46223 12.9475 5.77914C12.9475 6.09606 12.6879 6.35297 12.3678 6.35297H6.7638C6.44363 6.35297 6.18408 6.09606 6.18408 5.77914Z" fill="#EB0203"></path>
                    <path fill-rule="evenodd" clip-rule="evenodd" d="M6.18408 11.9034C6.18408 11.5865 6.44363 11.3296 6.7638 11.3296H12.3678C12.6879 11.3296 12.9475 11.5865 12.9475 11.9034C12.9475 12.2202 12.6879 12.4771 12.3678 12.4771H6.7638C6.44363 12.4771 6.18408 12.2202 6.18408 11.9034Z" fill="#EB0203"></path>
                    <path fill-rule="evenodd" clip-rule="evenodd" d="M6.18408 8.84116C6.18408 8.52424 6.44363 8.26733 6.7638 8.26733H12.3678C12.6879 8.26733 12.9475 8.52424 12.9475 8.84116C12.9475 9.15807 12.6879 9.41498 12.3678 9.41498H6.7638C6.44363 9.41498 6.18408 9.15807 6.18408 8.84116Z" fill="#EB0203"></path>
                    <path fill-rule="evenodd" clip-rule="evenodd" d="M6.18408 14.9655C6.18408 14.6486 6.44363 14.3917 6.7638 14.3917H10.1455C10.4657 14.3917 10.7252 14.6486 10.7252 14.9655C10.7252 15.2825 10.4657 15.5394 10.1455 15.5394H6.7638C6.44363 15.5394 6.18408 15.2825 6.18408 14.9655Z" fill="#EB0203"></path>
                    <path fill-rule="evenodd" clip-rule="evenodd" d="M3.67139 5.77914C3.67139 5.46223 3.93094 5.20532 4.25111 5.20532H4.63759C4.95776 5.20532 5.21731 5.46223 5.21731 5.77914C5.21731 6.09606 4.95776 6.35297 4.63759 6.35297H4.25111C3.93094 6.35297 3.67139 6.09606 3.67139 5.77914Z" fill="#EB0203"></path>
                    <path fill-rule="evenodd" clip-rule="evenodd" d="M3.67139 11.9034C3.67139 11.5865 3.93094 11.3296 4.25111 11.3296H4.63759C4.95776 11.3296 5.21731 11.5865 5.21731 11.9034C5.21731 12.2202 4.95776 12.4771 4.63759 12.4771H4.25111C3.93094 12.4771 3.67139 12.2202 3.67139 11.9034Z" fill="#EB0203"></path>
                    <path fill-rule="evenodd" clip-rule="evenodd" d="M3.67139 8.84116C3.67139 8.52424 3.93094 8.26733 4.25111 8.26733H4.63759C4.95776 8.26733 5.21731 8.52424 5.21731 8.84116C5.21731 9.15807 4.95776 9.41498 4.63759 9.41498H4.25111C3.93094 9.41498 3.67139 9.15807 3.67139 8.84116Z" fill="#EB0203"></path>
                    <path fill-rule="evenodd" clip-rule="evenodd" d="M3.67139 14.9655C3.67139 14.6486 3.93094 14.3917 4.25111 14.3917H4.63759C4.95776 14.3917 5.21731 14.6486 5.21731 14.9655C5.21731 15.2825 4.95776 15.5394 4.63759 15.5394H4.25111C3.93094 15.5394 3.67139 15.2825 3.67139 14.9655Z" fill="#EB0203"></path>
                    <path fill-rule="evenodd" clip-rule="evenodd" d="M0 1.76033C0 0.914738 0.692131 0.229248 1.54592 0.229248H15.0727C15.9265 0.229248 16.6186 0.914738 16.6186 1.76033V11.2818C16.6186 11.5989 16.3591 11.8559 16.0389 11.8559C15.7187 11.8559 15.4592 11.5989 15.4592 11.2818V1.76033C15.4592 1.54893 15.2862 1.37756 15.0727 1.37756H1.54592C1.33247 1.37756 1.15944 1.54893 1.15944 1.76033V18.985C1.15944 19.1964 1.33247 19.3678 1.54592 19.3678H9.27551C9.59568 19.3678 9.85523 19.6249 9.85523 19.942C9.85523 20.2591 9.59568 20.5161 9.27551 20.5161H1.54592C0.692131 20.5161 0 19.8306 0 18.985V1.76033Z" fill="#EB0203"></path>
                    <path fill-rule="evenodd" clip-rule="evenodd" d="M14.6254 13.8718C13.4921 12.8567 11.7821 12.7615 10.6574 13.7147C9.12472 15.0124 9.34891 17.128 10.4413 18.2493L14.0161 21.9126C14.2199 22.1217 14.493 22.2386 14.7824 22.2386C15.0739 22.2386 15.3449 22.1238 15.5487 21.9147L19.1235 18.2514C20.2139 17.13 20.4422 15.0144 18.9075 13.7147C17.7827 12.7634 16.0726 12.8569 14.9392 13.872C14.8856 13.92 14.8333 13.9701 14.7824 14.0222C14.7314 13.97 14.6791 13.9199 14.6254 13.8718ZM18.1546 14.588C19.0972 15.3869 18.9961 16.7262 18.2891 17.4541C18.2888 17.4543 18.2886 17.4546 18.2884 17.4548L14.7834 21.0466L11.2757 17.452C11.2756 17.4519 11.2755 17.4517 11.2753 17.4516C10.5681 16.7252 10.4682 15.3856 11.4108 14.5876L11.4112 14.5872C12.0748 14.0248 13.202 14.0556 13.949 14.8205L14.7824 15.674L15.6158 14.8205C16.3618 14.0567 17.4896 14.0256 18.1545 14.5879" fill="#EB0203"></path>
                    </svg>
                    </button>
                    </div>
                    </div>
                    <p class="ct-tile--brand">Continente Seleção</p>
                    <p class="ct-tile--quantity">emb. 250 gr</p>
                    </div>
                    <div class="ct-tile-bottom row no-gutters justify-content-between">
                    <div class="ct-price-wrap col-8 col-sm-12">
                    <div class="price js-product-price">
                    <div class="prices-wrapper">
                    <span class="sales ct-tile--price-primary ">
                    <span class="value" content="2.49">
                    <span class="ct-price-formatted">
                    €2,49
                    </span>
                    <span class="ct-m-unit">
                    /un
                    </span>
                    </span>
                    </span>
                    </div>
                    <div class="ct-tile--price-secondary">
                    <span class="ct-price-value">
                    €9,96
                    </span>
                    <span class="ct-m-unit">
                    /kg
                    </span>
                    </div>
                    </div>
                    </div>
                    <div class="ct-tile-buy-section d-flex justify-content-center no-gutters col-auto col-sm-12">
                    <div class="col-2 d-sm-flex d-none">
                    <button class="wishlist-toggler guest-mode inactive button button--tertiary" data-pid="7279388" data-add-url="https://www.continente.pt/on/demandware.store/Sites-continente-Site/default/Wishlist-AddProduct?pid=7279388" data-toggle="tooltip" aria-label="Adicionar aos favoritos " data-original-title="Adicionar aos favoritos" data-placement="top" tabindex="-1">
                    <svg class="active-content" width="100%" height="100%" viewBox="0 0 20 22" fill="none" xmlns="http://www.w3.org/2000/svg">
                    <path fill-rule="evenodd" clip-rule="evenodd" d="M0 1.53052C0 0.685236 0.692171 0 1.54601 0H15.0736C15.9274 0 16.6196 0.685235 16.6196 1.53052V13.4064L15.8127 13.922L14.2658 14.2658L12.7189 13.4064L10.6054 14.3818C10.4994 14.2451 10.3327 14.157 10.1452 14.157H6.76329C6.4431 14.157 6.18354 14.414 6.18354 14.731C6.18354 15.0479 6.4431 15.3049 6.76329 15.3049H10.1452C10.2478 15.3049 10.3441 15.2785 10.4277 15.2322L10.3126 16.8439L13.2345 20.2793H1.54601C0.69217 20.2793 0 19.5941 0 18.7488V1.53052ZM6.18354 5.5483C6.18354 5.23132 6.4431 4.97436 6.76329 4.97436H12.3676C12.6878 4.97436 12.9473 5.23132 12.9473 5.5483C12.9473 5.86528 12.6878 6.12224 12.3676 6.12224H6.76329C6.4431 6.12224 6.18354 5.86528 6.18354 5.5483ZM6.76329 11.0961C6.4431 11.0961 6.18354 11.3531 6.18354 11.6701C6.18354 11.987 6.4431 12.244 6.76329 12.244H12.3676C12.6878 12.244 12.9473 11.987 12.9473 11.6701C12.9473 11.3531 12.6878 11.0961 12.3676 11.0961H6.76329ZM6.18354 8.60985C6.18354 8.29287 6.4431 8.03591 6.76329 8.03591H12.3676C12.6878 8.03591 12.9473 8.29287 12.9473 8.60985C12.9473 8.92684 12.6878 9.1838 12.3676 9.1838H6.76329C6.4431 9.1838 6.18354 8.92684 6.18354 8.60985ZM3.67118 5.5483C3.67118 5.23132 3.93075 4.97436 4.25093 4.97436H4.63743C4.95762 4.97436 5.21719 5.23132 5.21719 5.5483C5.21719 5.86528 4.95762 6.12224 4.63743 6.12224H4.25093C3.93075 6.12224 3.67118 5.86528 3.67118 5.5483ZM4.25093 11.0961C3.93075 11.0961 3.67118 11.3531 3.67118 11.6701C3.67118 11.987 3.93075 12.244 4.25093 12.244H4.63743C4.95762 12.244 5.21719 11.987 5.21719 11.6701C5.21719 11.3531 4.95762 11.0961 4.63743 11.0961H4.25093ZM3.67118 8.60985C3.67118 8.29287 3.93075 8.03591 4.25093 8.03591H4.63743C4.95762 8.03591 5.21719 8.29287 5.21719 8.60985C5.21719 8.92684 4.95762 9.1838 4.63743 9.1838H4.25093C3.93075 9.1838 3.67118 8.92684 3.67118 8.60985ZM4.25093 14.157C3.93075 14.157 3.67118 14.414 3.67118 14.731C3.67118 15.0479 3.93075 15.3049 4.25093 15.3049H4.63743C4.95762 15.3049 5.21719 15.0479 5.21719 14.731C5.21719 14.414 4.95762 14.157 4.63743 14.157H4.25093Z" fill="#EB0203"></path>
                    <path fill-rule="evenodd" clip-rule="evenodd" d="M14.6252 13.6363C13.4918 12.6215 11.7817 12.5264 10.6569 13.4792C9.12421 14.7764 9.34841 16.8912 10.4409 18.0122L14.0159 21.6742C14.2197 21.8832 14.4928 22 14.7822 22C15.0737 22 15.3448 21.8852 15.5486 21.6762L19.1236 18.0142C20.214 16.8933 20.4423 14.7785 18.9075 13.4792C17.7827 12.5283 16.0724 12.6217 14.9391 13.6365C14.8855 13.6845 14.8331 13.7345 14.7822 13.7866C14.7313 13.7345 14.6789 13.6843 14.6252 13.6363ZM18.1546 14.3522C19.0973 15.1508 18.9962 16.4896 18.2891 17.2173C18.2888 17.2175 18.2886 17.2177 18.2884 17.218L14.7832 20.8084L11.2753 17.2151C11.2752 17.215 11.2751 17.2149 11.2749 17.2148C10.5677 16.4887 10.4678 15.1495 11.4104 14.3518L11.4108 14.3514C12.0745 13.7892 13.2018 13.82 13.9488 14.5846L14.7822 15.4378L15.6157 14.5846C16.3617 13.8211 17.4896 13.79 18.1545 14.3521" fill="#EB0203"></path>
                    </svg>
                    <svg class="inactive-content" width="100%" height="100%" viewBox="0 0 20 23" fill="none" xmlns="http://www.w3.org/2000/svg">
                    <path fill-rule="evenodd" clip-rule="evenodd" d="M6.18408 5.77914C6.18408 5.46223 6.44363 5.20532 6.7638 5.20532H12.3678C12.6879 5.20532 12.9475 5.46223 12.9475 5.77914C12.9475 6.09606 12.6879 6.35297 12.3678 6.35297H6.7638C6.44363 6.35297 6.18408 6.09606 6.18408 5.77914Z" fill="#EB0203"></path>
                    <path fill-rule="evenodd" clip-rule="evenodd" d="M6.18408 11.9034C6.18408 11.5865 6.44363 11.3296 6.7638 11.3296H12.3678C12.6879 11.3296 12.9475 11.5865 12.9475 11.9034C12.9475 12.2202 12.6879 12.4771 12.3678 12.4771H6.7638C6.44363 12.4771 6.18408 12.2202 6.18408 11.9034Z" fill="#EB0203"></path>
                    <path fill-rule="evenodd" clip-rule="evenodd" d="M6.18408 8.84116C6.18408 8.52424 6.44363 8.26733 6.7638 8.26733H12.3678C12.6879 8.26733 12.9475 8.52424 12.9475 8.84116C12.9475 9.15807 12.6879 9.41498 12.3678 9.41498H6.7638C6.44363 9.41498 6.18408 9.15807 6.18408 8.84116Z" fill="#EB0203"></path>
                    <path fill-rule="evenodd" clip-rule="evenodd" d="M6.18408 14.9655C6.18408 14.6486 6.44363 14.3917 6.7638 14.3917H10.1455C10.4657 14.3917 10.7252 14.6486 10.7252 14.9655C10.7252 15.2825 10.4657 15.5394 10.1455 15.5394H6.7638C6.44363 15.5394 6.18408 15.2825 6.18408 14.9655Z" fill="#EB0203"></path>
                    <path fill-rule="evenodd" clip-rule="evenodd" d="M3.67139 5.77914C3.67139 5.46223 3.93094 5.20532 4.25111 5.20532H4.63759C4.95776 5.20532 5.21731 5.46223 5.21731 5.77914C5.21731 6.09606 4.95776 6.35297 4.63759 6.35297H4.25111C3.93094 6.35297 3.67139 6.09606 3.67139 5.77914Z" fill="#EB0203"></path>
                    <path fill-rule="evenodd" clip-rule="evenodd" d="M3.67139 11.9034C3.67139 11.5865 3.93094 11.3296 4.25111 11.3296H4.63759C4.95776 11.3296 5.21731 11.5865 5.21731 11.9034C5.21731 12.2202 4.95776 12.4771 4.63759 12.4771H4.25111C3.93094 12.4771 3.67139 12.2202 3.67139 11.9034Z" fill="#EB0203"></path>
                    <path fill-rule="evenodd" clip-rule="evenodd" d="M3.67139 8.84116C3.67139 8.52424 3.93094 8.26733 4.25111 8.26733H4.63759C4.95776 8.26733 5.21731 8.52424 5.21731 8.84116C5.21731 9.15807 4.95776 9.41498 4.63759 9.41498H4.25111C3.93094 9.41498 3.67139 9.15807 3.67139 8.84116Z" fill="#EB0203"></path>
                    <path fill-rule="evenodd" clip-rule="evenodd" d="M3.67139 14.9655C3.67139 14.6486 3.93094 14.3917 4.25111 14.3917H4.63759C4.95776 14.3917 5.21731 14.6486 5.21731 14.9655C5.21731 15.2825 4.95776 15.5394 4.63759 15.5394H4.25111C3.93094 15.5394 3.67139 15.2825 3.67139 14.9655Z" fill="#EB0203"></path>
                    <path fill-rule="evenodd" clip-rule="evenodd" d="M0 1.76033C0 0.914738 0.692131 0.229248 1.54592 0.229248H15.0727C15.9265 0.229248 16.6186 0.914738 16.6186 1.76033V11.2818C16.6186 11.5989 16.3591 11.8559 16.0389 11.8559C15.7187 11.8559 15.4592 11.5989 15.4592 11.2818V1.76033C15.4592 1.54893 15.2862 1.37756 15.0727 1.37756H1.54592C1.33247 1.37756 1.15944 1.54893 1.15944 1.76033V18.985C1.15944 19.1964 1.33247 19.3678 1.54592 19.3678H9.27551C9.59568 19.3678 9.85523 19.6249 9.85523 19.942C9.85523 20.2591 9.59568 20.5161 9.27551 20.5161H1.54592C0.692131 20.5161 0 19.8306 0 18.985V1.76033Z" fill="#EB0203"></path>
                    <path fill-rule="evenodd" clip-rule="evenodd" d="M14.6254 13.8718C13.4921 12.8567 11.7821 12.7615 10.6574 13.7147C9.12472 15.0124 9.34891 17.128 10.4413 18.2493L14.0161 21.9126C14.2199 22.1217 14.493 22.2386 14.7824 22.2386C15.0739 22.2386 15.3449 22.1238 15.5487 21.9147L19.1235 18.2514C20.2139 17.13 20.4422 15.0144 18.9075 13.7147C17.7827 12.7634 16.0726 12.8569 14.9392 13.872C14.8856 13.92 14.8333 13.9701 14.7824 14.0222C14.7314 13.97 14.6791 13.9199 14.6254 13.8718ZM18.1546 14.588C19.0972 15.3869 18.9961 16.7262 18.2891 17.4541C18.2888 17.4543 18.2886 17.4546 18.2884 17.4548L14.7834 21.0466L11.2757 17.452C11.2756 17.4519 11.2755 17.4517 11.2753 17.4516C10.5681 16.7252 10.4682 15.3856 11.4108 14.5876L11.4112 14.5872C12.0748 14.0248 13.202 14.0556 13.949 14.8205L14.7824 15.674L15.6158 14.8205C16.3618 14.0567 17.4896 14.0256 18.1545 14.5879" fill="#EB0203"></path>
                    </svg>
                    </button>
                    </div>
                    <div class="col-sm-10 col-12">
                    <div class="ct-tile-quantity d-none" data-pid="7279388">
                    <input type="hidden" class="add-to-cart-url" value="https://www.continente.pt/on/demandware.store/Sites-continente-Site/default/Cart-AddProduct" tabindex="-1">
                    <div class="d-none tile-delete-confirmation-btn" data-pid="7279388" data-delay-time="3000" data-in-cart-msg="no carrinho" data-one-product-added="Adicionado ao carrinho" data-remove-from-cart-msg="Removido do carrinho" data-stay-open="6000.0" data-confirmation-image="{&quot;url&quot;:&quot;https://www.continente.pt/dw/image/v2/BDVS_PRD/on/demandware.static/-/Sites-col-master-catalog/default/dw0ecad6c1/images/col/727/7279388-frente.jpg?sw=87&amp;sh=80&quot;,&quot;fallbackimage&quot;:{&quot;url&quot;:&quot;https://www.continente.pt/dw/image/v2/BDVS_PRD/on/demandware.static/Sites-continente-Site/-/default/dw7c42b4da/images/noimagelarge_product.png?sw=87&amp;sh=80&quot;,&quot;title&quot;:&quot;Girasoli Fresco com Cogumelos e Queijo Mascarpone&quot;,&quot;alt&quot;:&quot;Girasoli Fresco com Cogumelos e Queijo Mascarpone&quot;},&quot;title&quot;:&quot;Girasoli Fresco com Cogumelos e Queijo Mascarpone&quot;,&quot;alt&quot;:&quot;Girasoli Fresco com Cogumelos e Queijo Mascarpone&quot;}"></div>
                    <div class="ct-tile-quantity-update quantity-update product-qty-vue" data-remove-action="https://www.continente.pt/on/demandware.store/Sites-continente-Site/default/Cart-RemoveProductLineItem" data-action="https://www.continente.pt/on/demandware.store/Sites-continente-Site/default/Cart-UpdateQuantity" data-dimension-update="https://www.continente.pt/on/demandware.store/Sites-continente-Site/default/Cart-DimensionUpdate" data-pid="7279388" data-uuid="a10534deade14f9a65b371b9f3" data-add-delay="500.0" data-measure-options="{&quot;hasConversionRate&quot;:true,&quot;hasAlternativeSaleUnit&quot;:false,&quot;primaryToSecondary&quot;:1,&quot;secondaryToPrimary&quot;:1,&quot;unitConversionRate&quot;:1,&quot;minOrderQuantity&quot;:1,&quot;stepQuantity&quot;:1,&quot;primaryunit&quot;:&quot;un&quot;,&quot;secondaryunit&quot;:&quot;kg&quot;,&quot;selectedunit&quot;:&quot;primary&quot;,&quot;maxNumberOfUnitsPerSale&quot;:50}" data-price-available="null" :data-has-error="isMaxQtyReached || isMinQtyReached || qtySelectedMoreThanOne">
                    <template v-show="prodUnits">
                    <div class="quantity-input-wrapper has-units">
                    <label class="visually-hidden" :for="'quantity-' + pid + additionalTag">
                    Quantidade no carrinho
                    </label>
                    <input :ref="'quantityInput-' + pid + additionalTag" class="add-to-cart-quantity form-control ct-form-input text-center" inputmode="numeric" :class="{'is-invalid': isInvalid}" :data-pid="pid + additionalTag" :name="'quantity-' + pid + additionalTag" type="text" aria-label="Insira a quantidade" title="" v-model="displayValue" @change="updateQuantity" @focus="updateQtyFormat" @blur="restoreQtyFormat" :disabled="!isPriceAvailable">
                    <span class="quantity-icon quantity-icon--minus">
                    <button class="decrease-quantity-btn" @click="updateQuantity" :disabled="!isPriceAvailable" role="button" aria-label="Reduzir quantidade">
                    <i class="css-math-minus"></i>
                    </button>
                    </span>
                    <span class="quantity-icon quantity-icon--plus">
                    <button class="increase-quantity-btn" @click="updateQuantity" :disabled="isMaxQtyReached || !isPriceAvailable" role="button" aria-label="Aumentar quantidade">
                    <i class="css-math-plus"></i>
                    </button>
                    <span class="quantity-btn-disabled-placeholder"></span>
                    </span>
                    <template v-if="isPDP">
                    <span class="quantity-error ct-span-error text-sm-center product-max-allocation" v-if="isMaxQtyReached">
                    Quantidade máxima atingida
                    </span>
                    <span class="quantity-error ct-span-product text-sm-center product-allocation" v-if="!isMinQtyReached &amp;&amp; !isMaxQtyReached">
                    {{quantitySelected}} no carrinho
                    </span>
                    <span class="quantity-error ct-span-error text-sm-center product-min-allocation" :data-pid="pid" v-if="isMinQtyReached &amp;&amp; !isMaxQtyReached">
                    Quantidade mínima atingida
                    </span>
                    </template>
                    </div>
                    <template v-if="showNotes">
                    <div class="add-note-link-container ">
                    <div class="add-note">
                    <a href="/produto/girasoli-fresco-com-cogumelos-e-queijo-mascarpone-continente-selecao-7279388.html?showNote=true" class="ct-add-note-redirect-pdp" aria-label="Adicionar comentário">
                    <span class="svg-wrapper svg-icon-notes" style="width:19px; height:20px">
                    <svg class="svg-inline icon-notes" viewBox="0 0 28 30" xmlns="http://www.w3.org/2000/svg" width="100%" height="100%"><path d="M21.738 0C22.985 0 24 1.04 24 2.319V12.47c0 .469-.37.848-.828.848-.457 0-.827-.38-.827-.848V2.32c0-.343-.273-.622-.607-.622H2.262c-.334 0-.607.279-.607.622V27.68c0 .343.273.622.607.622h7.81c.457 0 .827.38.827.849 0 .468-.37.848-.827.848h-7.81C1.015 30 0 28.96 0 27.681V2.32C0 1.04 1.015 0 2.262 0h19.476zm2.844 16.004l.227.007c.823.053 1.589.39 2.176.964.64.627.993 1.46.993 2.349 0 .888-.353 1.722-.993 2.348l-6.83 6.665c-.11.108-.247.186-.397.226l-5.032 1.363c-.078.021-.16.032-.241.032-.242 0-.478-.097-.647-.266-.23-.231-.314-.566-.218-.874l1.49-4.798c.044-.139.122-.266.227-.369l6.844-6.677c.64-.625 1.493-.97 2.401-.97zm-2.886 3.94l-4.922 4.802-.947 3.048 3.22-.872 4.897-4.78-2.248-2.197zm2.887-2.174c-.425 0-.824.162-1.124.455l-.484.472 2.248 2.197.484-.472c.62-.606.62-1.591 0-2.197l-.117-.104c-.283-.227-.636-.35-1.007-.35zm-10.839.022c.498 0 .904.396.904.883 0 .488-.406.884-.904.884H5.946c-.499 0-.904-.396-.904-.884 0-.487.405-.883.904-.883zm5.042-4.876c.498 0 .904.397.904.884s-.406.884-.904.884H5.946c-.499 0-.904-.397-.904-.884s.405-.884.904-.884zm0-4.875c.498 0 .904.396.904.884 0 .487-.406.883-.904.883H5.946c-.499 0-.904-.396-.904-.883 0-.488.405-.884.904-.884z" fill="#EB0203" fill-rule="evenodd"></path></svg>
                    </span>
                    <div class="available-note d-none"></div>
                    </a>
                    </div>
                    </div>
                    </template>
                    <div class="measurement-unit-section" v-if="isPriceAvailable &amp;&amp; prodUnits ? prodUnits.hasAlternativeUnit : false">
                    <div class="ct-form-radio" @click="setDimension">
                    <input type="radio" title="" class="ct-form-check-input product-measurement-unit" :data-type="prodUnits.selectedUnit == prodUnits.secondaryUnit ? 'primary' : ''" :id="prodUnits.secondaryUnit + '-' + pid + '-measurement-unit-ptile' + additionalTag" :name="'measurement-unit-' + pid + '-ptile' + additionalTag" :value="prodUnits.secondaryUnit" v-model="prodUnits.selectedUnit">
                    <label :class="prodUnits.secondaryUnit + '-label ct-form-check-label mb-0'" :for="prodUnits.secondaryUnit + '-' + pid + '-measurement-unit-ptile' + additionalTag">
                    {{prodUnits.secondaryUnit}}
                    </label>
                    <span class="checkmark"></span>
                    </div>
                    <div class="ct-form-radio" @click="setDimension">
                    <input type="radio" title="" class="ct-form-check-input product-measurement-unit" :data-type="prodUnits.selectedUnit == prodUnits.primaryUnit ? 'primary' : ''" :id="prodUnits.primaryUnit + '-' + pid + '-measurement-unit-ptile' + additionalTag" :name="'measurement-unit-' + pid + '-ptile' + additionalTag" :value="prodUnits.primaryUnit" v-model="prodUnits.selectedUnit">
                    <label :class="prodUnits.primaryUnit + '-label ct-form-check-label mb-0'" :for="prodUnits.primaryUnit + '-' + pid + '-measurement-unit-ptile' + additionalTag">
                    {{prodUnits.primaryUnit}}
                    </label>
                    <span class="checkmark"></span>
                    </div>
                    </div>
                    <template v-if="!isPDP &amp;&amp; isPriceAvailable">
                    <span class="quantity-error ct-span-error product-max-allocation" v-if="isMaxQtyReached">
                    Quantidade máxima atingida
                    </span>
                    <span class="quantity-error ct-span-product product-allocation" v-if="!isMinQtyReached &amp;&amp; !isMaxQtyReached">
                    {{quantitySelected}} no carrinho
                    </span>
                    <span class="quantity-error ct-span-error product-min-allocation" :data-pid="pid" v-if="isMinQtyReached &amp;&amp; !isMaxQtyReached">
                    Quantidade mínima atingida
                    </span>
                    </template>
                    </template>
                    </div>
                    <input class="quantity-value-mask d-none" name="quantity" type="number" min="0" value="" tabindex="-1">
                    </div>
                    <button type="button" class="add-to-cart button js-add-to-cart js-add-to-cart-tile 7279388 button--primary dynamic-layout-btn" data-toggle="modal" data-target="#chooseBonusProductModal" data-pid="7279388" data-quantity-value="null" aria-label="Carrinho" tabindex="-1">
                    <span class="d-block d-sm-none">
                    <span class="svg-wrapper svg-icon-cart" style="width:20px; height:20px">
                    <svg class="svg-inline icon-cart" xmlns="http://www.w3.org/2000/svg" viewBox="0 0 500 500" width="100%" height="100%"><path fill="#EB0203" fill-rule="evenodd" d="M 485.67317,94.386311 C 476.37798,83.847129 463.09468,78.03348 448.30404,78.03348 H 90.690813 L 87.079511,51.327997 C 83.185582,22.539551 62.962285,0 41.011841,0 H 14.727836 C 6.563151,0 0,6.5286975 0,14.580758 c 0,8.05206 6.5945535,14.580758 14.727836,14.580758 h 26.284005 c 4.710398,0 14.696435,9.855222 16.894619,26.021523 L 100.01739,368.0631 c 1.88416,13.77244 9.01256,26.70549 20.1605,36.37417 8.25889,7.15046 18.02511,11.9071 28.26237,13.89679 -4.17655,7.58572 -6.53175,16.25957 -6.53175,25.493 0,29.53459 24.27424,53.59751 54.13815,53.59751 29.8325,0 54.13814,-24.03184 54.13814,-53.59751 0,-8.79818 -2.19818,-17.09897 -5.9979,-24.43598 h 77.12488 c -3.79973,7.33701 -5.96652,15.6378 -5.96652,24.43598 0,29.53459 24.27424,53.59751 54.13817,53.59751 29.83249,0 54.13814,-24.03184 54.13814,-53.59751 0,-8.79818 -2.1982,-17.09897 -5.9979,-24.43598 h 38.56243 c 8.13328,0 14.72783,-6.5287 14.72783,-14.61183 0,-8.02098 -6.59455,-14.54967 -14.72783,-14.54967 H 159.24277 c -14.38241,0 -28.13677,-11.90711 -30.02092,-26.02153 l -3.07746,-22.88154 h 290.6314 c 14.03698,0 27.94834,-5.28513 39.06488,-14.95381 11.11652,-9.6376 18.27632,-22.57065 20.16048,-36.37417 l 21.10259,-156.78201 c 1.94694,-14.51858 -2.10398,-28.29103 -11.43057,-38.861299 z M 220.76053,443.82706 c 0,13.49265 -11.08513,24.46709 -24.68247,24.46709 -13.62874,0 -24.71387,-10.97444 -24.71387,-24.46709 0,-13.49262 11.08513,-24.43598 24.71387,-24.43598 13.59734,0 24.68247,10.94336 24.68247,24.43598 z m 173.43675,0 c 0,13.49265 -11.08512,24.46709 -24.68245,24.46709 -13.62876,0 -24.71388,-10.97444 -24.71388,-24.46709 0,-13.49262 11.08512,-24.43598 24.71388,-24.43598 13.59733,0 24.68245,10.94336 24.68245,24.43598 z m 73.7648,-314.46558 -21.13397,156.782 c -1.88416,14.11442 -15.63851,26.05261 -30.02091,26.05261 H 122.25046 L 94.616142,107.19499 H 448.33544 c 6.18632,0 11.61896,2.2695 15.23028,6.37326 3.64269,4.13484 5.21283,9.73086 4.39636,15.79323 z"></path></svg>
                    </span>
                    </span>
                    <span class="add-to-cart--text d-none d-sm-block">Carrinho</span>
                    </button>
                    </div>
                    </div>
                    </div>
                    </div>
                    
                    <div class="col-12 d-sm-none">
                    </div>
                    </div>
                    </div>
                    </div>
                    </div><div class="pd-tile-wrap slick-slide slick-cloned" data-idx="10" style="width: 276px; height: auto;" data-slick-index="26" id="" aria-hidden="true" tabindex="-1">
                    
                    <script type="text/javascript">//<!--
                    /* <![CDATA[ */
                    (function(){
                    try {
                        if(window.CQuotient) {
                            var cq_params = {};
                            cq_params.cookieId = window.CQuotient.getCQCookieId();
                            cq_params.userId = window.CQuotient.getCQUserId();
                            cq_params.emailId = CQuotient.getCQHashedEmail();
                            cq_params.loginId = CQuotient.getCQHashedLogin();
                            cq_params.accumulate = true;
                            cq_params.products = [{
                                id: '7279387',
                                sku: '',
                                type: '',
                                alt_id: ''
                            }];
                            cq_params.recommenderName = '__UNDEFINED__';
                            cq_params.realm = "BDVS";
                            cq_params.siteId = "continente";
                            cq_params.instanceType = "prd";
                            cq_params.locale = window.CQuotient.locale;
                            cq_params.slotId = '';
                            cq_params.slotConfigId = '';
                            cq_params.slotConfigTemplate = '';
                            if(window.CQuotient.sendActivity)
                                window.CQuotient.sendActivity( CQuotient.clientId, 'viewReco', cq_params );
                            else
                                window.CQuotient.activities.push( {activityType: 'viewReco', parameters: cq_params} );
                        }
                    } catch(err) {}
                    })();
                    /* ]]> */
                    // -->
                    </script>
                    <script type="text/javascript">//<!--
                    /* <![CDATA[ (viewProduct-active_data.js) */
                    dw.ac._capture({id: "7279387", type: "recommendation"});
                    /* ]]> */
                    // -->
                    </script>
                    <div class="product" data-pid="7279387">
                    <div class="product-tile pid-7279387   ct-product-tile " data-delay-time="3000" data-variants-mapping="[]" data-in-cart-msg="no carrinho" data-one-product-added="Adicionado ao carrinho" data-remove-from-cart-msg="Removido do carrinho" data-stay-open="6000.0" data-product-tile-impression="{&quot;name&quot;:&quot;7279387&quot;,&quot;id&quot;:&quot;7279387&quot;,&quot;price&quot;:2.49,&quot;brand&quot;:&quot;Continente Seleção&quot;,&quot;category&quot;:[{&quot;category_level_1&quot;:&quot;Take-Away&quot;},{&quot;category_level_2&quot;:&quot;Massas Frescas e Noodles&quot;},{&quot;category_level_3&quot;:&quot;Massas Simples e Recheadas&quot;}],&quot;variant&quot;:&quot;&quot;}">
                    <div class="ct-inner-tile-wrap row no-gutters justify-content-center align-content-start">
                    
                    <div class="ct-image-container col-4 col-sm" data-confirmation-image="{&quot;url&quot;:&quot;https://www.continente.pt/dw/image/v2/BDVS_PRD/on/demandware.static/-/Sites-col-master-catalog/default/dw99c307cc/images/col/727/7279387-frente.jpg?sw=87&amp;sh=80&quot;,&quot;fallbackimage&quot;:{&quot;url&quot;:&quot;https://www.continente.pt/dw/image/v2/BDVS_PRD/on/demandware.static/Sites-continente-Site/-/default/dw7c42b4da/images/noimagelarge_product.png?sw=87&amp;sh=80&quot;,&quot;title&quot;:&quot;Girasoli Fresco com Pesto, Ricotta, Pecorino e Pinhões&quot;,&quot;alt&quot;:&quot;Girasoli Fresco com Pesto, Ricotta, Pecorino e Pinhões&quot;},&quot;title&quot;:&quot;Girasoli Fresco com Pesto, Ricotta, Pecorino e Pinhões&quot;,&quot;alt&quot;:&quot;Girasoli Fresco com Pesto, Ricotta, Pecorino e Pinhões&quot;}">
                    <a href="https://www.continente.pt/produto/girasoli-fresco-com-pesto-ricotta-pecorino-e-pinhoes-continente-selecao-7279387.html?cgid=home" tabindex="-1">
                    <picture class="intrinsic intrinsic--square">
                    <img class="ct-tile-image lazyloaded" loading="lazy" onerror="this.onerror=null;this.src='/on/demandware.static/Sites-continente-Site/-/default/dw7c42b4da/images/noimagelarge_product.png';" data-src="https://www.continente.pt/dw/image/v2/BDVS_PRD/on/demandware.static/-/Sites-col-master-catalog/default/dw99c307cc/images/col/727/7279387-frente.jpg?sw=280&amp;sh=280" alt="Girasoli Fresco com Pesto, Ricotta, Pecorino e Pinhões" title="Girasoli Fresco com Pesto, Ricotta, Pecorino e Pinhões" src="https://www.continente.pt/dw/image/v2/BDVS_PRD/on/demandware.static/-/Sites-col-master-catalog/default/dw99c307cc/images/col/727/7279387-frente.jpg?sw=280&amp;sh=280">
                    </picture>
                    </a>
                    <div class="color-swatches d-flex" style="margin-left: 5px;">
                    <div class="swatches d-flex">
                    </div>
                    </div>
                    </div>
                    <div class="ct-tile-body col col-sm-auto ">
                    <div class="ct-pdp-details">
                    <div class="ct-pdp-link">
                    <a class="ct-tile--description" href="https://www.continente.pt/produto/girasoli-fresco-com-pesto-ricotta-pecorino-e-pinhoes-continente-selecao-7279387.html?cgid=home" tabindex="-1">Girasoli Fresco com Pesto, Ricotta, Pecorino e Pinhões</a>
                    <div class="ct-tile--favorite-top d-sm-none">
                    <button class="wishlist-toggler guest-mode inactive button button--tertiary" data-pid="7279387" data-add-url="https://www.continente.pt/on/demandware.store/Sites-continente-Site/default/Wishlist-AddProduct?pid=7279387" data-toggle="tooltip" aria-label="Adicionar aos favoritos " data-original-title="Adicionar aos favoritos" data-placement="top" tabindex="-1">
                    <svg class="active-content" width="100%" height="100%" viewBox="0 0 20 22" fill="none" xmlns="http://www.w3.org/2000/svg">
                    <path fill-rule="evenodd" clip-rule="evenodd" d="M0 1.53052C0 0.685236 0.692171 0 1.54601 0H15.0736C15.9274 0 16.6196 0.685235 16.6196 1.53052V13.4064L15.8127 13.922L14.2658 14.2658L12.7189 13.4064L10.6054 14.3818C10.4994 14.2451 10.3327 14.157 10.1452 14.157H6.76329C6.4431 14.157 6.18354 14.414 6.18354 14.731C6.18354 15.0479 6.4431 15.3049 6.76329 15.3049H10.1452C10.2478 15.3049 10.3441 15.2785 10.4277 15.2322L10.3126 16.8439L13.2345 20.2793H1.54601C0.69217 20.2793 0 19.5941 0 18.7488V1.53052ZM6.18354 5.5483C6.18354 5.23132 6.4431 4.97436 6.76329 4.97436H12.3676C12.6878 4.97436 12.9473 5.23132 12.9473 5.5483C12.9473 5.86528 12.6878 6.12224 12.3676 6.12224H6.76329C6.4431 6.12224 6.18354 5.86528 6.18354 5.5483ZM6.76329 11.0961C6.4431 11.0961 6.18354 11.3531 6.18354 11.6701C6.18354 11.987 6.4431 12.244 6.76329 12.244H12.3676C12.6878 12.244 12.9473 11.987 12.9473 11.6701C12.9473 11.3531 12.6878 11.0961 12.3676 11.0961H6.76329ZM6.18354 8.60985C6.18354 8.29287 6.4431 8.03591 6.76329 8.03591H12.3676C12.6878 8.03591 12.9473 8.29287 12.9473 8.60985C12.9473 8.92684 12.6878 9.1838 12.3676 9.1838H6.76329C6.4431 9.1838 6.18354 8.92684 6.18354 8.60985ZM3.67118 5.5483C3.67118 5.23132 3.93075 4.97436 4.25093 4.97436H4.63743C4.95762 4.97436 5.21719 5.23132 5.21719 5.5483C5.21719 5.86528 4.95762 6.12224 4.63743 6.12224H4.25093C3.93075 6.12224 3.67118 5.86528 3.67118 5.5483ZM4.25093 11.0961C3.93075 11.0961 3.67118 11.3531 3.67118 11.6701C3.67118 11.987 3.93075 12.244 4.25093 12.244H4.63743C4.95762 12.244 5.21719 11.987 5.21719 11.6701C5.21719 11.3531 4.95762 11.0961 4.63743 11.0961H4.25093ZM3.67118 8.60985C3.67118 8.29287 3.93075 8.03591 4.25093 8.03591H4.63743C4.95762 8.03591 5.21719 8.29287 5.21719 8.60985C5.21719 8.92684 4.95762 9.1838 4.63743 9.1838H4.25093C3.93075 9.1838 3.67118 8.92684 3.67118 8.60985ZM4.25093 14.157C3.93075 14.157 3.67118 14.414 3.67118 14.731C3.67118 15.0479 3.93075 15.3049 4.25093 15.3049H4.63743C4.95762 15.3049 5.21719 15.0479 5.21719 14.731C5.21719 14.414 4.95762 14.157 4.63743 14.157H4.25093Z" fill="#EB0203"></path>
                    <path fill-rule="evenodd" clip-rule="evenodd" d="M14.6252 13.6363C13.4918 12.6215 11.7817 12.5264 10.6569 13.4792C9.12421 14.7764 9.34841 16.8912 10.4409 18.0122L14.0159 21.6742C14.2197 21.8832 14.4928 22 14.7822 22C15.0737 22 15.3448 21.8852 15.5486 21.6762L19.1236 18.0142C20.214 16.8933 20.4423 14.7785 18.9075 13.4792C17.7827 12.5283 16.0724 12.6217 14.9391 13.6365C14.8855 13.6845 14.8331 13.7345 14.7822 13.7866C14.7313 13.7345 14.6789 13.6843 14.6252 13.6363ZM18.1546 14.3522C19.0973 15.1508 18.9962 16.4896 18.2891 17.2173C18.2888 17.2175 18.2886 17.2177 18.2884 17.218L14.7832 20.8084L11.2753 17.2151C11.2752 17.215 11.2751 17.2149 11.2749 17.2148C10.5677 16.4887 10.4678 15.1495 11.4104 14.3518L11.4108 14.3514C12.0745 13.7892 13.2018 13.82 13.9488 14.5846L14.7822 15.4378L15.6157 14.5846C16.3617 13.8211 17.4896 13.79 18.1545 14.3521" fill="#EB0203"></path>
                    </svg>
                    <svg class="inactive-content" width="100%" height="100%" viewBox="0 0 20 23" fill="none" xmlns="http://www.w3.org/2000/svg">
                    <path fill-rule="evenodd" clip-rule="evenodd" d="M6.18408 5.77914C6.18408 5.46223 6.44363 5.20532 6.7638 5.20532H12.3678C12.6879 5.20532 12.9475 5.46223 12.9475 5.77914C12.9475 6.09606 12.6879 6.35297 12.3678 6.35297H6.7638C6.44363 6.35297 6.18408 6.09606 6.18408 5.77914Z" fill="#EB0203"></path>
                    <path fill-rule="evenodd" clip-rule="evenodd" d="M6.18408 11.9034C6.18408 11.5865 6.44363 11.3296 6.7638 11.3296H12.3678C12.6879 11.3296 12.9475 11.5865 12.9475 11.9034C12.9475 12.2202 12.6879 12.4771 12.3678 12.4771H6.7638C6.44363 12.4771 6.18408 12.2202 6.18408 11.9034Z" fill="#EB0203"></path>
                    <path fill-rule="evenodd" clip-rule="evenodd" d="M6.18408 8.84116C6.18408 8.52424 6.44363 8.26733 6.7638 8.26733H12.3678C12.6879 8.26733 12.9475 8.52424 12.9475 8.84116C12.9475 9.15807 12.6879 9.41498 12.3678 9.41498H6.7638C6.44363 9.41498 6.18408 9.15807 6.18408 8.84116Z" fill="#EB0203"></path>
                    <path fill-rule="evenodd" clip-rule="evenodd" d="M6.18408 14.9655C6.18408 14.6486 6.44363 14.3917 6.7638 14.3917H10.1455C10.4657 14.3917 10.7252 14.6486 10.7252 14.9655C10.7252 15.2825 10.4657 15.5394 10.1455 15.5394H6.7638C6.44363 15.5394 6.18408 15.2825 6.18408 14.9655Z" fill="#EB0203"></path>
                    <path fill-rule="evenodd" clip-rule="evenodd" d="M3.67139 5.77914C3.67139 5.46223 3.93094 5.20532 4.25111 5.20532H4.63759C4.95776 5.20532 5.21731 5.46223 5.21731 5.77914C5.21731 6.09606 4.95776 6.35297 4.63759 6.35297H4.25111C3.93094 6.35297 3.67139 6.09606 3.67139 5.77914Z" fill="#EB0203"></path>
                    <path fill-rule="evenodd" clip-rule="evenodd" d="M3.67139 11.9034C3.67139 11.5865 3.93094 11.3296 4.25111 11.3296H4.63759C4.95776 11.3296 5.21731 11.5865 5.21731 11.9034C5.21731 12.2202 4.95776 12.4771 4.63759 12.4771H4.25111C3.93094 12.4771 3.67139 12.2202 3.67139 11.9034Z" fill="#EB0203"></path>
                    <path fill-rule="evenodd" clip-rule="evenodd" d="M3.67139 8.84116C3.67139 8.52424 3.93094 8.26733 4.25111 8.26733H4.63759C4.95776 8.26733 5.21731 8.52424 5.21731 8.84116C5.21731 9.15807 4.95776 9.41498 4.63759 9.41498H4.25111C3.93094 9.41498 3.67139 9.15807 3.67139 8.84116Z" fill="#EB0203"></path>
                    <path fill-rule="evenodd" clip-rule="evenodd" d="M3.67139 14.9655C3.67139 14.6486 3.93094 14.3917 4.25111 14.3917H4.63759C4.95776 14.3917 5.21731 14.6486 5.21731 14.9655C5.21731 15.2825 4.95776 15.5394 4.63759 15.5394H4.25111C3.93094 15.5394 3.67139 15.2825 3.67139 14.9655Z" fill="#EB0203"></path>
                    <path fill-rule="evenodd" clip-rule="evenodd" d="M0 1.76033C0 0.914738 0.692131 0.229248 1.54592 0.229248H15.0727C15.9265 0.229248 16.6186 0.914738 16.6186 1.76033V11.2818C16.6186 11.5989 16.3591 11.8559 16.0389 11.8559C15.7187 11.8559 15.4592 11.5989 15.4592 11.2818V1.76033C15.4592 1.54893 15.2862 1.37756 15.0727 1.37756H1.54592C1.33247 1.37756 1.15944 1.54893 1.15944 1.76033V18.985C1.15944 19.1964 1.33247 19.3678 1.54592 19.3678H9.27551C9.59568 19.3678 9.85523 19.6249 9.85523 19.942C9.85523 20.2591 9.59568 20.5161 9.27551 20.5161H1.54592C0.692131 20.5161 0 19.8306 0 18.985V1.76033Z" fill="#EB0203"></path>
                    <path fill-rule="evenodd" clip-rule="evenodd" d="M14.6254 13.8718C13.4921 12.8567 11.7821 12.7615 10.6574 13.7147C9.12472 15.0124 9.34891 17.128 10.4413 18.2493L14.0161 21.9126C14.2199 22.1217 14.493 22.2386 14.7824 22.2386C15.0739 22.2386 15.3449 22.1238 15.5487 21.9147L19.1235 18.2514C20.2139 17.13 20.4422 15.0144 18.9075 13.7147C17.7827 12.7634 16.0726 12.8569 14.9392 13.872C14.8856 13.92 14.8333 13.9701 14.7824 14.0222C14.7314 13.97 14.6791 13.9199 14.6254 13.8718ZM18.1546 14.588C19.0972 15.3869 18.9961 16.7262 18.2891 17.4541C18.2888 17.4543 18.2886 17.4546 18.2884 17.4548L14.7834 21.0466L11.2757 17.452C11.2756 17.4519 11.2755 17.4517 11.2753 17.4516C10.5681 16.7252 10.4682 15.3856 11.4108 14.5876L11.4112 14.5872C12.0748 14.0248 13.202 14.0556 13.949 14.8205L14.7824 15.674L15.6158 14.8205C16.3618 14.0567 17.4896 14.0256 18.1545 14.5879" fill="#EB0203"></path>
                    </svg>
                    </button>
                    </div>
                    </div>
                    <p class="ct-tile--brand">Continente Seleção</p>
                    <p class="ct-tile--quantity">emb. 250 gr</p>
                    </div>
                    <div class="ct-tile-bottom row no-gutters justify-content-between">
                    <div class="ct-price-wrap col-8 col-sm-12">
                    <div class="price js-product-price">
                    <div class="prices-wrapper">
                    <span class="sales ct-tile--price-primary ">
                    <span class="value" content="2.49">
                    <span class="ct-price-formatted">
                    €2,49
                    </span>
                    <span class="ct-m-unit">
                    /un
                    </span>
                    </span>
                    </span>
                    
                    </div>
                    <div class="ct-tile--price-secondary">
                    <span class="ct-price-value">
                    €9,96
                    </span>
                    <span class="ct-m-unit">
                    /kg
                    </span>
                    </div>
                    </div>
                    </div>
                    <div class="ct-tile-buy-section d-flex justify-content-center no-gutters col-auto col-sm-12">
                    <div class="col-2 d-sm-flex d-none">
                    <button class="wishlist-toggler guest-mode inactive button button--tertiary" data-pid="7279387" data-add-url="https://www.continente.pt/on/demandware.store/Sites-continente-Site/default/Wishlist-AddProduct?pid=7279387" data-toggle="tooltip" aria-label="Adicionar aos favoritos " data-original-title="Adicionar aos favoritos" data-placement="top" tabindex="-1">
                    <svg class="active-content" width="100%" height="100%" viewBox="0 0 20 22" fill="none" xmlns="http://www.w3.org/2000/svg">
                    <path fill-rule="evenodd" clip-rule="evenodd" d="M0 1.53052C0 0.685236 0.692171 0 1.54601 0H15.0736C15.9274 0 16.6196 0.685235 16.6196 1.53052V13.4064L15.8127 13.922L14.2658 14.2658L12.7189 13.4064L10.6054 14.3818C10.4994 14.2451 10.3327 14.157 10.1452 14.157H6.76329C6.4431 14.157 6.18354 14.414 6.18354 14.731C6.18354 15.0479 6.4431 15.3049 6.76329 15.3049H10.1452C10.2478 15.3049 10.3441 15.2785 10.4277 15.2322L10.3126 16.8439L13.2345 20.2793H1.54601C0.69217 20.2793 0 19.5941 0 18.7488V1.53052ZM6.18354 5.5483C6.18354 5.23132 6.4431 4.97436 6.76329 4.97436H12.3676C12.6878 4.97436 12.9473 5.23132 12.9473 5.5483C12.9473 5.86528 12.6878 6.12224 12.3676 6.12224H6.76329C6.4431 6.12224 6.18354 5.86528 6.18354 5.5483ZM6.76329 11.0961C6.4431 11.0961 6.18354 11.3531 6.18354 11.6701C6.18354 11.987 6.4431 12.244 6.76329 12.244H12.3676C12.6878 12.244 12.9473 11.987 12.9473 11.6701C12.9473 11.3531 12.6878 11.0961 12.3676 11.0961H6.76329ZM6.18354 8.60985C6.18354 8.29287 6.4431 8.03591 6.76329 8.03591H12.3676C12.6878 8.03591 12.9473 8.29287 12.9473 8.60985C12.9473 8.92684 12.6878 9.1838 12.3676 9.1838H6.76329C6.4431 9.1838 6.18354 8.92684 6.18354 8.60985ZM3.67118 5.5483C3.67118 5.23132 3.93075 4.97436 4.25093 4.97436H4.63743C4.95762 4.97436 5.21719 5.23132 5.21719 5.5483C5.21719 5.86528 4.95762 6.12224 4.63743 6.12224H4.25093C3.93075 6.12224 3.67118 5.86528 3.67118 5.5483ZM4.25093 11.0961C3.93075 11.0961 3.67118 11.3531 3.67118 11.6701C3.67118 11.987 3.93075 12.244 4.25093 12.244H4.63743C4.95762 12.244 5.21719 11.987 5.21719 11.6701C5.21719 11.3531 4.95762 11.0961 4.63743 11.0961H4.25093ZM3.67118 8.60985C3.67118 8.29287 3.93075 8.03591 4.25093 8.03591H4.63743C4.95762 8.03591 5.21719 8.29287 5.21719 8.60985C5.21719 8.92684 4.95762 9.1838 4.63743 9.1838H4.25093C3.93075 9.1838 3.67118 8.92684 3.67118 8.60985ZM4.25093 14.157C3.93075 14.157 3.67118 14.414 3.67118 14.731C3.67118 15.0479 3.93075 15.3049 4.25093 15.3049H4.63743C4.95762 15.3049 5.21719 15.0479 5.21719 14.731C5.21719 14.414 4.95762 14.157 4.63743 14.157H4.25093Z" fill="#EB0203"></path>
                    <path fill-rule="evenodd" clip-rule="evenodd" d="M14.6252 13.6363C13.4918 12.6215 11.7817 12.5264 10.6569 13.4792C9.12421 14.7764 9.34841 16.8912 10.4409 18.0122L14.0159 21.6742C14.2197 21.8832 14.4928 22 14.7822 22C15.0737 22 15.3448 21.8852 15.5486 21.6762L19.1236 18.0142C20.214 16.8933 20.4423 14.7785 18.9075 13.4792C17.7827 12.5283 16.0724 12.6217 14.9391 13.6365C14.8855 13.6845 14.8331 13.7345 14.7822 13.7866C14.7313 13.7345 14.6789 13.6843 14.6252 13.6363ZM18.1546 14.3522C19.0973 15.1508 18.9962 16.4896 18.2891 17.2173C18.2888 17.2175 18.2886 17.2177 18.2884 17.218L14.7832 20.8084L11.2753 17.2151C11.2752 17.215 11.2751 17.2149 11.2749 17.2148C10.5677 16.4887 10.4678 15.1495 11.4104 14.3518L11.4108 14.3514C12.0745 13.7892 13.2018 13.82 13.9488 14.5846L14.7822 15.4378L15.6157 14.5846C16.3617 13.8211 17.4896 13.79 18.1545 14.3521" fill="#EB0203"></path>
                    </svg>
                    <svg class="inactive-content" width="100%" height="100%" viewBox="0 0 20 23" fill="none" xmlns="http://www.w3.org/2000/svg">
                    <path fill-rule="evenodd" clip-rule="evenodd" d="M6.18408 5.77914C6.18408 5.46223 6.44363 5.20532 6.7638 5.20532H12.3678C12.6879 5.20532 12.9475 5.46223 12.9475 5.77914C12.9475 6.09606 12.6879 6.35297 12.3678 6.35297H6.7638C6.44363 6.35297 6.18408 6.09606 6.18408 5.77914Z" fill="#EB0203"></path>
                    <path fill-rule="evenodd" clip-rule="evenodd" d="M6.18408 11.9034C6.18408 11.5865 6.44363 11.3296 6.7638 11.3296H12.3678C12.6879 11.3296 12.9475 11.5865 12.9475 11.9034C12.9475 12.2202 12.6879 12.4771 12.3678 12.4771H6.7638C6.44363 12.4771 6.18408 12.2202 6.18408 11.9034Z" fill="#EB0203"></path>
                    <path fill-rule="evenodd" clip-rule="evenodd" d="M6.18408 8.84116C6.18408 8.52424 6.44363 8.26733 6.7638 8.26733H12.3678C12.6879 8.26733 12.9475 8.52424 12.9475 8.84116C12.9475 9.15807 12.6879 9.41498 12.3678 9.41498H6.7638C6.44363 9.41498 6.18408 9.15807 6.18408 8.84116Z" fill="#EB0203"></path>
                    <path fill-rule="evenodd" clip-rule="evenodd" d="M6.18408 14.9655C6.18408 14.6486 6.44363 14.3917 6.7638 14.3917H10.1455C10.4657 14.3917 10.7252 14.6486 10.7252 14.9655C10.7252 15.2825 10.4657 15.5394 10.1455 15.5394H6.7638C6.44363 15.5394 6.18408 15.2825 6.18408 14.9655Z" fill="#EB0203"></path>
                    <path fill-rule="evenodd" clip-rule="evenodd" d="M3.67139 5.77914C3.67139 5.46223 3.93094 5.20532 4.25111 5.20532H4.63759C4.95776 5.20532 5.21731 5.46223 5.21731 5.77914C5.21731 6.09606 4.95776 6.35297 4.63759 6.35297H4.25111C3.93094 6.35297 3.67139 6.09606 3.67139 5.77914Z" fill="#EB0203"></path>
                    <path fill-rule="evenodd" clip-rule="evenodd" d="M3.67139 11.9034C3.67139 11.5865 3.93094 11.3296 4.25111 11.3296H4.63759C4.95776 11.3296 5.21731 11.5865 5.21731 11.9034C5.21731 12.2202 4.95776 12.4771 4.63759 12.4771H4.25111C3.93094 12.4771 3.67139 12.2202 3.67139 11.9034Z" fill="#EB0203"></path>
                    <path fill-rule="evenodd" clip-rule="evenodd" d="M3.67139 8.84116C3.67139 8.52424 3.93094 8.26733 4.25111 8.26733H4.63759C4.95776 8.26733 5.21731 8.52424 5.21731 8.84116C5.21731 9.15807 4.95776 9.41498 4.63759 9.41498H4.25111C3.93094 9.41498 3.67139 9.15807 3.67139 8.84116Z" fill="#EB0203"></path>
                    <path fill-rule="evenodd" clip-rule="evenodd" d="M3.67139 14.9655C3.67139 14.6486 3.93094 14.3917 4.25111 14.3917H4.63759C4.95776 14.3917 5.21731 14.6486 5.21731 14.9655C5.21731 15.2825 4.95776 15.5394 4.63759 15.5394H4.25111C3.93094 15.5394 3.67139 15.2825 3.67139 14.9655Z" fill="#EB0203"></path>
                    <path fill-rule="evenodd" clip-rule="evenodd" d="M0 1.76033C0 0.914738 0.692131 0.229248 1.54592 0.229248H15.0727C15.9265 0.229248 16.6186 0.914738 16.6186 1.76033V11.2818C16.6186 11.5989 16.3591 11.8559 16.0389 11.8559C15.7187 11.8559 15.4592 11.5989 15.4592 11.2818V1.76033C15.4592 1.54893 15.2862 1.37756 15.0727 1.37756H1.54592C1.33247 1.37756 1.15944 1.54893 1.15944 1.76033V18.985C1.15944 19.1964 1.33247 19.3678 1.54592 19.3678H9.27551C9.59568 19.3678 9.85523 19.6249 9.85523 19.942C9.85523 20.2591 9.59568 20.5161 9.27551 20.5161H1.54592C0.692131 20.5161 0 19.8306 0 18.985V1.76033Z" fill="#EB0203"></path>
                    <path fill-rule="evenodd" clip-rule="evenodd" d="M14.6254 13.8718C13.4921 12.8567 11.7821 12.7615 10.6574 13.7147C9.12472 15.0124 9.34891 17.128 10.4413 18.2493L14.0161 21.9126C14.2199 22.1217 14.493 22.2386 14.7824 22.2386C15.0739 22.2386 15.3449 22.1238 15.5487 21.9147L19.1235 18.2514C20.2139 17.13 20.4422 15.0144 18.9075 13.7147C17.7827 12.7634 16.0726 12.8569 14.9392 13.872C14.8856 13.92 14.8333 13.9701 14.7824 14.0222C14.7314 13.97 14.6791 13.9199 14.6254 13.8718ZM18.1546 14.588C19.0972 15.3869 18.9961 16.7262 18.2891 17.4541C18.2888 17.4543 18.2886 17.4546 18.2884 17.4548L14.7834 21.0466L11.2757 17.452C11.2756 17.4519 11.2755 17.4517 11.2753 17.4516C10.5681 16.7252 10.4682 15.3856 11.4108 14.5876L11.4112 14.5872C12.0748 14.0248 13.202 14.0556 13.949 14.8205L14.7824 15.674L15.6158 14.8205C16.3618 14.0567 17.4896 14.0256 18.1545 14.5879" fill="#EB0203"></path>
                    </svg>
                    </button>
                    </div>
                    <div class="col-sm-10 col-12">
                    
                    <div class="ct-tile-quantity d-none" data-pid="7279387">
                    <input type="hidden" class="add-to-cart-url" value="https://www.continente.pt/on/demandware.store/Sites-continente-Site/default/Cart-AddProduct" tabindex="-1">
                    <div class="d-none tile-delete-confirmation-btn" data-pid="7279387" data-delay-time="3000" data-in-cart-msg="no carrinho" data-one-product-added="Adicionado ao carrinho" data-remove-from-cart-msg="Removido do carrinho" data-stay-open="6000.0" data-confirmation-image="{&quot;url&quot;:&quot;https://www.continente.pt/dw/image/v2/BDVS_PRD/on/demandware.static/-/Sites-col-master-catalog/default/dw99c307cc/images/col/727/7279387-frente.jpg?sw=87&amp;sh=80&quot;,&quot;fallbackimage&quot;:{&quot;url&quot;:&quot;https://www.continente.pt/dw/image/v2/BDVS_PRD/on/demandware.static/Sites-continente-Site/-/default/dw7c42b4da/images/noimagelarge_product.png?sw=87&amp;sh=80&quot;,&quot;title&quot;:&quot;Girasoli Fresco com Pesto, Ricotta, Pecorino e Pinhões&quot;,&quot;alt&quot;:&quot;Girasoli Fresco com Pesto, Ricotta, Pecorino e Pinhões&quot;},&quot;title&quot;:&quot;Girasoli Fresco com Pesto, Ricotta, Pecorino e Pinhões&quot;,&quot;alt&quot;:&quot;Girasoli Fresco com Pesto, Ricotta, Pecorino e Pinhões&quot;}"></div>
                    <div class="ct-tile-quantity-update quantity-update product-qty-vue" data-remove-action="https://www.continente.pt/on/demandware.store/Sites-continente-Site/default/Cart-RemoveProductLineItem" data-action="https://www.continente.pt/on/demandware.store/Sites-continente-Site/default/Cart-UpdateQuantity" data-dimension-update="https://www.continente.pt/on/demandware.store/Sites-continente-Site/default/Cart-DimensionUpdate" data-pid="7279387" data-uuid="1251c61f7c36fb51e3d0fb8f3b" data-add-delay="500.0" data-measure-options="{&quot;hasConversionRate&quot;:true,&quot;hasAlternativeSaleUnit&quot;:false,&quot;primaryToSecondary&quot;:1,&quot;secondaryToPrimary&quot;:1,&quot;unitConversionRate&quot;:1,&quot;minOrderQuantity&quot;:1,&quot;stepQuantity&quot;:1,&quot;primaryunit&quot;:&quot;un&quot;,&quot;secondaryunit&quot;:&quot;kg&quot;,&quot;selectedunit&quot;:&quot;primary&quot;,&quot;maxNumberOfUnitsPerSale&quot;:50}" data-price-available="null" :data-has-error="isMaxQtyReached || isMinQtyReached || qtySelectedMoreThanOne">
                    <template v-show="prodUnits">
                    <div class="quantity-input-wrapper has-units">
                    <label class="visually-hidden" :for="'quantity-' + pid + additionalTag">
                    Quantidade no carrinho
                    </label>
                    <input :ref="'quantityInput-' + pid + additionalTag" class="add-to-cart-quantity form-control ct-form-input text-center" inputmode="numeric" :class="{'is-invalid': isInvalid}" :data-pid="pid + additionalTag" :name="'quantity-' + pid + additionalTag" type="text" aria-label="Insira a quantidade" title="" v-model="displayValue" @change="updateQuantity" @focus="updateQtyFormat" @blur="restoreQtyFormat" :disabled="!isPriceAvailable">
                    <span class="quantity-icon quantity-icon--minus">
                    <button class="decrease-quantity-btn" @click="updateQuantity" :disabled="!isPriceAvailable" role="button" aria-label="Reduzir quantidade">
                    <i class="css-math-minus"></i>
                    </button>
                    </span>
                    <span class="quantity-icon quantity-icon--plus">
                    <button class="increase-quantity-btn" @click="updateQuantity" :disabled="isMaxQtyReached || !isPriceAvailable" role="button" aria-label="Aumentar quantidade">
                    <i class="css-math-plus"></i>
                    </button>
                    <span class="quantity-btn-disabled-placeholder"></span>
                    </span>
                    <template v-if="isPDP">
                    <span class="quantity-error ct-span-error text-sm-center product-max-allocation" v-if="isMaxQtyReached">
                    Quantidade máxima atingida
                    </span>
                    <span class="quantity-error ct-span-product text-sm-center product-allocation" v-if="!isMinQtyReached &amp;&amp; !isMaxQtyReached">
                    {{quantitySelected}} no carrinho
                    </span>
                    <span class="quantity-error ct-span-error text-sm-center product-min-allocation" :data-pid="pid" v-if="isMinQtyReached &amp;&amp; !isMaxQtyReached">
                    Quantidade mínima atingida
                    </span>
                    </template>
                    </div>
                    <template v-if="showNotes">
                    <div class="add-note-link-container ">
                    <div class="add-note">
                    <a href="/produto/girasoli-fresco-com-pesto-ricotta-pecorino-e-pinhoes-continente-selecao-7279387.html?showNote=true" class="ct-add-note-redirect-pdp" aria-label="Adicionar comentário">
                    <span class="svg-wrapper svg-icon-notes" style="width:19px; height:20px">
                    <svg class="svg-inline icon-notes" viewBox="0 0 28 30" xmlns="http://www.w3.org/2000/svg" width="100%" height="100%"><path d="M21.738 0C22.985 0 24 1.04 24 2.319V12.47c0 .469-.37.848-.828.848-.457 0-.827-.38-.827-.848V2.32c0-.343-.273-.622-.607-.622H2.262c-.334 0-.607.279-.607.622V27.68c0 .343.273.622.607.622h7.81c.457 0 .827.38.827.849 0 .468-.37.848-.827.848h-7.81C1.015 30 0 28.96 0 27.681V2.32C0 1.04 1.015 0 2.262 0h19.476zm2.844 16.004l.227.007c.823.053 1.589.39 2.176.964.64.627.993 1.46.993 2.349 0 .888-.353 1.722-.993 2.348l-6.83 6.665c-.11.108-.247.186-.397.226l-5.032 1.363c-.078.021-.16.032-.241.032-.242 0-.478-.097-.647-.266-.23-.231-.314-.566-.218-.874l1.49-4.798c.044-.139.122-.266.227-.369l6.844-6.677c.64-.625 1.493-.97 2.401-.97zm-2.886 3.94l-4.922 4.802-.947 3.048 3.22-.872 4.897-4.78-2.248-2.197zm2.887-2.174c-.425 0-.824.162-1.124.455l-.484.472 2.248 2.197.484-.472c.62-.606.62-1.591 0-2.197l-.117-.104c-.283-.227-.636-.35-1.007-.35zm-10.839.022c.498 0 .904.396.904.883 0 .488-.406.884-.904.884H5.946c-.499 0-.904-.396-.904-.884 0-.487.405-.883.904-.883zm5.042-4.876c.498 0 .904.397.904.884s-.406.884-.904.884H5.946c-.499 0-.904-.397-.904-.884s.405-.884.904-.884zm0-4.875c.498 0 .904.396.904.884 0 .487-.406.883-.904.883H5.946c-.499 0-.904-.396-.904-.883 0-.488.405-.884.904-.884z" fill="#EB0203" fill-rule="evenodd"></path></svg>
                    </span>
                    <div class="available-note d-none"></div>
                    </a>
                    </div>
                    </div>
                    </template>
                    <div class="measurement-unit-section" v-if="isPriceAvailable &amp;&amp; prodUnits ? prodUnits.hasAlternativeUnit : false">
                    <div class="ct-form-radio" @click="setDimension">
                    <input type="radio" title="" class="ct-form-check-input product-measurement-unit" :data-type="prodUnits.selectedUnit == prodUnits.secondaryUnit ? 'primary' : ''" :id="prodUnits.secondaryUnit + '-' + pid + '-measurement-unit-ptile' + additionalTag" :name="'measurement-unit-' + pid + '-ptile' + additionalTag" :value="prodUnits.secondaryUnit" v-model="prodUnits.selectedUnit">
                    <label :class="prodUnits.secondaryUnit + '-label ct-form-check-label mb-0'" :for="prodUnits.secondaryUnit + '-' + pid + '-measurement-unit-ptile' + additionalTag">
                    {{prodUnits.secondaryUnit}}
                    </label>
                    <span class="checkmark"></span>
                    </div>
                    <div class="ct-form-radio" @click="setDimension">
                    <input type="radio" title="" class="ct-form-check-input product-measurement-unit" :data-type="prodUnits.selectedUnit == prodUnits.primaryUnit ? 'primary' : ''" :id="prodUnits.primaryUnit + '-' + pid + '-measurement-unit-ptile' + additionalTag" :name="'measurement-unit-' + pid + '-ptile' + additionalTag" :value="prodUnits.primaryUnit" v-model="prodUnits.selectedUnit">
                    <label :class="prodUnits.primaryUnit + '-label ct-form-check-label mb-0'" :for="prodUnits.primaryUnit + '-' + pid + '-measurement-unit-ptile' + additionalTag">
                    {{prodUnits.primaryUnit}}
                    </label>
                    <span class="checkmark"></span>
                    </div>
                    </div>
                    <template v-if="!isPDP &amp;&amp; isPriceAvailable">
                    <span class="quantity-error ct-span-error product-max-allocation" v-if="isMaxQtyReached">
                    Quantidade máxima atingida
                    </span>
                    <span class="quantity-error ct-span-product product-allocation" v-if="!isMinQtyReached &amp;&amp; !isMaxQtyReached">
                    {{quantitySelected}} no carrinho
                    </span>
                    <span class="quantity-error ct-span-error product-min-allocation" :data-pid="pid" v-if="isMinQtyReached &amp;&amp; !isMaxQtyReached">
                    Quantidade mínima atingida
                    </span>
                    </template>
                    </template>
                    </div>
                    <input class="quantity-value-mask d-none" name="quantity" type="number" min="0" value="" tabindex="-1">
                    </div>
                    <button type="button" class="add-to-cart button js-add-to-cart js-add-to-cart-tile 7279387 button--primary dynamic-layout-btn" data-toggle="modal" data-target="#chooseBonusProductModal" data-pid="7279387" data-quantity-value="null" aria-label="Carrinho" tabindex="-1">
                    <span class="d-block d-sm-none">
                    <span class="svg-wrapper svg-icon-cart" style="width:20px; height:20px">
                    <svg class="svg-inline icon-cart" xmlns="http://www.w3.org/2000/svg" viewBox="0 0 500 500" width="100%" height="100%"><path fill="#EB0203" fill-rule="evenodd" d="M 485.67317,94.386311 C 476.37798,83.847129 463.09468,78.03348 448.30404,78.03348 H 90.690813 L 87.079511,51.327997 C 83.185582,22.539551 62.962285,0 41.011841,0 H 14.727836 C 6.563151,0 0,6.5286975 0,14.580758 c 0,8.05206 6.5945535,14.580758 14.727836,14.580758 h 26.284005 c 4.710398,0 14.696435,9.855222 16.894619,26.021523 L 100.01739,368.0631 c 1.88416,13.77244 9.01256,26.70549 20.1605,36.37417 8.25889,7.15046 18.02511,11.9071 28.26237,13.89679 -4.17655,7.58572 -6.53175,16.25957 -6.53175,25.493 0,29.53459 24.27424,53.59751 54.13815,53.59751 29.8325,0 54.13814,-24.03184 54.13814,-53.59751 0,-8.79818 -2.19818,-17.09897 -5.9979,-24.43598 h 77.12488 c -3.79973,7.33701 -5.96652,15.6378 -5.96652,24.43598 0,29.53459 24.27424,53.59751 54.13817,53.59751 29.83249,0 54.13814,-24.03184 54.13814,-53.59751 0,-8.79818 -2.1982,-17.09897 -5.9979,-24.43598 h 38.56243 c 8.13328,0 14.72783,-6.5287 14.72783,-14.61183 0,-8.02098 -6.59455,-14.54967 -14.72783,-14.54967 H 159.24277 c -14.38241,0 -28.13677,-11.90711 -30.02092,-26.02153 l -3.07746,-22.88154 h 290.6314 c 14.03698,0 27.94834,-5.28513 39.06488,-14.95381 11.11652,-9.6376 18.27632,-22.57065 20.16048,-36.37417 l 21.10259,-156.78201 c 1.94694,-14.51858 -2.10398,-28.29103 -11.43057,-38.861299 z M 220.76053,443.82706 c 0,13.49265 -11.08513,24.46709 -24.68247,24.46709 -13.62874,0 -24.71387,-10.97444 -24.71387,-24.46709 0,-13.49262 11.08513,-24.43598 24.71387,-24.43598 13.59734,0 24.68247,10.94336 24.68247,24.43598 z m 173.43675,0 c 0,13.49265 -11.08512,24.46709 -24.68245,24.46709 -13.62876,0 -24.71388,-10.97444 -24.71388,-24.46709 0,-13.49262 11.08512,-24.43598 24.71388,-24.43598 13.59733,0 24.68245,10.94336 24.68245,24.43598 z m 73.7648,-314.46558 -21.13397,156.782 c -1.88416,14.11442 -15.63851,26.05261 -30.02091,26.05261 H 122.25046 L 94.616142,107.19499 H 448.33544 c 6.18632,0 11.61896,2.2695 15.23028,6.37326 3.64269,4.13484 5.21283,9.73086 4.39636,15.79323 z"></path></svg>
                    </span>
                    </span>
                    <span class="add-to-cart--text d-none d-sm-block">Carrinho</span>
                    </button>
                    </div>
                    </div>
                    </div>
                    </div>
                    
                    <div class="col-12 d-sm-none">
                    </div>
                    </div>
                    </div>
                    </div>
                    </div><div class="pd-tile-wrap slick-slide slick-cloned" data-idx="11" style="width: 276px; height: auto;" data-slick-index="27" id="" aria-hidden="true" tabindex="-1">
                    
                    <script type="text/javascript">//<!--
                    /* <![CDATA[ */
                    (function(){
                    try {
                        if(window.CQuotient) {
                            var cq_params = {};
                            cq_params.cookieId = window.CQuotient.getCQCookieId();
                            cq_params.userId = window.CQuotient.getCQUserId();
                            cq_params.emailId = CQuotient.getCQHashedEmail();
                            cq_params.loginId = CQuotient.getCQHashedLogin();
                            cq_params.accumulate = true;
                            cq_params.products = [{
                                id: '4999531',
                                sku: '',
                                type: '',
                                alt_id: ''
                            }];
                            cq_params.recommenderName = '__UNDEFINED__';
                            cq_params.realm = "BDVS";
                            cq_params.siteId = "continente";
                            cq_params.instanceType = "prd";
                            cq_params.locale = window.CQuotient.locale;
                            cq_params.slotId = '';
                            cq_params.slotConfigId = '';
                            cq_params.slotConfigTemplate = '';
                            if(window.CQuotient.sendActivity)
                                window.CQuotient.sendActivity( CQuotient.clientId, 'viewReco', cq_params );
                            else
                                window.CQuotient.activities.push( {activityType: 'viewReco', parameters: cq_params} );
                        }
                    } catch(err) {}
                    })();
                    /* ]]> */
                    // -->
                    </script>
                    <script type="text/javascript">//<!--
                    /* <![CDATA[ (viewProduct-active_data.js) */
                    dw.ac._capture({id: "4999531", type: "recommendation"});
                    /* ]]> */
                    // -->
                    </script>
                    <div class="product" data-pid="4999531">
                    <div class="product-tile pid-4999531   ct-product-tile " data-delay-time="3000" data-variants-mapping="[]" data-in-cart-msg="no carrinho" data-one-product-added="Adicionado ao carrinho" data-remove-from-cart-msg="Removido do carrinho" data-stay-open="6000.0" data-product-tile-impression="{&quot;name&quot;:&quot;4999531&quot;,&quot;id&quot;:&quot;4999531&quot;,&quot;price&quot;:2.29,&quot;brand&quot;:&quot;Continente Fácil &amp; Bom&quot;,&quot;category&quot;:[{&quot;category_level_1&quot;:&quot;Take-Away&quot;},{&quot;category_level_2&quot;:&quot;Hambúrgueres&quot;},{&quot;category_level_3&quot;:&quot;Pronto a Comer&quot;}],&quot;variant&quot;:&quot;&quot;}">
                    <div class="ct-inner-tile-wrap row no-gutters justify-content-center align-content-start">
                    
                    <div class="ct-image-container col-4 col-sm" data-confirmation-image="{&quot;url&quot;:&quot;https://www.continente.pt/dw/image/v2/BDVS_PRD/on/demandware.static/-/Sites-col-master-catalog/default/dw3bb38f2a/images/col/499/4999531-frente.jpg?sw=87&amp;sh=80&quot;,&quot;fallbackimage&quot;:{&quot;url&quot;:&quot;https://www.continente.pt/dw/image/v2/BDVS_PRD/on/demandware.static/Sites-continente-Site/-/default/dw7c42b4da/images/noimagelarge_product.png?sw=87&amp;sh=80&quot;,&quot;title&quot;:&quot;Hambúrguer de Aves com Queijo Gouda&quot;,&quot;alt&quot;:&quot;Hambúrguer de Aves com Queijo Gouda&quot;},&quot;title&quot;:&quot;Hambúrguer de Aves com Queijo Gouda&quot;,&quot;alt&quot;:&quot;Hambúrguer de Aves com Queijo Gouda&quot;}">
                    <a href="https://www.continente.pt/produto/hamburguer-de-aves-com-queijo-gouda-continente-facil-bom-4999531.html?cgid=home" tabindex="-1">
                    <picture class="intrinsic intrinsic--square">
                    <img class="ct-tile-image lazyloaded" loading="lazy" onerror="this.onerror=null;this.src='/on/demandware.static/Sites-continente-Site/-/default/dw7c42b4da/images/noimagelarge_product.png';" data-src="https://www.continente.pt/dw/image/v2/BDVS_PRD/on/demandware.static/-/Sites-col-master-catalog/default/dw3bb38f2a/images/col/499/4999531-frente.jpg?sw=280&amp;sh=280" alt="Hambúrguer de Aves com Queijo Gouda" title="Hambúrguer de Aves com Queijo Gouda" src="https://www.continente.pt/dw/image/v2/BDVS_PRD/on/demandware.static/-/Sites-col-master-catalog/default/dw3bb38f2a/images/col/499/4999531-frente.jpg?sw=280&amp;sh=280">
                    </picture>
                    </a>
                    <div class="color-swatches d-flex" style="margin-left: 5px;">
                    <div class="swatches d-flex">
                    </div>
                    </div>
                    </div>
                    <div class="ct-tile-body col col-sm-auto ">
                    <div class="ct-pdp-details">
                    <div class="ct-pdp-link">
                    <a class="ct-tile--description" href="https://www.continente.pt/produto/hamburguer-de-aves-com-queijo-gouda-continente-facil-bom-4999531.html?cgid=home" tabindex="-1">Hambúrguer de Aves com Queijo Gouda</a>
                    <div class="ct-tile--favorite-top d-sm-none">
                    <button class="wishlist-toggler guest-mode inactive button button--tertiary" data-pid="4999531" data-add-url="https://www.continente.pt/on/demandware.store/Sites-continente-Site/default/Wishlist-AddProduct?pid=4999531" data-toggle="tooltip" aria-label="Adicionar aos favoritos " data-original-title="Adicionar aos favoritos" data-placement="top" tabindex="-1">
                    <svg class="active-content" width="100%" height="100%" viewBox="0 0 20 22" fill="none" xmlns="http://www.w3.org/2000/svg">
                    <path fill-rule="evenodd" clip-rule="evenodd" d="M0 1.53052C0 0.685236 0.692171 0 1.54601 0H15.0736C15.9274 0 16.6196 0.685235 16.6196 1.53052V13.4064L15.8127 13.922L14.2658 14.2658L12.7189 13.4064L10.6054 14.3818C10.4994 14.2451 10.3327 14.157 10.1452 14.157H6.76329C6.4431 14.157 6.18354 14.414 6.18354 14.731C6.18354 15.0479 6.4431 15.3049 6.76329 15.3049H10.1452C10.2478 15.3049 10.3441 15.2785 10.4277 15.2322L10.3126 16.8439L13.2345 20.2793H1.54601C0.69217 20.2793 0 19.5941 0 18.7488V1.53052ZM6.18354 5.5483C6.18354 5.23132 6.4431 4.97436 6.76329 4.97436H12.3676C12.6878 4.97436 12.9473 5.23132 12.9473 5.5483C12.9473 5.86528 12.6878 6.12224 12.3676 6.12224H6.76329C6.4431 6.12224 6.18354 5.86528 6.18354 5.5483ZM6.76329 11.0961C6.4431 11.0961 6.18354 11.3531 6.18354 11.6701C6.18354 11.987 6.4431 12.244 6.76329 12.244H12.3676C12.6878 12.244 12.9473 11.987 12.9473 11.6701C12.9473 11.3531 12.6878 11.0961 12.3676 11.0961H6.76329ZM6.18354 8.60985C6.18354 8.29287 6.4431 8.03591 6.76329 8.03591H12.3676C12.6878 8.03591 12.9473 8.29287 12.9473 8.60985C12.9473 8.92684 12.6878 9.1838 12.3676 9.1838H6.76329C6.4431 9.1838 6.18354 8.92684 6.18354 8.60985ZM3.67118 5.5483C3.67118 5.23132 3.93075 4.97436 4.25093 4.97436H4.63743C4.95762 4.97436 5.21719 5.23132 5.21719 5.5483C5.21719 5.86528 4.95762 6.12224 4.63743 6.12224H4.25093C3.93075 6.12224 3.67118 5.86528 3.67118 5.5483ZM4.25093 11.0961C3.93075 11.0961 3.67118 11.3531 3.67118 11.6701C3.67118 11.987 3.93075 12.244 4.25093 12.244H4.63743C4.95762 12.244 5.21719 11.987 5.21719 11.6701C5.21719 11.3531 4.95762 11.0961 4.63743 11.0961H4.25093ZM3.67118 8.60985C3.67118 8.29287 3.93075 8.03591 4.25093 8.03591H4.63743C4.95762 8.03591 5.21719 8.29287 5.21719 8.60985C5.21719 8.92684 4.95762 9.1838 4.63743 9.1838H4.25093C3.93075 9.1838 3.67118 8.92684 3.67118 8.60985ZM4.25093 14.157C3.93075 14.157 3.67118 14.414 3.67118 14.731C3.67118 15.0479 3.93075 15.3049 4.25093 15.3049H4.63743C4.95762 15.3049 5.21719 15.0479 5.21719 14.731C5.21719 14.414 4.95762 14.157 4.63743 14.157H4.25093Z" fill="#EB0203"></path>
                    <path fill-rule="evenodd" clip-rule="evenodd" d="M14.6252 13.6363C13.4918 12.6215 11.7817 12.5264 10.6569 13.4792C9.12421 14.7764 9.34841 16.8912 10.4409 18.0122L14.0159 21.6742C14.2197 21.8832 14.4928 22 14.7822 22C15.0737 22 15.3448 21.8852 15.5486 21.6762L19.1236 18.0142C20.214 16.8933 20.4423 14.7785 18.9075 13.4792C17.7827 12.5283 16.0724 12.6217 14.9391 13.6365C14.8855 13.6845 14.8331 13.7345 14.7822 13.7866C14.7313 13.7345 14.6789 13.6843 14.6252 13.6363ZM18.1546 14.3522C19.0973 15.1508 18.9962 16.4896 18.2891 17.2173C18.2888 17.2175 18.2886 17.2177 18.2884 17.218L14.7832 20.8084L11.2753 17.2151C11.2752 17.215 11.2751 17.2149 11.2749 17.2148C10.5677 16.4887 10.4678 15.1495 11.4104 14.3518L11.4108 14.3514C12.0745 13.7892 13.2018 13.82 13.9488 14.5846L14.7822 15.4378L15.6157 14.5846C16.3617 13.8211 17.4896 13.79 18.1545 14.3521" fill="#EB0203"></path>
                    </svg>
                    <svg class="inactive-content" width="100%" height="100%" viewBox="0 0 20 23" fill="none" xmlns="http://www.w3.org/2000/svg">
                    <path fill-rule="evenodd" clip-rule="evenodd" d="M6.18408 5.77914C6.18408 5.46223 6.44363 5.20532 6.7638 5.20532H12.3678C12.6879 5.20532 12.9475 5.46223 12.9475 5.77914C12.9475 6.09606 12.6879 6.35297 12.3678 6.35297H6.7638C6.44363 6.35297 6.18408 6.09606 6.18408 5.77914Z" fill="#EB0203"></path>
                    <path fill-rule="evenodd" clip-rule="evenodd" d="M6.18408 11.9034C6.18408 11.5865 6.44363 11.3296 6.7638 11.3296H12.3678C12.6879 11.3296 12.9475 11.5865 12.9475 11.9034C12.9475 12.2202 12.6879 12.4771 12.3678 12.4771H6.7638C6.44363 12.4771 6.18408 12.2202 6.18408 11.9034Z" fill="#EB0203"></path>
                    <path fill-rule="evenodd" clip-rule="evenodd" d="M6.18408 8.84116C6.18408 8.52424 6.44363 8.26733 6.7638 8.26733H12.3678C12.6879 8.26733 12.9475 8.52424 12.9475 8.84116C12.9475 9.15807 12.6879 9.41498 12.3678 9.41498H6.7638C6.44363 9.41498 6.18408 9.15807 6.18408 8.84116Z" fill="#EB0203"></path>
                    <path fill-rule="evenodd" clip-rule="evenodd" d="M6.18408 14.9655C6.18408 14.6486 6.44363 14.3917 6.7638 14.3917H10.1455C10.4657 14.3917 10.7252 14.6486 10.7252 14.9655C10.7252 15.2825 10.4657 15.5394 10.1455 15.5394H6.7638C6.44363 15.5394 6.18408 15.2825 6.18408 14.9655Z" fill="#EB0203"></path>
                    <path fill-rule="evenodd" clip-rule="evenodd" d="M3.67139 5.77914C3.67139 5.46223 3.93094 5.20532 4.25111 5.20532H4.63759C4.95776 5.20532 5.21731 5.46223 5.21731 5.77914C5.21731 6.09606 4.95776 6.35297 4.63759 6.35297H4.25111C3.93094 6.35297 3.67139 6.09606 3.67139 5.77914Z" fill="#EB0203"></path>
                    <path fill-rule="evenodd" clip-rule="evenodd" d="M3.67139 11.9034C3.67139 11.5865 3.93094 11.3296 4.25111 11.3296H4.63759C4.95776 11.3296 5.21731 11.5865 5.21731 11.9034C5.21731 12.2202 4.95776 12.4771 4.63759 12.4771H4.25111C3.93094 12.4771 3.67139 12.2202 3.67139 11.9034Z" fill="#EB0203"></path>
                    <path fill-rule="evenodd" clip-rule="evenodd" d="M3.67139 8.84116C3.67139 8.52424 3.93094 8.26733 4.25111 8.26733H4.63759C4.95776 8.26733 5.21731 8.52424 5.21731 8.84116C5.21731 9.15807 4.95776 9.41498 4.63759 9.41498H4.25111C3.93094 9.41498 3.67139 9.15807 3.67139 8.84116Z" fill="#EB0203"></path>
                    <path fill-rule="evenodd" clip-rule="evenodd" d="M3.67139 14.9655C3.67139 14.6486 3.93094 14.3917 4.25111 14.3917H4.63759C4.95776 14.3917 5.21731 14.6486 5.21731 14.9655C5.21731 15.2825 4.95776 15.5394 4.63759 15.5394H4.25111C3.93094 15.5394 3.67139 15.2825 3.67139 14.9655Z" fill="#EB0203"></path>
                    <path fill-rule="evenodd" clip-rule="evenodd" d="M0 1.76033C0 0.914738 0.692131 0.229248 1.54592 0.229248H15.0727C15.9265 0.229248 16.6186 0.914738 16.6186 1.76033V11.2818C16.6186 11.5989 16.3591 11.8559 16.0389 11.8559C15.7187 11.8559 15.4592 11.5989 15.4592 11.2818V1.76033C15.4592 1.54893 15.2862 1.37756 15.0727 1.37756H1.54592C1.33247 1.37756 1.15944 1.54893 1.15944 1.76033V18.985C1.15944 19.1964 1.33247 19.3678 1.54592 19.3678H9.27551C9.59568 19.3678 9.85523 19.6249 9.85523 19.942C9.85523 20.2591 9.59568 20.5161 9.27551 20.5161H1.54592C0.692131 20.5161 0 19.8306 0 18.985V1.76033Z" fill="#EB0203"></path>
                    <path fill-rule="evenodd" clip-rule="evenodd" d="M14.6254 13.8718C13.4921 12.8567 11.7821 12.7615 10.6574 13.7147C9.12472 15.0124 9.34891 17.128 10.4413 18.2493L14.0161 21.9126C14.2199 22.1217 14.493 22.2386 14.7824 22.2386C15.0739 22.2386 15.3449 22.1238 15.5487 21.9147L19.1235 18.2514C20.2139 17.13 20.4422 15.0144 18.9075 13.7147C17.7827 12.7634 16.0726 12.8569 14.9392 13.872C14.8856 13.92 14.8333 13.9701 14.7824 14.0222C14.7314 13.97 14.6791 13.9199 14.6254 13.8718ZM18.1546 14.588C19.0972 15.3869 18.9961 16.7262 18.2891 17.4541C18.2888 17.4543 18.2886 17.4546 18.2884 17.4548L14.7834 21.0466L11.2757 17.452C11.2756 17.4519 11.2755 17.4517 11.2753 17.4516C10.5681 16.7252 10.4682 15.3856 11.4108 14.5876L11.4112 14.5872C12.0748 14.0248 13.202 14.0556 13.949 14.8205L14.7824 15.674L15.6158 14.8205C16.3618 14.0567 17.4896 14.0256 18.1545 14.5879" fill="#EB0203"></path>
                    </svg>
                    </button>
                    </div>
                    </div>
                    <p class="ct-tile--brand">Continente Fácil &amp; Bom</p>
                    <p class="ct-tile--quantity">emb. 250 gr (2 un)</p>
                    </div>
                    <div class="ct-tile-bottom row no-gutters justify-content-between">
                    <div class="ct-price-wrap col-8 col-sm-12">
                    <div class="price js-product-price">
                    <div class="prices-wrapper">
                    <span class="sales ct-tile--price-primary ">
                    <span class="value" content="2.29">
                    <span class="ct-price-formatted">
                    €2,29
                    </span>
                    <span class="ct-m-unit">
                    /un
                    </span>
                    </span>
                    </span>
                    </div>
                    <div class="ct-tile--price-secondary">
                    <span class="ct-price-value">
                    €9,16
                    </span>
                    <span class="ct-m-unit">
                    /kg
                    </span>
                    </div>
                    </div>
                    </div>
                    <div class="ct-tile-buy-section d-flex justify-content-center no-gutters col-auto col-sm-12">
                    <div class="col-2 d-sm-flex d-none">
                    <button class="wishlist-toggler guest-mode inactive button button--tertiary" data-pid="4999531" data-add-url="https://www.continente.pt/on/demandware.store/Sites-continente-Site/default/Wishlist-AddProduct?pid=4999531" data-toggle="tooltip" aria-label="Adicionar aos favoritos " data-original-title="Adicionar aos favoritos" data-placement="top" tabindex="-1">
                    <svg class="active-content" width="100%" height="100%" viewBox="0 0 20 22" fill="none" xmlns="http://www.w3.org/2000/svg">
                    <path fill-rule="evenodd" clip-rule="evenodd" d="M0 1.53052C0 0.685236 0.692171 0 1.54601 0H15.0736C15.9274 0 16.6196 0.685235 16.6196 1.53052V13.4064L15.8127 13.922L14.2658 14.2658L12.7189 13.4064L10.6054 14.3818C10.4994 14.2451 10.3327 14.157 10.1452 14.157H6.76329C6.4431 14.157 6.18354 14.414 6.18354 14.731C6.18354 15.0479 6.4431 15.3049 6.76329 15.3049H10.1452C10.2478 15.3049 10.3441 15.2785 10.4277 15.2322L10.3126 16.8439L13.2345 20.2793H1.54601C0.69217 20.2793 0 19.5941 0 18.7488V1.53052ZM6.18354 5.5483C6.18354 5.23132 6.4431 4.97436 6.76329 4.97436H12.3676C12.6878 4.97436 12.9473 5.23132 12.9473 5.5483C12.9473 5.86528 12.6878 6.12224 12.3676 6.12224H6.76329C6.4431 6.12224 6.18354 5.86528 6.18354 5.5483ZM6.76329 11.0961C6.4431 11.0961 6.18354 11.3531 6.18354 11.6701C6.18354 11.987 6.4431 12.244 6.76329 12.244H12.3676C12.6878 12.244 12.9473 11.987 12.9473 11.6701C12.9473 11.3531 12.6878 11.0961 12.3676 11.0961H6.76329ZM6.18354 8.60985C6.18354 8.29287 6.4431 8.03591 6.76329 8.03591H12.3676C12.6878 8.03591 12.9473 8.29287 12.9473 8.60985C12.9473 8.92684 12.6878 9.1838 12.3676 9.1838H6.76329C6.4431 9.1838 6.18354 8.92684 6.18354 8.60985ZM3.67118 5.5483C3.67118 5.23132 3.93075 4.97436 4.25093 4.97436H4.63743C4.95762 4.97436 5.21719 5.23132 5.21719 5.5483C5.21719 5.86528 4.95762 6.12224 4.63743 6.12224H4.25093C3.93075 6.12224 3.67118 5.86528 3.67118 5.5483ZM4.25093 11.0961C3.93075 11.0961 3.67118 11.3531 3.67118 11.6701C3.67118 11.987 3.93075 12.244 4.25093 12.244H4.63743C4.95762 12.244 5.21719 11.987 5.21719 11.6701C5.21719 11.3531 4.95762 11.0961 4.63743 11.0961H4.25093ZM3.67118 8.60985C3.67118 8.29287 3.93075 8.03591 4.25093 8.03591H4.63743C4.95762 8.03591 5.21719 8.29287 5.21719 8.60985C5.21719 8.92684 4.95762 9.1838 4.63743 9.1838H4.25093C3.93075 9.1838 3.67118 8.92684 3.67118 8.60985ZM4.25093 14.157C3.93075 14.157 3.67118 14.414 3.67118 14.731C3.67118 15.0479 3.93075 15.3049 4.25093 15.3049H4.63743C4.95762 15.3049 5.21719 15.0479 5.21719 14.731C5.21719 14.414 4.95762 14.157 4.63743 14.157H4.25093Z" fill="#EB0203"></path>
                    <path fill-rule="evenodd" clip-rule="evenodd" d="M14.6252 13.6363C13.4918 12.6215 11.7817 12.5264 10.6569 13.4792C9.12421 14.7764 9.34841 16.8912 10.4409 18.0122L14.0159 21.6742C14.2197 21.8832 14.4928 22 14.7822 22C15.0737 22 15.3448 21.8852 15.5486 21.6762L19.1236 18.0142C20.214 16.8933 20.4423 14.7785 18.9075 13.4792C17.7827 12.5283 16.0724 12.6217 14.9391 13.6365C14.8855 13.6845 14.8331 13.7345 14.7822 13.7866C14.7313 13.7345 14.6789 13.6843 14.6252 13.6363ZM18.1546 14.3522C19.0973 15.1508 18.9962 16.4896 18.2891 17.2173C18.2888 17.2175 18.2886 17.2177 18.2884 17.218L14.7832 20.8084L11.2753 17.2151C11.2752 17.215 11.2751 17.2149 11.2749 17.2148C10.5677 16.4887 10.4678 15.1495 11.4104 14.3518L11.4108 14.3514C12.0745 13.7892 13.2018 13.82 13.9488 14.5846L14.7822 15.4378L15.6157 14.5846C16.3617 13.8211 17.4896 13.79 18.1545 14.3521" fill="#EB0203"></path>
                    </svg>
                    <svg class="inactive-content" width="100%" height="100%" viewBox="0 0 20 23" fill="none" xmlns="http://www.w3.org/2000/svg">
                    <path fill-rule="evenodd" clip-rule="evenodd" d="M6.18408 5.77914C6.18408 5.46223 6.44363 5.20532 6.7638 5.20532H12.3678C12.6879 5.20532 12.9475 5.46223 12.9475 5.77914C12.9475 6.09606 12.6879 6.35297 12.3678 6.35297H6.7638C6.44363 6.35297 6.18408 6.09606 6.18408 5.77914Z" fill="#EB0203"></path>
                    <path fill-rule="evenodd" clip-rule="evenodd" d="M6.18408 11.9034C6.18408 11.5865 6.44363 11.3296 6.7638 11.3296H12.3678C12.6879 11.3296 12.9475 11.5865 12.9475 11.9034C12.9475 12.2202 12.6879 12.4771 12.3678 12.4771H6.7638C6.44363 12.4771 6.18408 12.2202 6.18408 11.9034Z" fill="#EB0203"></path>
                    <path fill-rule="evenodd" clip-rule="evenodd" d="M6.18408 8.84116C6.18408 8.52424 6.44363 8.26733 6.7638 8.26733H12.3678C12.6879 8.26733 12.9475 8.52424 12.9475 8.84116C12.9475 9.15807 12.6879 9.41498 12.3678 9.41498H6.7638C6.44363 9.41498 6.18408 9.15807 6.18408 8.84116Z" fill="#EB0203"></path>
                    <path fill-rule="evenodd" clip-rule="evenodd" d="M6.18408 14.9655C6.18408 14.6486 6.44363 14.3917 6.7638 14.3917H10.1455C10.4657 14.3917 10.7252 14.6486 10.7252 14.9655C10.7252 15.2825 10.4657 15.5394 10.1455 15.5394H6.7638C6.44363 15.5394 6.18408 15.2825 6.18408 14.9655Z" fill="#EB0203"></path>
                    <path fill-rule="evenodd" clip-rule="evenodd" d="M3.67139 5.77914C3.67139 5.46223 3.93094 5.20532 4.25111 5.20532H4.63759C4.95776 5.20532 5.21731 5.46223 5.21731 5.77914C5.21731 6.09606 4.95776 6.35297 4.63759 6.35297H4.25111C3.93094 6.35297 3.67139 6.09606 3.67139 5.77914Z" fill="#EB0203"></path>
                    <path fill-rule="evenodd" clip-rule="evenodd" d="M3.67139 11.9034C3.67139 11.5865 3.93094 11.3296 4.25111 11.3296H4.63759C4.95776 11.3296 5.21731 11.5865 5.21731 11.9034C5.21731 12.2202 4.95776 12.4771 4.63759 12.4771H4.25111C3.93094 12.4771 3.67139 12.2202 3.67139 11.9034Z" fill="#EB0203"></path>
                    <path fill-rule="evenodd" clip-rule="evenodd" d="M3.67139 8.84116C3.67139 8.52424 3.93094 8.26733 4.25111 8.26733H4.63759C4.95776 8.26733 5.21731 8.52424 5.21731 8.84116C5.21731 9.15807 4.95776 9.41498 4.63759 9.41498H4.25111C3.93094 9.41498 3.67139 9.15807 3.67139 8.84116Z" fill="#EB0203"></path>
                    <path fill-rule="evenodd" clip-rule="evenodd" d="M3.67139 14.9655C3.67139 14.6486 3.93094 14.3917 4.25111 14.3917H4.63759C4.95776 14.3917 5.21731 14.6486 5.21731 14.9655C5.21731 15.2825 4.95776 15.5394 4.63759 15.5394H4.25111C3.93094 15.5394 3.67139 15.2825 3.67139 14.9655Z" fill="#EB0203"></path>
                    <path fill-rule="evenodd" clip-rule="evenodd" d="M0 1.76033C0 0.914738 0.692131 0.229248 1.54592 0.229248H15.0727C15.9265 0.229248 16.6186 0.914738 16.6186 1.76033V11.2818C16.6186 11.5989 16.3591 11.8559 16.0389 11.8559C15.7187 11.8559 15.4592 11.5989 15.4592 11.2818V1.76033C15.4592 1.54893 15.2862 1.37756 15.0727 1.37756H1.54592C1.33247 1.37756 1.15944 1.54893 1.15944 1.76033V18.985C1.15944 19.1964 1.33247 19.3678 1.54592 19.3678H9.27551C9.59568 19.3678 9.85523 19.6249 9.85523 19.942C9.85523 20.2591 9.59568 20.5161 9.27551 20.5161H1.54592C0.692131 20.5161 0 19.8306 0 18.985V1.76033Z" fill="#EB0203"></path>
                    <path fill-rule="evenodd" clip-rule="evenodd" d="M14.6254 13.8718C13.4921 12.8567 11.7821 12.7615 10.6574 13.7147C9.12472 15.0124 9.34891 17.128 10.4413 18.2493L14.0161 21.9126C14.2199 22.1217 14.493 22.2386 14.7824 22.2386C15.0739 22.2386 15.3449 22.1238 15.5487 21.9147L19.1235 18.2514C20.2139 17.13 20.4422 15.0144 18.9075 13.7147C17.7827 12.7634 16.0726 12.8569 14.9392 13.872C14.8856 13.92 14.8333 13.9701 14.7824 14.0222C14.7314 13.97 14.6791 13.9199 14.6254 13.8718ZM18.1546 14.588C19.0972 15.3869 18.9961 16.7262 18.2891 17.4541C18.2888 17.4543 18.2886 17.4546 18.2884 17.4548L14.7834 21.0466L11.2757 17.452C11.2756 17.4519 11.2755 17.4517 11.2753 17.4516C10.5681 16.7252 10.4682 15.3856 11.4108 14.5876L11.4112 14.5872C12.0748 14.0248 13.202 14.0556 13.949 14.8205L14.7824 15.674L15.6158 14.8205C16.3618 14.0567 17.4896 14.0256 18.1545 14.5879" fill="#EB0203"></path>
                    </svg>
                    </button>
                    </div>
                    <div class="col-sm-10 col-12">
                    <div class="ct-tile-quantity d-none" data-pid="4999531">
                    <input type="hidden" class="add-to-cart-url" value="https://www.continente.pt/on/demandware.store/Sites-continente-Site/default/Cart-AddProduct" tabindex="-1">
                    <div class="d-none tile-delete-confirmation-btn" data-pid="4999531" data-delay-time="3000" data-in-cart-msg="no carrinho" data-one-product-added="Adicionado ao carrinho" data-remove-from-cart-msg="Removido do carrinho" data-stay-open="6000.0" data-confirmation-image="{&quot;url&quot;:&quot;https://www.continente.pt/dw/image/v2/BDVS_PRD/on/demandware.static/-/Sites-col-master-catalog/default/dw3bb38f2a/images/col/499/4999531-frente.jpg?sw=87&amp;sh=80&quot;,&quot;fallbackimage&quot;:{&quot;url&quot;:&quot;https://www.continente.pt/dw/image/v2/BDVS_PRD/on/demandware.static/Sites-continente-Site/-/default/dw7c42b4da/images/noimagelarge_product.png?sw=87&amp;sh=80&quot;,&quot;title&quot;:&quot;Hambúrguer de Aves com Queijo Gouda&quot;,&quot;alt&quot;:&quot;Hambúrguer de Aves com Queijo Gouda&quot;},&quot;title&quot;:&quot;Hambúrguer de Aves com Queijo Gouda&quot;,&quot;alt&quot;:&quot;Hambúrguer de Aves com Queijo Gouda&quot;}"></div>
                    <div class="ct-tile-quantity-update quantity-update product-qty-vue" data-remove-action="https://www.continente.pt/on/demandware.store/Sites-continente-Site/default/Cart-RemoveProductLineItem" data-action="https://www.continente.pt/on/demandware.store/Sites-continente-Site/default/Cart-UpdateQuantity" data-dimension-update="https://www.continente.pt/on/demandware.store/Sites-continente-Site/default/Cart-DimensionUpdate" data-pid="4999531" data-uuid="d65b7c1f51b04664535aece80b" data-add-delay="500.0" data-measure-options="{&quot;hasConversionRate&quot;:true,&quot;hasAlternativeSaleUnit&quot;:false,&quot;primaryToSecondary&quot;:1,&quot;secondaryToPrimary&quot;:1,&quot;unitConversionRate&quot;:1,&quot;minOrderQuantity&quot;:1,&quot;stepQuantity&quot;:1,&quot;primaryunit&quot;:&quot;un&quot;,&quot;secondaryunit&quot;:&quot;kg&quot;,&quot;selectedunit&quot;:&quot;primary&quot;,&quot;maxNumberOfUnitsPerSale&quot;:50}" data-price-available="null" :data-has-error="isMaxQtyReached || isMinQtyReached || qtySelectedMoreThanOne">
                    <template v-show="prodUnits">
                    <div class="quantity-input-wrapper has-units">
                    <label class="visually-hidden" :for="'quantity-' + pid + additionalTag">
                    Quantidade no carrinho
                    </label>
                    <input :ref="'quantityInput-' + pid + additionalTag" class="add-to-cart-quantity form-control ct-form-input text-center" inputmode="numeric" :class="{'is-invalid': isInvalid}" :data-pid="pid + additionalTag" :name="'quantity-' + pid + additionalTag" type="text" aria-label="Insira a quantidade" title="" v-model="displayValue" @change="updateQuantity" @focus="updateQtyFormat" @blur="restoreQtyFormat" :disabled="!isPriceAvailable">
                    <span class="quantity-icon quantity-icon--minus">
                    <button class="decrease-quantity-btn" @click="updateQuantity" :disabled="!isPriceAvailable" role="button" aria-label="Reduzir quantidade">
                    <i class="css-math-minus"></i>
                    </button>
                    </span>
                    <span class="quantity-icon quantity-icon--plus">
                    <button class="increase-quantity-btn" @click="updateQuantity" :disabled="isMaxQtyReached || !isPriceAvailable" role="button" aria-label="Aumentar quantidade">
                    <i class="css-math-plus"></i>
                    </button>
                    <span class="quantity-btn-disabled-placeholder"></span>
                    </span>
                    <template v-if="isPDP">
                    <span class="quantity-error ct-span-error text-sm-center product-max-allocation" v-if="isMaxQtyReached">
                    Quantidade máxima atingida
                    </span>
                    <span class="quantity-error ct-span-product text-sm-center product-allocation" v-if="!isMinQtyReached &amp;&amp; !isMaxQtyReached">
                    {{quantitySelected}} no carrinho
                    </span>
                    <span class="quantity-error ct-span-error text-sm-center product-min-allocation" :data-pid="pid" v-if="isMinQtyReached &amp;&amp; !isMaxQtyReached">
                    Quantidade mínima atingida
                    </span>
                    </template>
                    </div>
                    <template v-if="showNotes">
                    <div class="add-note-link-container ">
                    <div class="add-note">
                    <a href="/produto/hamburguer-de-aves-com-queijo-gouda-continente-facil-bom-4999531.html?showNote=true" class="ct-add-note-redirect-pdp" aria-label="Adicionar comentário">
                    <span class="svg-wrapper svg-icon-notes" style="width:19px; height:20px">
                    <svg class="svg-inline icon-notes" viewBox="0 0 28 30" xmlns="http://www.w3.org/2000/svg" width="100%" height="100%"><path d="M21.738 0C22.985 0 24 1.04 24 2.319V12.47c0 .469-.37.848-.828.848-.457 0-.827-.38-.827-.848V2.32c0-.343-.273-.622-.607-.622H2.262c-.334 0-.607.279-.607.622V27.68c0 .343.273.622.607.622h7.81c.457 0 .827.38.827.849 0 .468-.37.848-.827.848h-7.81C1.015 30 0 28.96 0 27.681V2.32C0 1.04 1.015 0 2.262 0h19.476zm2.844 16.004l.227.007c.823.053 1.589.39 2.176.964.64.627.993 1.46.993 2.349 0 .888-.353 1.722-.993 2.348l-6.83 6.665c-.11.108-.247.186-.397.226l-5.032 1.363c-.078.021-.16.032-.241.032-.242 0-.478-.097-.647-.266-.23-.231-.314-.566-.218-.874l1.49-4.798c.044-.139.122-.266.227-.369l6.844-6.677c.64-.625 1.493-.97 2.401-.97zm-2.886 3.94l-4.922 4.802-.947 3.048 3.22-.872 4.897-4.78-2.248-2.197zm2.887-2.174c-.425 0-.824.162-1.124.455l-.484.472 2.248 2.197.484-.472c.62-.606.62-1.591 0-2.197l-.117-.104c-.283-.227-.636-.35-1.007-.35zm-10.839.022c.498 0 .904.396.904.883 0 .488-.406.884-.904.884H5.946c-.499 0-.904-.396-.904-.884 0-.487.405-.883.904-.883zm5.042-4.876c.498 0 .904.397.904.884s-.406.884-.904.884H5.946c-.499 0-.904-.397-.904-.884s.405-.884.904-.884zm0-4.875c.498 0 .904.396.904.884 0 .487-.406.883-.904.883H5.946c-.499 0-.904-.396-.904-.883 0-.488.405-.884.904-.884z" fill="#EB0203" fill-rule="evenodd"></path></svg>
                    </span>
                    <div class="available-note d-none"></div>
                    </a>
                    </div>
                    </div>
                    </template>
                    <div class="measurement-unit-section" v-if="isPriceAvailable &amp;&amp; prodUnits ? prodUnits.hasAlternativeUnit : false">
                    <div class="ct-form-radio" @click="setDimension">
                    <input type="radio" title="" class="ct-form-check-input product-measurement-unit" :data-type="prodUnits.selectedUnit == prodUnits.secondaryUnit ? 'primary' : ''" :id="prodUnits.secondaryUnit + '-' + pid + '-measurement-unit-ptile' + additionalTag" :name="'measurement-unit-' + pid + '-ptile' + additionalTag" :value="prodUnits.secondaryUnit" v-model="prodUnits.selectedUnit">
                    <label :class="prodUnits.secondaryUnit + '-label ct-form-check-label mb-0'" :for="prodUnits.secondaryUnit + '-' + pid + '-measurement-unit-ptile' + additionalTag">
                    {{prodUnits.secondaryUnit}}
                    </label>
                    <span class="checkmark"></span>
                    </div>
                    <div class="ct-form-radio" @click="setDimension">
                    <input type="radio" title="" class="ct-form-check-input product-measurement-unit" :data-type="prodUnits.selectedUnit == prodUnits.primaryUnit ? 'primary' : ''" :id="prodUnits.primaryUnit + '-' + pid + '-measurement-unit-ptile' + additionalTag" :name="'measurement-unit-' + pid + '-ptile' + additionalTag" :value="prodUnits.primaryUnit" v-model="prodUnits.selectedUnit">
                    <label :class="prodUnits.primaryUnit + '-label ct-form-check-label mb-0'" :for="prodUnits.primaryUnit + '-' + pid + '-measurement-unit-ptile' + additionalTag">
                    {{prodUnits.primaryUnit}}
                    </label>
                    <span class="checkmark"></span>
                    </div>
                    </div>
                    <template v-if="!isPDP &amp;&amp; isPriceAvailable">
                    <span class="quantity-error ct-span-error product-max-allocation" v-if="isMaxQtyReached">
                    Quantidade máxima atingida
                    </span>
                    <span class="quantity-error ct-span-product product-allocation" v-if="!isMinQtyReached &amp;&amp; !isMaxQtyReached">
                    {{quantitySelected}} no carrinho
                    </span>
                    <span class="quantity-error ct-span-error product-min-allocation" :data-pid="pid" v-if="isMinQtyReached &amp;&amp; !isMaxQtyReached">
                    Quantidade mínima atingida
                    </span>
                    </template>
                    </template>
                    </div>
                    <input class="quantity-value-mask d-none" name="quantity" type="number" min="0" value="" tabindex="-1">
                    </div>
                     <button type="button" class="add-to-cart button js-add-to-cart js-add-to-cart-tile 4999531 button--primary dynamic-layout-btn" data-toggle="modal" data-target="#chooseBonusProductModal" data-pid="4999531" data-quantity-value="null" aria-label="Carrinho" tabindex="-1">
                    <span class="d-block d-sm-none">
                    <span class="svg-wrapper svg-icon-cart" style="width:20px; height:20px">
                    <svg class="svg-inline icon-cart" xmlns="http://www.w3.org/2000/svg" viewBox="0 0 500 500" width="100%" height="100%"><path fill="#EB0203" fill-rule="evenodd" d="M 485.67317,94.386311 C 476.37798,83.847129 463.09468,78.03348 448.30404,78.03348 H 90.690813 L 87.079511,51.327997 C 83.185582,22.539551 62.962285,0 41.011841,0 H 14.727836 C 6.563151,0 0,6.5286975 0,14.580758 c 0,8.05206 6.5945535,14.580758 14.727836,14.580758 h 26.284005 c 4.710398,0 14.696435,9.855222 16.894619,26.021523 L 100.01739,368.0631 c 1.88416,13.77244 9.01256,26.70549 20.1605,36.37417 8.25889,7.15046 18.02511,11.9071 28.26237,13.89679 -4.17655,7.58572 -6.53175,16.25957 -6.53175,25.493 0,29.53459 24.27424,53.59751 54.13815,53.59751 29.8325,0 54.13814,-24.03184 54.13814,-53.59751 0,-8.79818 -2.19818,-17.09897 -5.9979,-24.43598 h 77.12488 c -3.79973,7.33701 -5.96652,15.6378 -5.96652,24.43598 0,29.53459 24.27424,53.59751 54.13817,53.59751 29.83249,0 54.13814,-24.03184 54.13814,-53.59751 0,-8.79818 -2.1982,-17.09897 -5.9979,-24.43598 h 38.56243 c 8.13328,0 14.72783,-6.5287 14.72783,-14.61183 0,-8.02098 -6.59455,-14.54967 -14.72783,-14.54967 H 159.24277 c -14.38241,0 -28.13677,-11.90711 -30.02092,-26.02153 l -3.07746,-22.88154 h 290.6314 c 14.03698,0 27.94834,-5.28513 39.06488,-14.95381 11.11652,-9.6376 18.27632,-22.57065 20.16048,-36.37417 l 21.10259,-156.78201 c 1.94694,-14.51858 -2.10398,-28.29103 -11.43057,-38.861299 z M 220.76053,443.82706 c 0,13.49265 -11.08513,24.46709 -24.68247,24.46709 -13.62874,0 -24.71387,-10.97444 -24.71387,-24.46709 0,-13.49262 11.08513,-24.43598 24.71387,-24.43598 13.59734,0 24.68247,10.94336 24.68247,24.43598 z m 173.43675,0 c 0,13.49265 -11.08512,24.46709 -24.68245,24.46709 -13.62876,0 -24.71388,-10.97444 -24.71388,-24.46709 0,-13.49262 11.08512,-24.43598 24.71388,-24.43598 13.59733,0 24.68245,10.94336 24.68245,24.43598 z m 73.7648,-314.46558 -21.13397,156.782 c -1.88416,14.11442 -15.63851,26.05261 -30.02091,26.05261 H 122.25046 L 94.616142,107.19499 H 448.33544 c 6.18632,0 11.61896,2.2695 15.23028,6.37326 3.64269,4.13484 5.21283,9.73086 4.39636,15.79323 z"></path></svg>
                    </span>
                    </span>
                    <span class="add-to-cart--text d-none d-sm-block">Carrinho</span>
                    </button>
                    </div>
                    </div>
                    </div>
                    </div>
                    
                    <div class="col-12 d-sm-none">
                    </div>
                    </div>
                    </div>
                    </div>
                    </div><div class="pd-tile-wrap slick-slide slick-cloned" data-idx="12" style="width: 276px; height: auto;" data-slick-index="28" id="" aria-hidden="true" tabindex="-1">
                    
                    <script type="text/javascript">//<!--
                    /* <![CDATA[ */
                    (function(){
                    try {
                        if(window.CQuotient) {
                            var cq_params = {};
                            cq_params.cookieId = window.CQuotient.getCQCookieId();
                            cq_params.userId = window.CQuotient.getCQUserId();
                            cq_params.emailId = CQuotient.getCQHashedEmail();
                            cq_params.loginId = CQuotient.getCQHashedLogin();
                            cq_params.accumulate = true;
                            cq_params.products = [{
                                id: '7279386',
                                sku: '',
                                type: '',
                                alt_id: ''
                            }];
                            cq_params.recommenderName = '__UNDEFINED__';
                            cq_params.realm = "BDVS";
                            cq_params.siteId = "continente";
                            cq_params.instanceType = "prd";
                            cq_params.locale = window.CQuotient.locale;
                            cq_params.slotId = '';
                            cq_params.slotConfigId = '';
                            cq_params.slotConfigTemplate = '';
                            if(window.CQuotient.sendActivity)
                                window.CQuotient.sendActivity( CQuotient.clientId, 'viewReco', cq_params );
                            else
                                window.CQuotient.activities.push( {activityType: 'viewReco', parameters: cq_params} );
                        }
                    } catch(err) {}
                    })();
                    /* ]]> */
                    // -->
                    </script>
                    <script type="text/javascript">//<!--
                    /* <![CDATA[ (viewProduct-active_data.js) */
                    dw.ac._capture({id: "7279386", type: "recommendation"});
                    /* ]]> */
                    // -->
                    </script>
                    <div class="product" data-pid="7279386">
                    <div class="product-tile pid-7279386   ct-product-tile " data-delay-time="3000" data-variants-mapping="[]" data-in-cart-msg="no carrinho" data-one-product-added="Adicionado ao carrinho" data-remove-from-cart-msg="Removido do carrinho" data-stay-open="6000.0" data-product-tile-impression="{&quot;name&quot;:&quot;7279386&quot;,&quot;id&quot;:&quot;7279386&quot;,&quot;price&quot;:2.49,&quot;brand&quot;:&quot;Continente Seleção&quot;,&quot;category&quot;:[{&quot;category_level_1&quot;:&quot;Take-Away&quot;},{&quot;category_level_2&quot;:&quot;Massas Frescas e Noodles&quot;},{&quot;category_level_3&quot;:&quot;Massas Simples e Recheadas&quot;}],&quot;variant&quot;:&quot;&quot;}">
                    <div class="ct-inner-tile-wrap row no-gutters justify-content-center align-content-start">
                    
                    <div class="ct-image-container col-4 col-sm" data-confirmation-image="{&quot;url&quot;:&quot;https://www.continente.pt/dw/image/v2/BDVS_PRD/on/demandware.static/-/Sites-col-master-catalog/default/dw3a2d52cb/images/col/727/7279386-frente.jpg?sw=87&amp;sh=80&quot;,&quot;fallbackimage&quot;:{&quot;url&quot;:&quot;https://www.continente.pt/dw/image/v2/BDVS_PRD/on/demandware.static/Sites-continente-Site/-/default/dw7c42b4da/images/noimagelarge_product.png?sw=87&amp;sh=80&quot;,&quot;title&quot;:&quot;Girasoli Fresco com Cabra e Mel&quot;,&quot;alt&quot;:&quot;Girasoli Fresco com Cabra e Mel&quot;},&quot;title&quot;:&quot;Girasoli Fresco com Cabra e Mel&quot;,&quot;alt&quot;:&quot;Girasoli Fresco com Cabra e Mel&quot;}">
                    <a href="https://www.continente.pt/produto/girasoli-fresco-com-cabra-e-mel-continente-selecao-7279386.html?cgid=home" tabindex="-1">
                    <picture class="intrinsic intrinsic--square">
                    <img class="ct-tile-image lazyloaded" loading="lazy" onerror="this.onerror=null;this.src='/on/demandware.static/Sites-continente-Site/-/default/dw7c42b4da/images/noimagelarge_product.png';" data-src="https://www.continente.pt/dw/image/v2/BDVS_PRD/on/demandware.static/-/Sites-col-master-catalog/default/dw3a2d52cb/images/col/727/7279386-frente.jpg?sw=280&amp;sh=280" alt="Girasoli Fresco com Cabra e Mel" title="Girasoli Fresco com Cabra e Mel" src="https://www.continente.pt/dw/image/v2/BDVS_PRD/on/demandware.static/-/Sites-col-master-catalog/default/dw3a2d52cb/images/col/727/7279386-frente.jpg?sw=280&amp;sh=280">
                    </picture>
                    </a>
                    <div class="color-swatches d-flex" style="margin-left: 5px;">
                    <div class="swatches d-flex">
                    </div>
                    </div>
                    </div>
                    <div class="ct-tile-body col col-sm-auto ">
                    <div class="ct-pdp-details">
                    <div class="ct-pdp-link">
                    <a class="ct-tile--description" href="https://www.continente.pt/produto/girasoli-fresco-com-cabra-e-mel-continente-selecao-7279386.html?cgid=home" tabindex="-1">Girasoli Fresco com Cabra e Mel</a>
                    <div class="ct-tile--favorite-top d-sm-none">
                    <button class="wishlist-toggler guest-mode inactive button button--tertiary" data-pid="7279386" data-add-url="https://www.continente.pt/on/demandware.store/Sites-continente-Site/default/Wishlist-AddProduct?pid=7279386" data-toggle="tooltip" aria-label="Adicionar aos favoritos " data-original-title="Adicionar aos favoritos" data-placement="top" tabindex="-1">
                    <svg class="active-content" width="100%" height="100%" viewBox="0 0 20 22" fill="none" xmlns="http://www.w3.org/2000/svg">
                    <path fill-rule="evenodd" clip-rule="evenodd" d="M0 1.53052C0 0.685236 0.692171 0 1.54601 0H15.0736C15.9274 0 16.6196 0.685235 16.6196 1.53052V13.4064L15.8127 13.922L14.2658 14.2658L12.7189 13.4064L10.6054 14.3818C10.4994 14.2451 10.3327 14.157 10.1452 14.157H6.76329C6.4431 14.157 6.18354 14.414 6.18354 14.731C6.18354 15.0479 6.4431 15.3049 6.76329 15.3049H10.1452C10.2478 15.3049 10.3441 15.2785 10.4277 15.2322L10.3126 16.8439L13.2345 20.2793H1.54601C0.69217 20.2793 0 19.5941 0 18.7488V1.53052ZM6.18354 5.5483C6.18354 5.23132 6.4431 4.97436 6.76329 4.97436H12.3676C12.6878 4.97436 12.9473 5.23132 12.9473 5.5483C12.9473 5.86528 12.6878 6.12224 12.3676 6.12224H6.76329C6.4431 6.12224 6.18354 5.86528 6.18354 5.5483ZM6.76329 11.0961C6.4431 11.0961 6.18354 11.3531 6.18354 11.6701C6.18354 11.987 6.4431 12.244 6.76329 12.244H12.3676C12.6878 12.244 12.9473 11.987 12.9473 11.6701C12.9473 11.3531 12.6878 11.0961 12.3676 11.0961H6.76329ZM6.18354 8.60985C6.18354 8.29287 6.4431 8.03591 6.76329 8.03591H12.3676C12.6878 8.03591 12.9473 8.29287 12.9473 8.60985C12.9473 8.92684 12.6878 9.1838 12.3676 9.1838H6.76329C6.4431 9.1838 6.18354 8.92684 6.18354 8.60985ZM3.67118 5.5483C3.67118 5.23132 3.93075 4.97436 4.25093 4.97436H4.63743C4.95762 4.97436 5.21719 5.23132 5.21719 5.5483C5.21719 5.86528 4.95762 6.12224 4.63743 6.12224H4.25093C3.93075 6.12224 3.67118 5.86528 3.67118 5.5483ZM4.25093 11.0961C3.93075 11.0961 3.67118 11.3531 3.67118 11.6701C3.67118 11.987 3.93075 12.244 4.25093 12.244H4.63743C4.95762 12.244 5.21719 11.987 5.21719 11.6701C5.21719 11.3531 4.95762 11.0961 4.63743 11.0961H4.25093ZM3.67118 8.60985C3.67118 8.29287 3.93075 8.03591 4.25093 8.03591H4.63743C4.95762 8.03591 5.21719 8.29287 5.21719 8.60985C5.21719 8.92684 4.95762 9.1838 4.63743 9.1838H4.25093C3.93075 9.1838 3.67118 8.92684 3.67118 8.60985ZM4.25093 14.157C3.93075 14.157 3.67118 14.414 3.67118 14.731C3.67118 15.0479 3.93075 15.3049 4.25093 15.3049H4.63743C4.95762 15.3049 5.21719 15.0479 5.21719 14.731C5.21719 14.414 4.95762 14.157 4.63743 14.157H4.25093Z" fill="#EB0203"></path>
                    <path fill-rule="evenodd" clip-rule="evenodd" d="M14.6252 13.6363C13.4918 12.6215 11.7817 12.5264 10.6569 13.4792C9.12421 14.7764 9.34841 16.8912 10.4409 18.0122L14.0159 21.6742C14.2197 21.8832 14.4928 22 14.7822 22C15.0737 22 15.3448 21.8852 15.5486 21.6762L19.1236 18.0142C20.214 16.8933 20.4423 14.7785 18.9075 13.4792C17.7827 12.5283 16.0724 12.6217 14.9391 13.6365C14.8855 13.6845 14.8331 13.7345 14.7822 13.7866C14.7313 13.7345 14.6789 13.6843 14.6252 13.6363ZM18.1546 14.3522C19.0973 15.1508 18.9962 16.4896 18.2891 17.2173C18.2888 17.2175 18.2886 17.2177 18.2884 17.218L14.7832 20.8084L11.2753 17.2151C11.2752 17.215 11.2751 17.2149 11.2749 17.2148C10.5677 16.4887 10.4678 15.1495 11.4104 14.3518L11.4108 14.3514C12.0745 13.7892 13.2018 13.82 13.9488 14.5846L14.7822 15.4378L15.6157 14.5846C16.3617 13.8211 17.4896 13.79 18.1545 14.3521" fill="#EB0203"></path>
                    </svg>
                    <svg class="inactive-content" width="100%" height="100%" viewBox="0 0 20 23" fill="none" xmlns="http://www.w3.org/2000/svg">
                    <path fill-rule="evenodd" clip-rule="evenodd" d="M6.18408 5.77914C6.18408 5.46223 6.44363 5.20532 6.7638 5.20532H12.3678C12.6879 5.20532 12.9475 5.46223 12.9475 5.77914C12.9475 6.09606 12.6879 6.35297 12.3678 6.35297H6.7638C6.44363 6.35297 6.18408 6.09606 6.18408 5.77914Z" fill="#EB0203"></path>
                    <path fill-rule="evenodd" clip-rule="evenodd" d="M6.18408 11.9034C6.18408 11.5865 6.44363 11.3296 6.7638 11.3296H12.3678C12.6879 11.3296 12.9475 11.5865 12.9475 11.9034C12.9475 12.2202 12.6879 12.4771 12.3678 12.4771H6.7638C6.44363 12.4771 6.18408 12.2202 6.18408 11.9034Z" fill="#EB0203"></path>
                    <path fill-rule="evenodd" clip-rule="evenodd" d="M6.18408 8.84116C6.18408 8.52424 6.44363 8.26733 6.7638 8.26733H12.3678C12.6879 8.26733 12.9475 8.52424 12.9475 8.84116C12.9475 9.15807 12.6879 9.41498 12.3678 9.41498H6.7638C6.44363 9.41498 6.18408 9.15807 6.18408 8.84116Z" fill="#EB0203"></path>
                    <path fill-rule="evenodd" clip-rule="evenodd" d="M6.18408 14.9655C6.18408 14.6486 6.44363 14.3917 6.7638 14.3917H10.1455C10.4657 14.3917 10.7252 14.6486 10.7252 14.9655C10.7252 15.2825 10.4657 15.5394 10.1455 15.5394H6.7638C6.44363 15.5394 6.18408 15.2825 6.18408 14.9655Z" fill="#EB0203"></path>
                    <path fill-rule="evenodd" clip-rule="evenodd" d="M3.67139 5.77914C3.67139 5.46223 3.93094 5.20532 4.25111 5.20532H4.63759C4.95776 5.20532 5.21731 5.46223 5.21731 5.77914C5.21731 6.09606 4.95776 6.35297 4.63759 6.35297H4.25111C3.93094 6.35297 3.67139 6.09606 3.67139 5.77914Z" fill="#EB0203"></path>
                    <path fill-rule="evenodd" clip-rule="evenodd" d="M3.67139 11.9034C3.67139 11.5865 3.93094 11.3296 4.25111 11.3296H4.63759C4.95776 11.3296 5.21731 11.5865 5.21731 11.9034C5.21731 12.2202 4.95776 12.4771 4.63759 12.4771H4.25111C3.93094 12.4771 3.67139 12.2202 3.67139 11.9034Z" fill="#EB0203"></path>
                    <path fill-rule="evenodd" clip-rule="evenodd" d="M3.67139 8.84116C3.67139 8.52424 3.93094 8.26733 4.25111 8.26733H4.63759C4.95776 8.26733 5.21731 8.52424 5.21731 8.84116C5.21731 9.15807 4.95776 9.41498 4.63759 9.41498H4.25111C3.93094 9.41498 3.67139 9.15807 3.67139 8.84116Z" fill="#EB0203"></path>
                    <path fill-rule="evenodd" clip-rule="evenodd" d="M3.67139 14.9655C3.67139 14.6486 3.93094 14.3917 4.25111 14.3917H4.63759C4.95776 14.3917 5.21731 14.6486 5.21731 14.9655C5.21731 15.2825 4.95776 15.5394 4.63759 15.5394H4.25111C3.93094 15.5394 3.67139 15.2825 3.67139 14.9655Z" fill="#EB0203"></path>
                    <path fill-rule="evenodd" clip-rule="evenodd" d="M0 1.76033C0 0.914738 0.692131 0.229248 1.54592 0.229248H15.0727C15.9265 0.229248 16.6186 0.914738 16.6186 1.76033V11.2818C16.6186 11.5989 16.3591 11.8559 16.0389 11.8559C15.7187 11.8559 15.4592 11.5989 15.4592 11.2818V1.76033C15.4592 1.54893 15.2862 1.37756 15.0727 1.37756H1.54592C1.33247 1.37756 1.15944 1.54893 1.15944 1.76033V18.985C1.15944 19.1964 1.33247 19.3678 1.54592 19.3678H9.27551C9.59568 19.3678 9.85523 19.6249 9.85523 19.942C9.85523 20.2591 9.59568 20.5161 9.27551 20.5161H1.54592C0.692131 20.5161 0 19.8306 0 18.985V1.76033Z" fill="#EB0203"></path>
                    <path fill-rule="evenodd" clip-rule="evenodd" d="M14.6254 13.8718C13.4921 12.8567 11.7821 12.7615 10.6574 13.7147C9.12472 15.0124 9.34891 17.128 10.4413 18.2493L14.0161 21.9126C14.2199 22.1217 14.493 22.2386 14.7824 22.2386C15.0739 22.2386 15.3449 22.1238 15.5487 21.9147L19.1235 18.2514C20.2139 17.13 20.4422 15.0144 18.9075 13.7147C17.7827 12.7634 16.0726 12.8569 14.9392 13.872C14.8856 13.92 14.8333 13.9701 14.7824 14.0222C14.7314 13.97 14.6791 13.9199 14.6254 13.8718ZM18.1546 14.588C19.0972 15.3869 18.9961 16.7262 18.2891 17.4541C18.2888 17.4543 18.2886 17.4546 18.2884 17.4548L14.7834 21.0466L11.2757 17.452C11.2756 17.4519 11.2755 17.4517 11.2753 17.4516C10.5681 16.7252 10.4682 15.3856 11.4108 14.5876L11.4112 14.5872C12.0748 14.0248 13.202 14.0556 13.949 14.8205L14.7824 15.674L15.6158 14.8205C16.3618 14.0567 17.4896 14.0256 18.1545 14.5879" fill="#EB0203"></path>
                    </svg>
                    </button>
                    </div>
                    </div>
                    <p class="ct-tile--brand">Continente Seleção</p>
                    <p class="ct-tile--quantity">emb. 250 gr</p>
                    </div>
                    <div class="ct-tile-bottom row no-gutters justify-content-between">
                    <div class="ct-price-wrap col-8 col-sm-12">
                    <div class="price js-product-price">
                    <div class="prices-wrapper">
                    <span class="sales ct-tile--price-primary ">
                    <span class="value" content="2.49">
                    <span class="ct-price-formatted">
                    €2,49
                    </span>
                    <span class="ct-m-unit">
                    /un
                    </span>
                    </span>
                    </span>
                    </div>
                    <div class="ct-tile--price-secondary">
                     <span class="ct-price-value">
                    €9,96
                    </span>
                    <span class="ct-m-unit">
                    /kg
                    </span>
                    </div>
                    </div>
                    </div>
                    <div class="ct-tile-buy-section d-flex justify-content-center no-gutters col-auto col-sm-12">
                    <div class="col-2 d-sm-flex d-none">
                    <button class="wishlist-toggler guest-mode inactive button button--tertiary" data-pid="7279386" data-add-url="https://www.continente.pt/on/demandware.store/Sites-continente-Site/default/Wishlist-AddProduct?pid=7279386" data-toggle="tooltip" aria-label="Adicionar aos favoritos " data-original-title="Adicionar aos favoritos" data-placement="top" tabindex="-1">
                    <svg class="active-content" width="100%" height="100%" viewBox="0 0 20 22" fill="none" xmlns="http://www.w3.org/2000/svg">
                    <path fill-rule="evenodd" clip-rule="evenodd" d="M0 1.53052C0 0.685236 0.692171 0 1.54601 0H15.0736C15.9274 0 16.6196 0.685235 16.6196 1.53052V13.4064L15.8127 13.922L14.2658 14.2658L12.7189 13.4064L10.6054 14.3818C10.4994 14.2451 10.3327 14.157 10.1452 14.157H6.76329C6.4431 14.157 6.18354 14.414 6.18354 14.731C6.18354 15.0479 6.4431 15.3049 6.76329 15.3049H10.1452C10.2478 15.3049 10.3441 15.2785 10.4277 15.2322L10.3126 16.8439L13.2345 20.2793H1.54601C0.69217 20.2793 0 19.5941 0 18.7488V1.53052ZM6.18354 5.5483C6.18354 5.23132 6.4431 4.97436 6.76329 4.97436H12.3676C12.6878 4.97436 12.9473 5.23132 12.9473 5.5483C12.9473 5.86528 12.6878 6.12224 12.3676 6.12224H6.76329C6.4431 6.12224 6.18354 5.86528 6.18354 5.5483ZM6.76329 11.0961C6.4431 11.0961 6.18354 11.3531 6.18354 11.6701C6.18354 11.987 6.4431 12.244 6.76329 12.244H12.3676C12.6878 12.244 12.9473 11.987 12.9473 11.6701C12.9473 11.3531 12.6878 11.0961 12.3676 11.0961H6.76329ZM6.18354 8.60985C6.18354 8.29287 6.4431 8.03591 6.76329 8.03591H12.3676C12.6878 8.03591 12.9473 8.29287 12.9473 8.60985C12.9473 8.92684 12.6878 9.1838 12.3676 9.1838H6.76329C6.4431 9.1838 6.18354 8.92684 6.18354 8.60985ZM3.67118 5.5483C3.67118 5.23132 3.93075 4.97436 4.25093 4.97436H4.63743C4.95762 4.97436 5.21719 5.23132 5.21719 5.5483C5.21719 5.86528 4.95762 6.12224 4.63743 6.12224H4.25093C3.93075 6.12224 3.67118 5.86528 3.67118 5.5483ZM4.25093 11.0961C3.93075 11.0961 3.67118 11.3531 3.67118 11.6701C3.67118 11.987 3.93075 12.244 4.25093 12.244H4.63743C4.95762 12.244 5.21719 11.987 5.21719 11.6701C5.21719 11.3531 4.95762 11.0961 4.63743 11.0961H4.25093ZM3.67118 8.60985C3.67118 8.29287 3.93075 8.03591 4.25093 8.03591H4.63743C4.95762 8.03591 5.21719 8.29287 5.21719 8.60985C5.21719 8.92684 4.95762 9.1838 4.63743 9.1838H4.25093C3.93075 9.1838 3.67118 8.92684 3.67118 8.60985ZM4.25093 14.157C3.93075 14.157 3.67118 14.414 3.67118 14.731C3.67118 15.0479 3.93075 15.3049 4.25093 15.3049H4.63743C4.95762 15.3049 5.21719 15.0479 5.21719 14.731C5.21719 14.414 4.95762 14.157 4.63743 14.157H4.25093Z" fill="#EB0203"></path>
                    <path fill-rule="evenodd" clip-rule="evenodd" d="M14.6252 13.6363C13.4918 12.6215 11.7817 12.5264 10.6569 13.4792C9.12421 14.7764 9.34841 16.8912 10.4409 18.0122L14.0159 21.6742C14.2197 21.8832 14.4928 22 14.7822 22C15.0737 22 15.3448 21.8852 15.5486 21.6762L19.1236 18.0142C20.214 16.8933 20.4423 14.7785 18.9075 13.4792C17.7827 12.5283 16.0724 12.6217 14.9391 13.6365C14.8855 13.6845 14.8331 13.7345 14.7822 13.7866C14.7313 13.7345 14.6789 13.6843 14.6252 13.6363ZM18.1546 14.3522C19.0973 15.1508 18.9962 16.4896 18.2891 17.2173C18.2888 17.2175 18.2886 17.2177 18.2884 17.218L14.7832 20.8084L11.2753 17.2151C11.2752 17.215 11.2751 17.2149 11.2749 17.2148C10.5677 16.4887 10.4678 15.1495 11.4104 14.3518L11.4108 14.3514C12.0745 13.7892 13.2018 13.82 13.9488 14.5846L14.7822 15.4378L15.6157 14.5846C16.3617 13.8211 17.4896 13.79 18.1545 14.3521" fill="#EB0203"></path>
                    </svg>
                    <svg class="inactive-content" width="100%" height="100%" viewBox="0 0 20 23" fill="none" xmlns="http://www.w3.org/2000/svg">
                    <path fill-rule="evenodd" clip-rule="evenodd" d="M6.18408 5.77914C6.18408 5.46223 6.44363 5.20532 6.7638 5.20532H12.3678C12.6879 5.20532 12.9475 5.46223 12.9475 5.77914C12.9475 6.09606 12.6879 6.35297 12.3678 6.35297H6.7638C6.44363 6.35297 6.18408 6.09606 6.18408 5.77914Z" fill="#EB0203"></path>
                    <path fill-rule="evenodd" clip-rule="evenodd" d="M6.18408 11.9034C6.18408 11.5865 6.44363 11.3296 6.7638 11.3296H12.3678C12.6879 11.3296 12.9475 11.5865 12.9475 11.9034C12.9475 12.2202 12.6879 12.4771 12.3678 12.4771H6.7638C6.44363 12.4771 6.18408 12.2202 6.18408 11.9034Z" fill="#EB0203"></path>
                    <path fill-rule="evenodd" clip-rule="evenodd" d="M6.18408 8.84116C6.18408 8.52424 6.44363 8.26733 6.7638 8.26733H12.3678C12.6879 8.26733 12.9475 8.52424 12.9475 8.84116C12.9475 9.15807 12.6879 9.41498 12.3678 9.41498H6.7638C6.44363 9.41498 6.18408 9.15807 6.18408 8.84116Z" fill="#EB0203"></path>
                    <path fill-rule="evenodd" clip-rule="evenodd" d="M6.18408 14.9655C6.18408 14.6486 6.44363 14.3917 6.7638 14.3917H10.1455C10.4657 14.3917 10.7252 14.6486 10.7252 14.9655C10.7252 15.2825 10.4657 15.5394 10.1455 15.5394H6.7638C6.44363 15.5394 6.18408 15.2825 6.18408 14.9655Z" fill="#EB0203"></path>
                    <path fill-rule="evenodd" clip-rule="evenodd" d="M3.67139 5.77914C3.67139 5.46223 3.93094 5.20532 4.25111 5.20532H4.63759C4.95776 5.20532 5.21731 5.46223 5.21731 5.77914C5.21731 6.09606 4.95776 6.35297 4.63759 6.35297H4.25111C3.93094 6.35297 3.67139 6.09606 3.67139 5.77914Z" fill="#EB0203"></path>
                    <path fill-rule="evenodd" clip-rule="evenodd" d="M3.67139 11.9034C3.67139 11.5865 3.93094 11.3296 4.25111 11.3296H4.63759C4.95776 11.3296 5.21731 11.5865 5.21731 11.9034C5.21731 12.2202 4.95776 12.4771 4.63759 12.4771H4.25111C3.93094 12.4771 3.67139 12.2202 3.67139 11.9034Z" fill="#EB0203"></path>
                    <path fill-rule="evenodd" clip-rule="evenodd" d="M3.67139 8.84116C3.67139 8.52424 3.93094 8.26733 4.25111 8.26733H4.63759C4.95776 8.26733 5.21731 8.52424 5.21731 8.84116C5.21731 9.15807 4.95776 9.41498 4.63759 9.41498H4.25111C3.93094 9.41498 3.67139 9.15807 3.67139 8.84116Z" fill="#EB0203"></path>
                    <path fill-rule="evenodd" clip-rule="evenodd" d="M3.67139 14.9655C3.67139 14.6486 3.93094 14.3917 4.25111 14.3917H4.63759C4.95776 14.3917 5.21731 14.6486 5.21731 14.9655C5.21731 15.2825 4.95776 15.5394 4.63759 15.5394H4.25111C3.93094 15.5394 3.67139 15.2825 3.67139 14.9655Z" fill="#EB0203"></path>
                    <path fill-rule="evenodd" clip-rule="evenodd" d="M0 1.76033C0 0.914738 0.692131 0.229248 1.54592 0.229248H15.0727C15.9265 0.229248 16.6186 0.914738 16.6186 1.76033V11.2818C16.6186 11.5989 16.3591 11.8559 16.0389 11.8559C15.7187 11.8559 15.4592 11.5989 15.4592 11.2818V1.76033C15.4592 1.54893 15.2862 1.37756 15.0727 1.37756H1.54592C1.33247 1.37756 1.15944 1.54893 1.15944 1.76033V18.985C1.15944 19.1964 1.33247 19.3678 1.54592 19.3678H9.27551C9.59568 19.3678 9.85523 19.6249 9.85523 19.942C9.85523 20.2591 9.59568 20.5161 9.27551 20.5161H1.54592C0.692131 20.5161 0 19.8306 0 18.985V1.76033Z" fill="#EB0203"></path>
                    <path fill-rule="evenodd" clip-rule="evenodd" d="M14.6254 13.8718C13.4921 12.8567 11.7821 12.7615 10.6574 13.7147C9.12472 15.0124 9.34891 17.128 10.4413 18.2493L14.0161 21.9126C14.2199 22.1217 14.493 22.2386 14.7824 22.2386C15.0739 22.2386 15.3449 22.1238 15.5487 21.9147L19.1235 18.2514C20.2139 17.13 20.4422 15.0144 18.9075 13.7147C17.7827 12.7634 16.0726 12.8569 14.9392 13.872C14.8856 13.92 14.8333 13.9701 14.7824 14.0222C14.7314 13.97 14.6791 13.9199 14.6254 13.8718ZM18.1546 14.588C19.0972 15.3869 18.9961 16.7262 18.2891 17.4541C18.2888 17.4543 18.2886 17.4546 18.2884 17.4548L14.7834 21.0466L11.2757 17.452C11.2756 17.4519 11.2755 17.4517 11.2753 17.4516C10.5681 16.7252 10.4682 15.3856 11.4108 14.5876L11.4112 14.5872C12.0748 14.0248 13.202 14.0556 13.949 14.8205L14.7824 15.674L15.6158 14.8205C16.3618 14.0567 17.4896 14.0256 18.1545 14.5879" fill="#EB0203"></path>
                    </svg>
                    </button>
                    </div>
                    <div class="col-sm-10 col-12">
                    <div class="ct-tile-quantity d-none" data-pid="7279386">
                    <input type="hidden" class="add-to-cart-url" value="https://www.continente.pt/on/demandware.store/Sites-continente-Site/default/Cart-AddProduct" tabindex="-1">
                    <div class="d-none tile-delete-confirmation-btn" data-pid="7279386" data-delay-time="3000" data-in-cart-msg="no carrinho" data-one-product-added="Adicionado ao carrinho" data-remove-from-cart-msg="Removido do carrinho" data-stay-open="6000.0" data-confirmation-image="{&quot;url&quot;:&quot;https://www.continente.pt/dw/image/v2/BDVS_PRD/on/demandware.static/-/Sites-col-master-catalog/default/dw3a2d52cb/images/col/727/7279386-frente.jpg?sw=87&amp;sh=80&quot;,&quot;fallbackimage&quot;:{&quot;url&quot;:&quot;https://www.continente.pt/dw/image/v2/BDVS_PRD/on/demandware.static/Sites-continente-Site/-/default/dw7c42b4da/images/noimagelarge_product.png?sw=87&amp;sh=80&quot;,&quot;title&quot;:&quot;Girasoli Fresco com Cabra e Mel&quot;,&quot;alt&quot;:&quot;Girasoli Fresco com Cabra e Mel&quot;},&quot;title&quot;:&quot;Girasoli Fresco com Cabra e Mel&quot;,&quot;alt&quot;:&quot;Girasoli Fresco com Cabra e Mel&quot;}"></div>
                    <div class="ct-tile-quantity-update quantity-update product-qty-vue" data-remove-action="https://www.continente.pt/on/demandware.store/Sites-continente-Site/default/Cart-RemoveProductLineItem" data-action="https://www.continente.pt/on/demandware.store/Sites-continente-Site/default/Cart-UpdateQuantity" data-dimension-update="https://www.continente.pt/on/demandware.store/Sites-continente-Site/default/Cart-DimensionUpdate" data-pid="7279386" data-uuid="27e89d9ff0d3c9ecb7d5fc7343" data-add-delay="500.0" data-measure-options="{&quot;hasConversionRate&quot;:true,&quot;hasAlternativeSaleUnit&quot;:false,&quot;primaryToSecondary&quot;:1,&quot;secondaryToPrimary&quot;:1,&quot;unitConversionRate&quot;:1,&quot;minOrderQuantity&quot;:1,&quot;stepQuantity&quot;:1,&quot;primaryunit&quot;:&quot;un&quot;,&quot;secondaryunit&quot;:&quot;kg&quot;,&quot;selectedunit&quot;:&quot;primary&quot;,&quot;maxNumberOfUnitsPerSale&quot;:50}" data-price-available="null" :data-has-error="isMaxQtyReached || isMinQtyReached || qtySelectedMoreThanOne">
                    <template v-show="prodUnits">
                    <div class="quantity-input-wrapper has-units">
                    <label class="visually-hidden" :for="'quantity-' + pid + additionalTag">
                    Quantidade no carrinho
                    </label>
                    <input :ref="'quantityInput-' + pid + additionalTag" class="add-to-cart-quantity form-control ct-form-input text-center" inputmode="numeric" :class="{'is-invalid': isInvalid}" :data-pid="pid + additionalTag" :name="'quantity-' + pid + additionalTag" type="text" aria-label="Insira a quantidade" title="" v-model="displayValue" @change="updateQuantity" @focus="updateQtyFormat" @blur="restoreQtyFormat" :disabled="!isPriceAvailable">
                    <span class="quantity-icon quantity-icon--minus">
                    <button class="decrease-quantity-btn" @click="updateQuantity" :disabled="!isPriceAvailable" role="button" aria-label="Reduzir quantidade">
                    <i class="css-math-minus"></i>
                    </button>
                    </span>
                    <span class="quantity-icon quantity-icon--plus">
                    <button class="increase-quantity-btn" @click="updateQuantity" :disabled="isMaxQtyReached || !isPriceAvailable" role="button" aria-label="Aumentar quantidade">
                    <i class="css-math-plus"></i>
                    </button>
                    <span class="quantity-btn-disabled-placeholder"></span>
                    </span>
                    <template v-if="isPDP">
                    <span class="quantity-error ct-span-error text-sm-center product-max-allocation" v-if="isMaxQtyReached">
                    Quantidade máxima atingida
                    </span>
                    <span class="quantity-error ct-span-product text-sm-center product-allocation" v-if="!isMinQtyReached &amp;&amp; !isMaxQtyReached">
                    {{quantitySelected}} no carrinho
                    </span>
                    <span class="quantity-error ct-span-error text-sm-center product-min-allocation" :data-pid="pid" v-if="isMinQtyReached &amp;&amp; !isMaxQtyReached">
                    Quantidade mínima atingida
                    </span>
                    </template>
                    </div>
                    <template v-if="showNotes">
                    <div class="add-note-link-container ">
                    <div class="add-note">
                    <a href="/produto/girasoli-fresco-com-cabra-e-mel-continente-selecao-7279386.html?showNote=true" class="ct-add-note-redirect-pdp" aria-label="Adicionar comentário">
                    <span class="svg-wrapper svg-icon-notes" style="width:19px; height:20px">
                    <svg class="svg-inline icon-notes" viewBox="0 0 28 30" xmlns="http://www.w3.org/2000/svg" width="100%" height="100%"><path d="M21.738 0C22.985 0 24 1.04 24 2.319V12.47c0 .469-.37.848-.828.848-.457 0-.827-.38-.827-.848V2.32c0-.343-.273-.622-.607-.622H2.262c-.334 0-.607.279-.607.622V27.68c0 .343.273.622.607.622h7.81c.457 0 .827.38.827.849 0 .468-.37.848-.827.848h-7.81C1.015 30 0 28.96 0 27.681V2.32C0 1.04 1.015 0 2.262 0h19.476zm2.844 16.004l.227.007c.823.053 1.589.39 2.176.964.64.627.993 1.46.993 2.349 0 .888-.353 1.722-.993 2.348l-6.83 6.665c-.11.108-.247.186-.397.226l-5.032 1.363c-.078.021-.16.032-.241.032-.242 0-.478-.097-.647-.266-.23-.231-.314-.566-.218-.874l1.49-4.798c.044-.139.122-.266.227-.369l6.844-6.677c.64-.625 1.493-.97 2.401-.97zm-2.886 3.94l-4.922 4.802-.947 3.048 3.22-.872 4.897-4.78-2.248-2.197zm2.887-2.174c-.425 0-.824.162-1.124.455l-.484.472 2.248 2.197.484-.472c.62-.606.62-1.591 0-2.197l-.117-.104c-.283-.227-.636-.35-1.007-.35zm-10.839.022c.498 0 .904.396.904.883 0 .488-.406.884-.904.884H5.946c-.499 0-.904-.396-.904-.884 0-.487.405-.883.904-.883zm5.042-4.876c.498 0 .904.397.904.884s-.406.884-.904.884H5.946c-.499 0-.904-.397-.904-.884s.405-.884.904-.884zm0-4.875c.498 0 .904.396.904.884 0 .487-.406.883-.904.883H5.946c-.499 0-.904-.396-.904-.883 0-.488.405-.884.904-.884z" fill="#EB0203" fill-rule="evenodd"></path></svg>
                    </span>
                    <div class="available-note d-none"></div>
                    </a>
                    </div>
                    </div>
                    </template>
                    <div class="measurement-unit-section" v-if="isPriceAvailable &amp;&amp; prodUnits ? prodUnits.hasAlternativeUnit : false">
                    <div class="ct-form-radio" @click="setDimension">
                    <input type="radio" title="" class="ct-form-check-input product-measurement-unit" :data-type="prodUnits.selectedUnit == prodUnits.secondaryUnit ? 'primary' : ''" :id="prodUnits.secondaryUnit + '-' + pid + '-measurement-unit-ptile' + additionalTag" :name="'measurement-unit-' + pid + '-ptile' + additionalTag" :value="prodUnits.secondaryUnit" v-model="prodUnits.selectedUnit">
                    <label :class="prodUnits.secondaryUnit + '-label ct-form-check-label mb-0'" :for="prodUnits.secondaryUnit + '-' + pid + '-measurement-unit-ptile' + additionalTag">
                    {{prodUnits.secondaryUnit}}
                    </label>
                    <span class="checkmark"></span>
                    </div>
                    <div class="ct-form-radio" @click="setDimension">
                    <input type="radio" title="" class="ct-form-check-input product-measurement-unit" :data-type="prodUnits.selectedUnit == prodUnits.primaryUnit ? 'primary' : ''" :id="prodUnits.primaryUnit + '-' + pid + '-measurement-unit-ptile' + additionalTag" :name="'measurement-unit-' + pid + '-ptile' + additionalTag" :value="prodUnits.primaryUnit" v-model="prodUnits.selectedUnit">
                    <label :class="prodUnits.primaryUnit + '-label ct-form-check-label mb-0'" :for="prodUnits.primaryUnit + '-' + pid + '-measurement-unit-ptile' + additionalTag">
                    {{prodUnits.primaryUnit}}
                    </label>
                    <span class="checkmark"></span>
                    </div>
                    </div>
                    <template v-if="!isPDP &amp;&amp; isPriceAvailable">
                    <span class="quantity-error ct-span-error product-max-allocation" v-if="isMaxQtyReached">
                    Quantidade máxima atingida
                    </span>
                    <span class="quantity-error ct-span-product product-allocation" v-if="!isMinQtyReached &amp;&amp; !isMaxQtyReached">
                    {{quantitySelected}} no carrinho
                    </span>
                    <span class="quantity-error ct-span-error product-min-allocation" :data-pid="pid" v-if="isMinQtyReached &amp;&amp; !isMaxQtyReached">
                    Quantidade mínima atingida
                    </span>
                    </template>
                    </template>
                    </div>
                    <input class="quantity-value-mask d-none" name="quantity" type="number" min="0" value="" tabindex="-1">
                    </div>
                    <button type="button" class="add-to-cart button js-add-to-cart js-add-to-cart-tile 7279386 button--primary dynamic-layout-btn" data-toggle="modal" data-target="#chooseBonusProductModal" data-pid="7279386" data-quantity-value="null" aria-label="Carrinho" tabindex="-1">
                    <span class="d-block d-sm-none">
                    <span class="svg-wrapper svg-icon-cart" style="width:20px; height:20px">
                    <svg class="svg-inline icon-cart" xmlns="http://www.w3.org/2000/svg" viewBox="0 0 500 500" width="100%" height="100%"><path fill="#EB0203" fill-rule="evenodd" d="M 485.67317,94.386311 C 476.37798,83.847129 463.09468,78.03348 448.30404,78.03348 H 90.690813 L 87.079511,51.327997 C 83.185582,22.539551 62.962285,0 41.011841,0 H 14.727836 C 6.563151,0 0,6.5286975 0,14.580758 c 0,8.05206 6.5945535,14.580758 14.727836,14.580758 h 26.284005 c 4.710398,0 14.696435,9.855222 16.894619,26.021523 L 100.01739,368.0631 c 1.88416,13.77244 9.01256,26.70549 20.1605,36.37417 8.25889,7.15046 18.02511,11.9071 28.26237,13.89679 -4.17655,7.58572 -6.53175,16.25957 -6.53175,25.493 0,29.53459 24.27424,53.59751 54.13815,53.59751 29.8325,0 54.13814,-24.03184 54.13814,-53.59751 0,-8.79818 -2.19818,-17.09897 -5.9979,-24.43598 h 77.12488 c -3.79973,7.33701 -5.96652,15.6378 -5.96652,24.43598 0,29.53459 24.27424,53.59751 54.13817,53.59751 29.83249,0 54.13814,-24.03184 54.13814,-53.59751 0,-8.79818 -2.1982,-17.09897 -5.9979,-24.43598 h 38.56243 c 8.13328,0 14.72783,-6.5287 14.72783,-14.61183 0,-8.02098 -6.59455,-14.54967 -14.72783,-14.54967 H 159.24277 c -14.38241,0 -28.13677,-11.90711 -30.02092,-26.02153 l -3.07746,-22.88154 h 290.6314 c 14.03698,0 27.94834,-5.28513 39.06488,-14.95381 11.11652,-9.6376 18.27632,-22.57065 20.16048,-36.37417 l 21.10259,-156.78201 c 1.94694,-14.51858 -2.10398,-28.29103 -11.43057,-38.861299 z M 220.76053,443.82706 c 0,13.49265 -11.08513,24.46709 -24.68247,24.46709 -13.62874,0 -24.71387,-10.97444 -24.71387,-24.46709 0,-13.49262 11.08513,-24.43598 24.71387,-24.43598 13.59734,0 24.68247,10.94336 24.68247,24.43598 z m 173.43675,0 c 0,13.49265 -11.08512,24.46709 -24.68245,24.46709 -13.62876,0 -24.71388,-10.97444 -24.71388,-24.46709 0,-13.49262 11.08512,-24.43598 24.71388,-24.43598 13.59733,0 24.68245,10.94336 24.68245,24.43598 z m 73.7648,-314.46558 -21.13397,156.782 c -1.88416,14.11442 -15.63851,26.05261 -30.02091,26.05261 H 122.25046 L 94.616142,107.19499 H 448.33544 c 6.18632,0 11.61896,2.2695 15.23028,6.37326 3.64269,4.13484 5.21283,9.73086 4.39636,15.79323 z"></path></svg>
                    </span>
                    </span>
                    <span class="add-to-cart--text d-none d-sm-block">Carrinho</span>
                    </button>
                    </div>
                    </div>
                    </div>
                    </div>
                    
                    <div class="col-12 d-sm-none">
                    </div>
                    </div>
                    </div>
                    </div>
                    </div><div class="pd-tile-wrap slick-slide slick-cloned" data-idx="13" style="width: 276px; height: auto;" data-slick-index="29" id="" aria-hidden="true" tabindex="-1">
                    
                    <script type="text/javascript">//<!--
                    /* <![CDATA[ */
                    (function(){
                    try {
                        if(window.CQuotient) {
                            var cq_params = {};
                            cq_params.cookieId = window.CQuotient.getCQCookieId();
                            cq_params.userId = window.CQuotient.getCQUserId();
                            cq_params.emailId = CQuotient.getCQHashedEmail();
                            cq_params.loginId = CQuotient.getCQHashedLogin();
                            cq_params.accumulate = true;
                            cq_params.products = [{
                                id: '5049797',
                                sku: '',
                                type: '',
                                alt_id: ''
                            }];
                            cq_params.recommenderName = '__UNDEFINED__';
                            cq_params.realm = "BDVS";
                            cq_params.siteId = "continente";
                            cq_params.instanceType = "prd";
                            cq_params.locale = window.CQuotient.locale;
                            cq_params.slotId = '';
                            cq_params.slotConfigId = '';
                            cq_params.slotConfigTemplate = '';
                            if(window.CQuotient.sendActivity)
                                window.CQuotient.sendActivity( CQuotient.clientId, 'viewReco', cq_params );
                            else
                                window.CQuotient.activities.push( {activityType: 'viewReco', parameters: cq_params} );
                        }
                    } catch(err) {}
                    })();
                    /* ]]> */
                    // -->
                    </script>
                    <script type="text/javascript">//<!--
                    /* <![CDATA[ (viewProduct-active_data.js) */
                    dw.ac._capture({id: "5049797", type: "recommendation"});
                    /* ]]> */
                    // -->
                    </script>
                    <div class="product" data-pid="5049797">
                    <div class="product-tile pid-5049797   ct-product-tile " data-delay-time="3000" data-variants-mapping="[]" data-in-cart-msg="no carrinho" data-one-product-added="Adicionado ao carrinho" data-remove-from-cart-msg="Removido do carrinho" data-stay-open="6000.0" data-product-tile-impression="{&quot;name&quot;:&quot;5049797&quot;,&quot;id&quot;:&quot;5049797&quot;,&quot;price&quot;:2.99,&quot;brand&quot;:&quot;Continente Fácil &amp; Bom&quot;,&quot;category&quot;:[{&quot;category_level_1&quot;:&quot;Take-Away&quot;},{&quot;category_level_2&quot;:&quot;Refeições Prontas&quot;},{&quot;category_level_3&quot;:&quot;Peixe e Marisco&quot;}],&quot;variant&quot;:&quot;&quot;}">
                    <div class="ct-inner-tile-wrap row no-gutters justify-content-center align-content-start">
                    
                    <div class="ct-image-container col-4 col-sm" data-confirmation-image="{&quot;url&quot;:&quot;https://www.continente.pt/dw/image/v2/BDVS_PRD/on/demandware.static/-/Sites-col-master-catalog/default/dwc0aa3107/images/col/504/5049797-frente.jpg?sw=87&amp;sh=80&quot;,&quot;fallbackimage&quot;:{&quot;url&quot;:&quot;https://www.continente.pt/dw/image/v2/BDVS_PRD/on/demandware.static/Sites-continente-Site/-/default/dw7c42b4da/images/noimagelarge_product.png?sw=87&amp;sh=80&quot;,&quot;title&quot;:&quot;Bacalhau à Brás&quot;,&quot;alt&quot;:&quot;Bacalhau à Brás&quot;},&quot;title&quot;:&quot;Bacalhau à Brás&quot;,&quot;alt&quot;:&quot;Bacalhau à Brás&quot;}">
                    <a href="https://www.continente.pt/produto/bacalhau-a-bras-continente-facil-bom-5049797.html?cgid=home" tabindex="-1">
                    <picture class="intrinsic intrinsic--square">
                    <img class="ct-tile-image lazyloaded" loading="lazy" onerror="this.onerror=null;this.src='/on/demandware.static/Sites-continente-Site/-/default/dw7c42b4da/images/noimagelarge_product.png';" data-src="https://www.continente.pt/dw/image/v2/BDVS_PRD/on/demandware.static/-/Sites-col-master-catalog/default/dwc0aa3107/images/col/504/5049797-frente.jpg?sw=280&amp;sh=280" alt="Bacalhau à Brás" title="Bacalhau à Brás" src="https://www.continente.pt/dw/image/v2/BDVS_PRD/on/demandware.static/-/Sites-col-master-catalog/default/dwc0aa3107/images/col/504/5049797-frente.jpg?sw=280&amp;sh=280">
                    </picture>
                    </a>
                    <div class="color-swatches d-flex" style="margin-left: 5px;">
                    <div class="swatches d-flex">
                    </div>
                    </div>
                    </div>
                    <div class="ct-tile-body col col-sm-auto ">
                    <div class="ct-pdp-details">
                    <div class="ct-pdp-link">
                    <a class="ct-tile--description" href="https://www.continente.pt/produto/bacalhau-a-bras-continente-facil-bom-5049797.html?cgid=home" tabindex="-1">Bacalhau à Brás</a>
                    <div class="ct-tile--favorite-top d-sm-none">
                    <button class="wishlist-toggler guest-mode inactive button button--tertiary" data-pid="5049797" data-add-url="https://www.continente.pt/on/demandware.store/Sites-continente-Site/default/Wishlist-AddProduct?pid=5049797" data-toggle="tooltip" aria-label="Adicionar aos favoritos " data-original-title="Adicionar aos favoritos" data-placement="top" tabindex="-1">
                    <svg class="active-content" width="100%" height="100%" viewBox="0 0 20 22" fill="none" xmlns="http://www.w3.org/2000/svg">
                    <path fill-rule="evenodd" clip-rule="evenodd" d="M0 1.53052C0 0.685236 0.692171 0 1.54601 0H15.0736C15.9274 0 16.6196 0.685235 16.6196 1.53052V13.4064L15.8127 13.922L14.2658 14.2658L12.7189 13.4064L10.6054 14.3818C10.4994 14.2451 10.3327 14.157 10.1452 14.157H6.76329C6.4431 14.157 6.18354 14.414 6.18354 14.731C6.18354 15.0479 6.4431 15.3049 6.76329 15.3049H10.1452C10.2478 15.3049 10.3441 15.2785 10.4277 15.2322L10.3126 16.8439L13.2345 20.2793H1.54601C0.69217 20.2793 0 19.5941 0 18.7488V1.53052ZM6.18354 5.5483C6.18354 5.23132 6.4431 4.97436 6.76329 4.97436H12.3676C12.6878 4.97436 12.9473 5.23132 12.9473 5.5483C12.9473 5.86528 12.6878 6.12224 12.3676 6.12224H6.76329C6.4431 6.12224 6.18354 5.86528 6.18354 5.5483ZM6.76329 11.0961C6.4431 11.0961 6.18354 11.3531 6.18354 11.6701C6.18354 11.987 6.4431 12.244 6.76329 12.244H12.3676C12.6878 12.244 12.9473 11.987 12.9473 11.6701C12.9473 11.3531 12.6878 11.0961 12.3676 11.0961H6.76329ZM6.18354 8.60985C6.18354 8.29287 6.4431 8.03591 6.76329 8.03591H12.3676C12.6878 8.03591 12.9473 8.29287 12.9473 8.60985C12.9473 8.92684 12.6878 9.1838 12.3676 9.1838H6.76329C6.4431 9.1838 6.18354 8.92684 6.18354 8.60985ZM3.67118 5.5483C3.67118 5.23132 3.93075 4.97436 4.25093 4.97436H4.63743C4.95762 4.97436 5.21719 5.23132 5.21719 5.5483C5.21719 5.86528 4.95762 6.12224 4.63743 6.12224H4.25093C3.93075 6.12224 3.67118 5.86528 3.67118 5.5483ZM4.25093 11.0961C3.93075 11.0961 3.67118 11.3531 3.67118 11.6701C3.67118 11.987 3.93075 12.244 4.25093 12.244H4.63743C4.95762 12.244 5.21719 11.987 5.21719 11.6701C5.21719 11.3531 4.95762 11.0961 4.63743 11.0961H4.25093ZM3.67118 8.60985C3.67118 8.29287 3.93075 8.03591 4.25093 8.03591H4.63743C4.95762 8.03591 5.21719 8.29287 5.21719 8.60985C5.21719 8.92684 4.95762 9.1838 4.63743 9.1838H4.25093C3.93075 9.1838 3.67118 8.92684 3.67118 8.60985ZM4.25093 14.157C3.93075 14.157 3.67118 14.414 3.67118 14.731C3.67118 15.0479 3.93075 15.3049 4.25093 15.3049H4.63743C4.95762 15.3049 5.21719 15.0479 5.21719 14.731C5.21719 14.414 4.95762 14.157 4.63743 14.157H4.25093Z" fill="#EB0203"></path>
                    <path fill-rule="evenodd" clip-rule="evenodd" d="M14.6252 13.6363C13.4918 12.6215 11.7817 12.5264 10.6569 13.4792C9.12421 14.7764 9.34841 16.8912 10.4409 18.0122L14.0159 21.6742C14.2197 21.8832 14.4928 22 14.7822 22C15.0737 22 15.3448 21.8852 15.5486 21.6762L19.1236 18.0142C20.214 16.8933 20.4423 14.7785 18.9075 13.4792C17.7827 12.5283 16.0724 12.6217 14.9391 13.6365C14.8855 13.6845 14.8331 13.7345 14.7822 13.7866C14.7313 13.7345 14.6789 13.6843 14.6252 13.6363ZM18.1546 14.3522C19.0973 15.1508 18.9962 16.4896 18.2891 17.2173C18.2888 17.2175 18.2886 17.2177 18.2884 17.218L14.7832 20.8084L11.2753 17.2151C11.2752 17.215 11.2751 17.2149 11.2749 17.2148C10.5677 16.4887 10.4678 15.1495 11.4104 14.3518L11.4108 14.3514C12.0745 13.7892 13.2018 13.82 13.9488 14.5846L14.7822 15.4378L15.6157 14.5846C16.3617 13.8211 17.4896 13.79 18.1545 14.3521" fill="#EB0203"></path>
                    </svg>
                    <svg class="inactive-content" width="100%" height="100%" viewBox="0 0 20 23" fill="none" xmlns="http://www.w3.org/2000/svg">
                    <path fill-rule="evenodd" clip-rule="evenodd" d="M6.18408 5.77914C6.18408 5.46223 6.44363 5.20532 6.7638 5.20532H12.3678C12.6879 5.20532 12.9475 5.46223 12.9475 5.77914C12.9475 6.09606 12.6879 6.35297 12.3678 6.35297H6.7638C6.44363 6.35297 6.18408 6.09606 6.18408 5.77914Z" fill="#EB0203"></path>
                    <path fill-rule="evenodd" clip-rule="evenodd" d="M6.18408 11.9034C6.18408 11.5865 6.44363 11.3296 6.7638 11.3296H12.3678C12.6879 11.3296 12.9475 11.5865 12.9475 11.9034C12.9475 12.2202 12.6879 12.4771 12.3678 12.4771H6.7638C6.44363 12.4771 6.18408 12.2202 6.18408 11.9034Z" fill="#EB0203"></path>
                    <path fill-rule="evenodd" clip-rule="evenodd" d="M6.18408 8.84116C6.18408 8.52424 6.44363 8.26733 6.7638 8.26733H12.3678C12.6879 8.26733 12.9475 8.52424 12.9475 8.84116C12.9475 9.15807 12.6879 9.41498 12.3678 9.41498H6.7638C6.44363 9.41498 6.18408 9.15807 6.18408 8.84116Z" fill="#EB0203"></path>
                    <path fill-rule="evenodd" clip-rule="evenodd" d="M6.18408 14.9655C6.18408 14.6486 6.44363 14.3917 6.7638 14.3917H10.1455C10.4657 14.3917 10.7252 14.6486 10.7252 14.9655C10.7252 15.2825 10.4657 15.5394 10.1455 15.5394H6.7638C6.44363 15.5394 6.18408 15.2825 6.18408 14.9655Z" fill="#EB0203"></path>
                    <path fill-rule="evenodd" clip-rule="evenodd" d="M3.67139 5.77914C3.67139 5.46223 3.93094 5.20532 4.25111 5.20532H4.63759C4.95776 5.20532 5.21731 5.46223 5.21731 5.77914C5.21731 6.09606 4.95776 6.35297 4.63759 6.35297H4.25111C3.93094 6.35297 3.67139 6.09606 3.67139 5.77914Z" fill="#EB0203"></path>
                    <path fill-rule="evenodd" clip-rule="evenodd" d="M3.67139 11.9034C3.67139 11.5865 3.93094 11.3296 4.25111 11.3296H4.63759C4.95776 11.3296 5.21731 11.5865 5.21731 11.9034C5.21731 12.2202 4.95776 12.4771 4.63759 12.4771H4.25111C3.93094 12.4771 3.67139 12.2202 3.67139 11.9034Z" fill="#EB0203"></path>
                    <path fill-rule="evenodd" clip-rule="evenodd" d="M3.67139 8.84116C3.67139 8.52424 3.93094 8.26733 4.25111 8.26733H4.63759C4.95776 8.26733 5.21731 8.52424 5.21731 8.84116C5.21731 9.15807 4.95776 9.41498 4.63759 9.41498H4.25111C3.93094 9.41498 3.67139 9.15807 3.67139 8.84116Z" fill="#EB0203"></path>
                    <path fill-rule="evenodd" clip-rule="evenodd" d="M3.67139 14.9655C3.67139 14.6486 3.93094 14.3917 4.25111 14.3917H4.63759C4.95776 14.3917 5.21731 14.6486 5.21731 14.9655C5.21731 15.2825 4.95776 15.5394 4.63759 15.5394H4.25111C3.93094 15.5394 3.67139 15.2825 3.67139 14.9655Z" fill="#EB0203"></path>
                    <path fill-rule="evenodd" clip-rule="evenodd" d="M0 1.76033C0 0.914738 0.692131 0.229248 1.54592 0.229248H15.0727C15.9265 0.229248 16.6186 0.914738 16.6186 1.76033V11.2818C16.6186 11.5989 16.3591 11.8559 16.0389 11.8559C15.7187 11.8559 15.4592 11.5989 15.4592 11.2818V1.76033C15.4592 1.54893 15.2862 1.37756 15.0727 1.37756H1.54592C1.33247 1.37756 1.15944 1.54893 1.15944 1.76033V18.985C1.15944 19.1964 1.33247 19.3678 1.54592 19.3678H9.27551C9.59568 19.3678 9.85523 19.6249 9.85523 19.942C9.85523 20.2591 9.59568 20.5161 9.27551 20.5161H1.54592C0.692131 20.5161 0 19.8306 0 18.985V1.76033Z" fill="#EB0203"></path>
                    <path fill-rule="evenodd" clip-rule="evenodd" d="M14.6254 13.8718C13.4921 12.8567 11.7821 12.7615 10.6574 13.7147C9.12472 15.0124 9.34891 17.128 10.4413 18.2493L14.0161 21.9126C14.2199 22.1217 14.493 22.2386 14.7824 22.2386C15.0739 22.2386 15.3449 22.1238 15.5487 21.9147L19.1235 18.2514C20.2139 17.13 20.4422 15.0144 18.9075 13.7147C17.7827 12.7634 16.0726 12.8569 14.9392 13.872C14.8856 13.92 14.8333 13.9701 14.7824 14.0222C14.7314 13.97 14.6791 13.9199 14.6254 13.8718ZM18.1546 14.588C19.0972 15.3869 18.9961 16.7262 18.2891 17.4541C18.2888 17.4543 18.2886 17.4546 18.2884 17.4548L14.7834 21.0466L11.2757 17.452C11.2756 17.4519 11.2755 17.4517 11.2753 17.4516C10.5681 16.7252 10.4682 15.3856 11.4108 14.5876L11.4112 14.5872C12.0748 14.0248 13.202 14.0556 13.949 14.8205L14.7824 15.674L15.6158 14.8205C16.3618 14.0567 17.4896 14.0256 18.1545 14.5879" fill="#EB0203"></path>
                    </svg>
                    </button>
                    </div>
                    </div>
                    <p class="ct-tile--brand">Continente Fácil &amp; Bom</p>
                    <p class="ct-tile--quantity">emb. 250 gr</p>
                    </div>
                    <div class="ct-tile-bottom row no-gutters justify-content-between">
                    <div class="ct-price-wrap col-8 col-sm-12">
                    <div class="price js-product-price">
                    <div class="prices-wrapper">
                    <span class="sales ct-tile--price-primary ">
                    <span class="value" content="2.99">
                    <span class="ct-price-formatted">
                    €2,99
                    </span>
                    <span class="ct-m-unit">
                    /un
                    </span>
                    </span>
                    </span>
                    </div>
                    <div class="ct-tile--price-secondary">
                    <span class="ct-price-value">
                    €11,96
                    </span>
                    <span class="ct-m-unit">
                    /kg
                    </span>
                    </div>
                    </div>
                    </div>
                    <div class="ct-tile-buy-section d-flex justify-content-center no-gutters col-auto col-sm-12">
                    <div class="col-2 d-sm-flex d-none">
                    <button class="wishlist-toggler guest-mode inactive button button--tertiary" data-pid="5049797" data-add-url="https://www.continente.pt/on/demandware.store/Sites-continente-Site/default/Wishlist-AddProduct?pid=5049797" data-toggle="tooltip" aria-label="Adicionar aos favoritos " data-original-title="Adicionar aos favoritos" data-placement="top" tabindex="-1">
                    <svg class="active-content" width="100%" height="100%" viewBox="0 0 20 22" fill="none" xmlns="http://www.w3.org/2000/svg">
                    <path fill-rule="evenodd" clip-rule="evenodd" d="M0 1.53052C0 0.685236 0.692171 0 1.54601 0H15.0736C15.9274 0 16.6196 0.685235 16.6196 1.53052V13.4064L15.8127 13.922L14.2658 14.2658L12.7189 13.4064L10.6054 14.3818C10.4994 14.2451 10.3327 14.157 10.1452 14.157H6.76329C6.4431 14.157 6.18354 14.414 6.18354 14.731C6.18354 15.0479 6.4431 15.3049 6.76329 15.3049H10.1452C10.2478 15.3049 10.3441 15.2785 10.4277 15.2322L10.3126 16.8439L13.2345 20.2793H1.54601C0.69217 20.2793 0 19.5941 0 18.7488V1.53052ZM6.18354 5.5483C6.18354 5.23132 6.4431 4.97436 6.76329 4.97436H12.3676C12.6878 4.97436 12.9473 5.23132 12.9473 5.5483C12.9473 5.86528 12.6878 6.12224 12.3676 6.12224H6.76329C6.4431 6.12224 6.18354 5.86528 6.18354 5.5483ZM6.76329 11.0961C6.4431 11.0961 6.18354 11.3531 6.18354 11.6701C6.18354 11.987 6.4431 12.244 6.76329 12.244H12.3676C12.6878 12.244 12.9473 11.987 12.9473 11.6701C12.9473 11.3531 12.6878 11.0961 12.3676 11.0961H6.76329ZM6.18354 8.60985C6.18354 8.29287 6.4431 8.03591 6.76329 8.03591H12.3676C12.6878 8.03591 12.9473 8.29287 12.9473 8.60985C12.9473 8.92684 12.6878 9.1838 12.3676 9.1838H6.76329C6.4431 9.1838 6.18354 8.92684 6.18354 8.60985ZM3.67118 5.5483C3.67118 5.23132 3.93075 4.97436 4.25093 4.97436H4.63743C4.95762 4.97436 5.21719 5.23132 5.21719 5.5483C5.21719 5.86528 4.95762 6.12224 4.63743 6.12224H4.25093C3.93075 6.12224 3.67118 5.86528 3.67118 5.5483ZM4.25093 11.0961C3.93075 11.0961 3.67118 11.3531 3.67118 11.6701C3.67118 11.987 3.93075 12.244 4.25093 12.244H4.63743C4.95762 12.244 5.21719 11.987 5.21719 11.6701C5.21719 11.3531 4.95762 11.0961 4.63743 11.0961H4.25093ZM3.67118 8.60985C3.67118 8.29287 3.93075 8.03591 4.25093 8.03591H4.63743C4.95762 8.03591 5.21719 8.29287 5.21719 8.60985C5.21719 8.92684 4.95762 9.1838 4.63743 9.1838H4.25093C3.93075 9.1838 3.67118 8.92684 3.67118 8.60985ZM4.25093 14.157C3.93075 14.157 3.67118 14.414 3.67118 14.731C3.67118 15.0479 3.93075 15.3049 4.25093 15.3049H4.63743C4.95762 15.3049 5.21719 15.0479 5.21719 14.731C5.21719 14.414 4.95762 14.157 4.63743 14.157H4.25093Z" fill="#EB0203"></path>
                    <path fill-rule="evenodd" clip-rule="evenodd" d="M14.6252 13.6363C13.4918 12.6215 11.7817 12.5264 10.6569 13.4792C9.12421 14.7764 9.34841 16.8912 10.4409 18.0122L14.0159 21.6742C14.2197 21.8832 14.4928 22 14.7822 22C15.0737 22 15.3448 21.8852 15.5486 21.6762L19.1236 18.0142C20.214 16.8933 20.4423 14.7785 18.9075 13.4792C17.7827 12.5283 16.0724 12.6217 14.9391 13.6365C14.8855 13.6845 14.8331 13.7345 14.7822 13.7866C14.7313 13.7345 14.6789 13.6843 14.6252 13.6363ZM18.1546 14.3522C19.0973 15.1508 18.9962 16.4896 18.2891 17.2173C18.2888 17.2175 18.2886 17.2177 18.2884 17.218L14.7832 20.8084L11.2753 17.2151C11.2752 17.215 11.2751 17.2149 11.2749 17.2148C10.5677 16.4887 10.4678 15.1495 11.4104 14.3518L11.4108 14.3514C12.0745 13.7892 13.2018 13.82 13.9488 14.5846L14.7822 15.4378L15.6157 14.5846C16.3617 13.8211 17.4896 13.79 18.1545 14.3521" fill="#EB0203"></path>
                    </svg>
                    <svg class="inactive-content" width="100%" height="100%" viewBox="0 0 20 23" fill="none" xmlns="http://www.w3.org/2000/svg">
                    <path fill-rule="evenodd" clip-rule="evenodd" d="M6.18408 5.77914C6.18408 5.46223 6.44363 5.20532 6.7638 5.20532H12.3678C12.6879 5.20532 12.9475 5.46223 12.9475 5.77914C12.9475 6.09606 12.6879 6.35297 12.3678 6.35297H6.7638C6.44363 6.35297 6.18408 6.09606 6.18408 5.77914Z" fill="#EB0203"></path>
                    <path fill-rule="evenodd" clip-rule="evenodd" d="M6.18408 11.9034C6.18408 11.5865 6.44363 11.3296 6.7638 11.3296H12.3678C12.6879 11.3296 12.9475 11.5865 12.9475 11.9034C12.9475 12.2202 12.6879 12.4771 12.3678 12.4771H6.7638C6.44363 12.4771 6.18408 12.2202 6.18408 11.9034Z" fill="#EB0203"></path>
                    <path fill-rule="evenodd" clip-rule="evenodd" d="M6.18408 8.84116C6.18408 8.52424 6.44363 8.26733 6.7638 8.26733H12.3678C12.6879 8.26733 12.9475 8.52424 12.9475 8.84116C12.9475 9.15807 12.6879 9.41498 12.3678 9.41498H6.7638C6.44363 9.41498 6.18408 9.15807 6.18408 8.84116Z" fill="#EB0203"></path>
                    <path fill-rule="evenodd" clip-rule="evenodd" d="M6.18408 14.9655C6.18408 14.6486 6.44363 14.3917 6.7638 14.3917H10.1455C10.4657 14.3917 10.7252 14.6486 10.7252 14.9655C10.7252 15.2825 10.4657 15.5394 10.1455 15.5394H6.7638C6.44363 15.5394 6.18408 15.2825 6.18408 14.9655Z" fill="#EB0203"></path>
                    <path fill-rule="evenodd" clip-rule="evenodd" d="M3.67139 5.77914C3.67139 5.46223 3.93094 5.20532 4.25111 5.20532H4.63759C4.95776 5.20532 5.21731 5.46223 5.21731 5.77914C5.21731 6.09606 4.95776 6.35297 4.63759 6.35297H4.25111C3.93094 6.35297 3.67139 6.09606 3.67139 5.77914Z" fill="#EB0203"></path>
                    <path fill-rule="evenodd" clip-rule="evenodd" d="M3.67139 11.9034C3.67139 11.5865 3.93094 11.3296 4.25111 11.3296H4.63759C4.95776 11.3296 5.21731 11.5865 5.21731 11.9034C5.21731 12.2202 4.95776 12.4771 4.63759 12.4771H4.25111C3.93094 12.4771 3.67139 12.2202 3.67139 11.9034Z" fill="#EB0203"></path>
                    <path fill-rule="evenodd" clip-rule="evenodd" d="M3.67139 8.84116C3.67139 8.52424 3.93094 8.26733 4.25111 8.26733H4.63759C4.95776 8.26733 5.21731 8.52424 5.21731 8.84116C5.21731 9.15807 4.95776 9.41498 4.63759 9.41498H4.25111C3.93094 9.41498 3.67139 9.15807 3.67139 8.84116Z" fill="#EB0203"></path>
                    <path fill-rule="evenodd" clip-rule="evenodd" d="M3.67139 14.9655C3.67139 14.6486 3.93094 14.3917 4.25111 14.3917H4.63759C4.95776 14.3917 5.21731 14.6486 5.21731 14.9655C5.21731 15.2825 4.95776 15.5394 4.63759 15.5394H4.25111C3.93094 15.5394 3.67139 15.2825 3.67139 14.9655Z" fill="#EB0203"></path>
                    <path fill-rule="evenodd" clip-rule="evenodd" d="M0 1.76033C0 0.914738 0.692131 0.229248 1.54592 0.229248H15.0727C15.9265 0.229248 16.6186 0.914738 16.6186 1.76033V11.2818C16.6186 11.5989 16.3591 11.8559 16.0389 11.8559C15.7187 11.8559 15.4592 11.5989 15.4592 11.2818V1.76033C15.4592 1.54893 15.2862 1.37756 15.0727 1.37756H1.54592C1.33247 1.37756 1.15944 1.54893 1.15944 1.76033V18.985C1.15944 19.1964 1.33247 19.3678 1.54592 19.3678H9.27551C9.59568 19.3678 9.85523 19.6249 9.85523 19.942C9.85523 20.2591 9.59568 20.5161 9.27551 20.5161H1.54592C0.692131 20.5161 0 19.8306 0 18.985V1.76033Z" fill="#EB0203"></path>
                    <path fill-rule="evenodd" clip-rule="evenodd" d="M14.6254 13.8718C13.4921 12.8567 11.7821 12.7615 10.6574 13.7147C9.12472 15.0124 9.34891 17.128 10.4413 18.2493L14.0161 21.9126C14.2199 22.1217 14.493 22.2386 14.7824 22.2386C15.0739 22.2386 15.3449 22.1238 15.5487 21.9147L19.1235 18.2514C20.2139 17.13 20.4422 15.0144 18.9075 13.7147C17.7827 12.7634 16.0726 12.8569 14.9392 13.872C14.8856 13.92 14.8333 13.9701 14.7824 14.0222C14.7314 13.97 14.6791 13.9199 14.6254 13.8718ZM18.1546 14.588C19.0972 15.3869 18.9961 16.7262 18.2891 17.4541C18.2888 17.4543 18.2886 17.4546 18.2884 17.4548L14.7834 21.0466L11.2757 17.452C11.2756 17.4519 11.2755 17.4517 11.2753 17.4516C10.5681 16.7252 10.4682 15.3856 11.4108 14.5876L11.4112 14.5872C12.0748 14.0248 13.202 14.0556 13.949 14.8205L14.7824 15.674L15.6158 14.8205C16.3618 14.0567 17.4896 14.0256 18.1545 14.5879" fill="#EB0203"></path>
                    </svg>
                    </button>
                    </div>
                    <div class="col-sm-10 col-12">
                    <div class="ct-tile-quantity d-none" data-pid="5049797">
                    <input type="hidden" class="add-to-cart-url" value="https://www.continente.pt/on/demandware.store/Sites-continente-Site/default/Cart-AddProduct" tabindex="-1">
                    <div class="d-none tile-delete-confirmation-btn" data-pid="5049797" data-delay-time="3000" data-in-cart-msg="no carrinho" data-one-product-added="Adicionado ao carrinho" data-remove-from-cart-msg="Removido do carrinho" data-stay-open="6000.0" data-confirmation-image="{&quot;url&quot;:&quot;https://www.continente.pt/dw/image/v2/BDVS_PRD/on/demandware.static/-/Sites-col-master-catalog/default/dwc0aa3107/images/col/504/5049797-frente.jpg?sw=87&amp;sh=80&quot;,&quot;fallbackimage&quot;:{&quot;url&quot;:&quot;https://www.continente.pt/dw/image/v2/BDVS_PRD/on/demandware.static/Sites-continente-Site/-/default/dw7c42b4da/images/noimagelarge_product.png?sw=87&amp;sh=80&quot;,&quot;title&quot;:&quot;Bacalhau à Brás&quot;,&quot;alt&quot;:&quot;Bacalhau à Brás&quot;},&quot;title&quot;:&quot;Bacalhau à Brás&quot;,&quot;alt&quot;:&quot;Bacalhau à Brás&quot;}"></div>
                    <div class="ct-tile-quantity-update quantity-update product-qty-vue" data-remove-action="https://www.continente.pt/on/demandware.store/Sites-continente-Site/default/Cart-RemoveProductLineItem" data-action="https://www.continente.pt/on/demandware.store/Sites-continente-Site/default/Cart-UpdateQuantity" data-dimension-update="https://www.continente.pt/on/demandware.store/Sites-continente-Site/default/Cart-DimensionUpdate" data-pid="5049797" data-uuid="28ede2b57de52700eca15a23f3" data-add-delay="500.0" data-measure-options="{&quot;hasConversionRate&quot;:true,&quot;hasAlternativeSaleUnit&quot;:false,&quot;primaryToSecondary&quot;:1,&quot;secondaryToPrimary&quot;:1,&quot;unitConversionRate&quot;:1,&quot;minOrderQuantity&quot;:1,&quot;stepQuantity&quot;:1,&quot;primaryunit&quot;:&quot;un&quot;,&quot;secondaryunit&quot;:&quot;kg&quot;,&quot;selectedunit&quot;:&quot;primary&quot;,&quot;maxNumberOfUnitsPerSale&quot;:50}" data-price-available="null" :data-has-error="isMaxQtyReached || isMinQtyReached || qtySelectedMoreThanOne">
                    <template v-show="prodUnits">
                    <div class="quantity-input-wrapper has-units">
                    <label class="visually-hidden" :for="'quantity-' + pid + additionalTag">
                    Quantidade no carrinho
                    </label>
                    <input :ref="'quantityInput-' + pid + additionalTag" class="add-to-cart-quantity form-control ct-form-input text-center" inputmode="numeric" :class="{'is-invalid': isInvalid}" :data-pid="pid + additionalTag" :name="'quantity-' + pid + additionalTag" type="text" aria-label="Insira a quantidade" title="" v-model="displayValue" @change="updateQuantity" @focus="updateQtyFormat" @blur="restoreQtyFormat" :disabled="!isPriceAvailable">
                    <span class="quantity-icon quantity-icon--minus">
                    <button class="decrease-quantity-btn" @click="updateQuantity" :disabled="!isPriceAvailable" role="button" aria-label="Reduzir quantidade">
                    <i class="css-math-minus"></i>
                    </button>
                    </span>
                    <span class="quantity-icon quantity-icon--plus">
                    <button class="increase-quantity-btn" @click="updateQuantity" :disabled="isMaxQtyReached || !isPriceAvailable" role="button" aria-label="Aumentar quantidade">
                    <i class="css-math-plus"></i>
                    </button>
                    <span class="quantity-btn-disabled-placeholder"></span>
                    </span>
                    <template v-if="isPDP">
                    <span class="quantity-error ct-span-error text-sm-center product-max-allocation" v-if="isMaxQtyReached">
                    Quantidade máxima atingida
                    </span>
                    <span class="quantity-error ct-span-product text-sm-center product-allocation" v-if="!isMinQtyReached &amp;&amp; !isMaxQtyReached">
                    {{quantitySelected}} no carrinho
                    </span>
                    <span class="quantity-error ct-span-error text-sm-center product-min-allocation" :data-pid="pid" v-if="isMinQtyReached &amp;&amp; !isMaxQtyReached">
                    Quantidade mínima atingida
                    </span>
                    </template>
                    </div>
                    <template v-if="showNotes">
                    <div class="add-note-link-container ">
                    <div class="add-note">
                    <a href="/produto/bacalhau-a-bras-continente-facil-bom-5049797.html?showNote=true" class="ct-add-note-redirect-pdp" aria-label="Adicionar comentário">
                    <span class="svg-wrapper svg-icon-notes" style="width:19px; height:20px">
                    <svg class="svg-inline icon-notes" viewBox="0 0 28 30" xmlns="http://www.w3.org/2000/svg" width="100%" height="100%"><path d="M21.738 0C22.985 0 24 1.04 24 2.319V12.47c0 .469-.37.848-.828.848-.457 0-.827-.38-.827-.848V2.32c0-.343-.273-.622-.607-.622H2.262c-.334 0-.607.279-.607.622V27.68c0 .343.273.622.607.622h7.81c.457 0 .827.38.827.849 0 .468-.37.848-.827.848h-7.81C1.015 30 0 28.96 0 27.681V2.32C0 1.04 1.015 0 2.262 0h19.476zm2.844 16.004l.227.007c.823.053 1.589.39 2.176.964.64.627.993 1.46.993 2.349 0 .888-.353 1.722-.993 2.348l-6.83 6.665c-.11.108-.247.186-.397.226l-5.032 1.363c-.078.021-.16.032-.241.032-.242 0-.478-.097-.647-.266-.23-.231-.314-.566-.218-.874l1.49-4.798c.044-.139.122-.266.227-.369l6.844-6.677c.64-.625 1.493-.97 2.401-.97zm-2.886 3.94l-4.922 4.802-.947 3.048 3.22-.872 4.897-4.78-2.248-2.197zm2.887-2.174c-.425 0-.824.162-1.124.455l-.484.472 2.248 2.197.484-.472c.62-.606.62-1.591 0-2.197l-.117-.104c-.283-.227-.636-.35-1.007-.35zm-10.839.022c.498 0 .904.396.904.883 0 .488-.406.884-.904.884H5.946c-.499 0-.904-.396-.904-.884 0-.487.405-.883.904-.883zm5.042-4.876c.498 0 .904.397.904.884s-.406.884-.904.884H5.946c-.499 0-.904-.397-.904-.884s.405-.884.904-.884zm0-4.875c.498 0 .904.396.904.884 0 .487-.406.883-.904.883H5.946c-.499 0-.904-.396-.904-.883 0-.488.405-.884.904-.884z" fill="#EB0203" fill-rule="evenodd"></path></svg>
                    </span>
                    <div class="available-note d-none"></div>
                    </a>
                    </div>
                    </div>
                    </template>
                    <div class="measurement-unit-section" v-if="isPriceAvailable &amp;&amp; prodUnits ? prodUnits.hasAlternativeUnit : false">
                    <div class="ct-form-radio" @click="setDimension">
                    <input type="radio" title="" class="ct-form-check-input product-measurement-unit" :data-type="prodUnits.selectedUnit == prodUnits.secondaryUnit ? 'primary' : ''" :id="prodUnits.secondaryUnit + '-' + pid + '-measurement-unit-ptile' + additionalTag" :name="'measurement-unit-' + pid + '-ptile' + additionalTag" :value="prodUnits.secondaryUnit" v-model="prodUnits.selectedUnit">
                    <label :class="prodUnits.secondaryUnit + '-label ct-form-check-label mb-0'" :for="prodUnits.secondaryUnit + '-' + pid + '-measurement-unit-ptile' + additionalTag">
                    {{prodUnits.secondaryUnit}}
                    </label>
                    <span class="checkmark"></span>
                    </div>
                    <div class="ct-form-radio" @click="setDimension">
                    <input type="radio" title="" class="ct-form-check-input product-measurement-unit" :data-type="prodUnits.selectedUnit == prodUnits.primaryUnit ? 'primary' : ''" :id="prodUnits.primaryUnit + '-' + pid + '-measurement-unit-ptile' + additionalTag" :name="'measurement-unit-' + pid + '-ptile' + additionalTag" :value="prodUnits.primaryUnit" v-model="prodUnits.selectedUnit">
                    <label :class="prodUnits.primaryUnit + '-label ct-form-check-label mb-0'" :for="prodUnits.primaryUnit + '-' + pid + '-measurement-unit-ptile' + additionalTag">
                    {{prodUnits.primaryUnit}}
                    </label>
                    <span class="checkmark"></span>
                    </div>
                    </div>
                    <template v-if="!isPDP &amp;&amp; isPriceAvailable">
                    <span class="quantity-error ct-span-error product-max-allocation" v-if="isMaxQtyReached">
                    Quantidade máxima atingida
                    </span>
                    <span class="quantity-error ct-span-product product-allocation" v-if="!isMinQtyReached &amp;&amp; !isMaxQtyReached">
                    {{quantitySelected}} no carrinho
                    </span>
                    <span class="quantity-error ct-span-error product-min-allocation" :data-pid="pid" v-if="isMinQtyReached &amp;&amp; !isMaxQtyReached">
                    Quantidade mínima atingida
                    </span>
                    </template>
                    </template>
                    </div>
                    <input class="quantity-value-mask d-none" name="quantity" type="number" min="0" value="" tabindex="-1">
                    </div>
                    <button type="button" class="add-to-cart button js-add-to-cart js-add-to-cart-tile 5049797 button--primary dynamic-layout-btn" data-toggle="modal" data-target="#chooseBonusProductModal" data-pid="5049797" data-quantity-value="null" aria-label="Carrinho" tabindex="-1">
                    <span class="d-block d-sm-none">
                    <span class="svg-wrapper svg-icon-cart" style="width:20px; height:20px">
                    <svg class="svg-inline icon-cart" xmlns="http://www.w3.org/2000/svg" viewBox="0 0 500 500" width="100%" height="100%"><path fill="#EB0203" fill-rule="evenodd" d="M 485.67317,94.386311 C 476.37798,83.847129 463.09468,78.03348 448.30404,78.03348 H 90.690813 L 87.079511,51.327997 C 83.185582,22.539551 62.962285,0 41.011841,0 H 14.727836 C 6.563151,0 0,6.5286975 0,14.580758 c 0,8.05206 6.5945535,14.580758 14.727836,14.580758 h 26.284005 c 4.710398,0 14.696435,9.855222 16.894619,26.021523 L 100.01739,368.0631 c 1.88416,13.77244 9.01256,26.70549 20.1605,36.37417 8.25889,7.15046 18.02511,11.9071 28.26237,13.89679 -4.17655,7.58572 -6.53175,16.25957 -6.53175,25.493 0,29.53459 24.27424,53.59751 54.13815,53.59751 29.8325,0 54.13814,-24.03184 54.13814,-53.59751 0,-8.79818 -2.19818,-17.09897 -5.9979,-24.43598 h 77.12488 c -3.79973,7.33701 -5.96652,15.6378 -5.96652,24.43598 0,29.53459 24.27424,53.59751 54.13817,53.59751 29.83249,0 54.13814,-24.03184 54.13814,-53.59751 0,-8.79818 -2.1982,-17.09897 -5.9979,-24.43598 h 38.56243 c 8.13328,0 14.72783,-6.5287 14.72783,-14.61183 0,-8.02098 -6.59455,-14.54967 -14.72783,-14.54967 H 159.24277 c -14.38241,0 -28.13677,-11.90711 -30.02092,-26.02153 l -3.07746,-22.88154 h 290.6314 c 14.03698,0 27.94834,-5.28513 39.06488,-14.95381 11.11652,-9.6376 18.27632,-22.57065 20.16048,-36.37417 l 21.10259,-156.78201 c 1.94694,-14.51858 -2.10398,-28.29103 -11.43057,-38.861299 z M 220.76053,443.82706 c 0,13.49265 -11.08513,24.46709 -24.68247,24.46709 -13.62874,0 -24.71387,-10.97444 -24.71387,-24.46709 0,-13.49262 11.08513,-24.43598 24.71387,-24.43598 13.59734,0 24.68247,10.94336 24.68247,24.43598 z m 173.43675,0 c 0,13.49265 -11.08512,24.46709 -24.68245,24.46709 -13.62876,0 -24.71388,-10.97444 -24.71388,-24.46709 0,-13.49262 11.08512,-24.43598 24.71388,-24.43598 13.59733,0 24.68245,10.94336 24.68245,24.43598 z m 73.7648,-314.46558 -21.13397,156.782 c -1.88416,14.11442 -15.63851,26.05261 -30.02091,26.05261 H 122.25046 L 94.616142,107.19499 H 448.33544 c 6.18632,0 11.61896,2.2695 15.23028,6.37326 3.64269,4.13484 5.21283,9.73086 4.39636,15.79323 z"></path></svg>
                    </span>
                    </span>
                    <span class="add-to-cart--text d-none d-sm-block">Carrinho</span>
                    </button>
                    </div>
                    </div>
                    </div>
                    </div>
                    
                    <div class="col-12 d-sm-none">
                    </div>
                    </div>
                    </div>
                    </div>
                    </div><div class="pd-tile-wrap slick-slide slick-cloned" data-idx="14" style="width: 276px; height: auto;" data-slick-index="30" id="" aria-hidden="true" tabindex="-1">
                    
                    <script type="text/javascript">//<!--
                    /* <![CDATA[ */
                    (function(){
                    try {
                        if(window.CQuotient) {
                            var cq_params = {};
                            cq_params.cookieId = window.CQuotient.getCQCookieId();
                            cq_params.userId = window.CQuotient.getCQUserId();
                            cq_params.emailId = CQuotient.getCQHashedEmail();
                            cq_params.loginId = CQuotient.getCQHashedLogin();
                            cq_params.accumulate = true;
                            cq_params.products = [{
                                id: '7133103',
                                sku: '',
                                type: '',
                                alt_id: ''
                            }];
                            cq_params.recommenderName = '__UNDEFINED__';
                            cq_params.realm = "BDVS";
                            cq_params.siteId = "continente";
                            cq_params.instanceType = "prd";
                            cq_params.locale = window.CQuotient.locale;
                            cq_params.slotId = '';
                            cq_params.slotConfigId = '';
                            cq_params.slotConfigTemplate = '';
                            if(window.CQuotient.sendActivity)
                                window.CQuotient.sendActivity( CQuotient.clientId, 'viewReco', cq_params );
                            else
                                window.CQuotient.activities.push( {activityType: 'viewReco', parameters: cq_params} );
                        }
                    } catch(err) {}
                    })();
                    /* ]]> */
                    // -->
                    </script>
                    <script type="text/javascript">//<!--
                    /* <![CDATA[ (viewProduct-active_data.js) */
                    dw.ac._capture({id: "7133103", type: "recommendation"});
                    /* ]]> */
                    // -->
                    </script>
                    <div class="product" data-pid="7133103">
                    <div class="product-tile pid-7133103   ct-product-tile " data-delay-time="3000" data-variants-mapping="[]" data-in-cart-msg="no carrinho" data-one-product-added="Adicionado ao carrinho" data-remove-from-cart-msg="Removido do carrinho" data-stay-open="6000.0" data-product-tile-impression="{&quot;name&quot;:&quot;7133103&quot;,&quot;id&quot;:&quot;7133103&quot;,&quot;price&quot;:5.29,&quot;brand&quot;:&quot;Continente Fácil &amp; Bom&quot;,&quot;category&quot;:[{&quot;category_level_1&quot;:&quot;Take-Away&quot;},{&quot;category_level_2&quot;:&quot;Refeições Prontas&quot;},{&quot;category_level_3&quot;:&quot;Italianas&quot;}],&quot;variant&quot;:&quot;&quot;}">
                    <div class="ct-inner-tile-wrap row no-gutters justify-content-center align-content-start">
                    
                    <div class="ct-image-container col-4 col-sm" data-confirmation-image="{&quot;url&quot;:&quot;https://www.continente.pt/dw/image/v2/BDVS_PRD/on/demandware.static/-/Sites-col-master-catalog/default/dw05fcf012/images/col/713/7133103-frente.jpg?sw=87&amp;sh=80&quot;,&quot;fallbackimage&quot;:{&quot;url&quot;:&quot;https://www.continente.pt/dw/image/v2/BDVS_PRD/on/demandware.static/Sites-continente-Site/-/default/dw7c42b4da/images/noimagelarge_product.png?sw=87&amp;sh=80&quot;,&quot;title&quot;:&quot;Cannellonis Bolonhesa&quot;,&quot;alt&quot;:&quot;Cannellonis Bolonhesa&quot;},&quot;title&quot;:&quot;Cannellonis Bolonhesa&quot;,&quot;alt&quot;:&quot;Cannellonis Bolonhesa&quot;}">
                    <a href="https://www.continente.pt/produto/cannellonis-bolonhesa-continente-facil-bom-7133103.html?cgid=home" tabindex="-1">
                    <picture class="intrinsic intrinsic--square">
                    <img class="ct-tile-image lazyloaded" loading="lazy" onerror="this.onerror=null;this.src='/on/demandware.static/Sites-continente-Site/-/default/dw7c42b4da/images/noimagelarge_product.png';" data-src="https://www.continente.pt/dw/image/v2/BDVS_PRD/on/demandware.static/-/Sites-col-master-catalog/default/dw05fcf012/images/col/713/7133103-frente.jpg?sw=280&amp;sh=280" alt="Cannellonis Bolonhesa" title="Cannellonis Bolonhesa" src="https://www.continente.pt/dw/image/v2/BDVS_PRD/on/demandware.static/-/Sites-col-master-catalog/default/dw05fcf012/images/col/713/7133103-frente.jpg?sw=280&amp;sh=280">
                    </picture>
                    </a>
                    <div class="color-swatches d-flex" style="margin-left: 5px;">
                    <div class="swatches d-flex">
                    </div>
                    </div>
                    </div>
                    <div class="ct-tile-body col col-sm-auto ">
                    <div class="ct-pdp-details">
                    <div class="ct-pdp-link">
                    <a class="ct-tile--description" href="https://www.continente.pt/produto/cannellonis-bolonhesa-continente-facil-bom-7133103.html?cgid=home" tabindex="-1">Cannellonis Bolonhesa</a>
                    <div class="ct-tile--favorite-top d-sm-none">
                    <button class="wishlist-toggler guest-mode inactive button button--tertiary" data-pid="7133103" data-add-url="https://www.continente.pt/on/demandware.store/Sites-continente-Site/default/Wishlist-AddProduct?pid=7133103" data-toggle="tooltip" aria-label="Adicionar aos favoritos " data-original-title="Adicionar aos favoritos" data-placement="top" tabindex="-1">
                    <svg class="active-content" width="100%" height="100%" viewBox="0 0 20 22" fill="none" xmlns="http://www.w3.org/2000/svg">
                    <path fill-rule="evenodd" clip-rule="evenodd" d="M0 1.53052C0 0.685236 0.692171 0 1.54601 0H15.0736C15.9274 0 16.6196 0.685235 16.6196 1.53052V13.4064L15.8127 13.922L14.2658 14.2658L12.7189 13.4064L10.6054 14.3818C10.4994 14.2451 10.3327 14.157 10.1452 14.157H6.76329C6.4431 14.157 6.18354 14.414 6.18354 14.731C6.18354 15.0479 6.4431 15.3049 6.76329 15.3049H10.1452C10.2478 15.3049 10.3441 15.2785 10.4277 15.2322L10.3126 16.8439L13.2345 20.2793H1.54601C0.69217 20.2793 0 19.5941 0 18.7488V1.53052ZM6.18354 5.5483C6.18354 5.23132 6.4431 4.97436 6.76329 4.97436H12.3676C12.6878 4.97436 12.9473 5.23132 12.9473 5.5483C12.9473 5.86528 12.6878 6.12224 12.3676 6.12224H6.76329C6.4431 6.12224 6.18354 5.86528 6.18354 5.5483ZM6.76329 11.0961C6.4431 11.0961 6.18354 11.3531 6.18354 11.6701C6.18354 11.987 6.4431 12.244 6.76329 12.244H12.3676C12.6878 12.244 12.9473 11.987 12.9473 11.6701C12.9473 11.3531 12.6878 11.0961 12.3676 11.0961H6.76329ZM6.18354 8.60985C6.18354 8.29287 6.4431 8.03591 6.76329 8.03591H12.3676C12.6878 8.03591 12.9473 8.29287 12.9473 8.60985C12.9473 8.92684 12.6878 9.1838 12.3676 9.1838H6.76329C6.4431 9.1838 6.18354 8.92684 6.18354 8.60985ZM3.67118 5.5483C3.67118 5.23132 3.93075 4.97436 4.25093 4.97436H4.63743C4.95762 4.97436 5.21719 5.23132 5.21719 5.5483C5.21719 5.86528 4.95762 6.12224 4.63743 6.12224H4.25093C3.93075 6.12224 3.67118 5.86528 3.67118 5.5483ZM4.25093 11.0961C3.93075 11.0961 3.67118 11.3531 3.67118 11.6701C3.67118 11.987 3.93075 12.244 4.25093 12.244H4.63743C4.95762 12.244 5.21719 11.987 5.21719 11.6701C5.21719 11.3531 4.95762 11.0961 4.63743 11.0961H4.25093ZM3.67118 8.60985C3.67118 8.29287 3.93075 8.03591 4.25093 8.03591H4.63743C4.95762 8.03591 5.21719 8.29287 5.21719 8.60985C5.21719 8.92684 4.95762 9.1838 4.63743 9.1838H4.25093C3.93075 9.1838 3.67118 8.92684 3.67118 8.60985ZM4.25093 14.157C3.93075 14.157 3.67118 14.414 3.67118 14.731C3.67118 15.0479 3.93075 15.3049 4.25093 15.3049H4.63743C4.95762 15.3049 5.21719 15.0479 5.21719 14.731C5.21719 14.414 4.95762 14.157 4.63743 14.157H4.25093Z" fill="#EB0203"></path>
                    <path fill-rule="evenodd" clip-rule="evenodd" d="M14.6252 13.6363C13.4918 12.6215 11.7817 12.5264 10.6569 13.4792C9.12421 14.7764 9.34841 16.8912 10.4409 18.0122L14.0159 21.6742C14.2197 21.8832 14.4928 22 14.7822 22C15.0737 22 15.3448 21.8852 15.5486 21.6762L19.1236 18.0142C20.214 16.8933 20.4423 14.7785 18.9075 13.4792C17.7827 12.5283 16.0724 12.6217 14.9391 13.6365C14.8855 13.6845 14.8331 13.7345 14.7822 13.7866C14.7313 13.7345 14.6789 13.6843 14.6252 13.6363ZM18.1546 14.3522C19.0973 15.1508 18.9962 16.4896 18.2891 17.2173C18.2888 17.2175 18.2886 17.2177 18.2884 17.218L14.7832 20.8084L11.2753 17.2151C11.2752 17.215 11.2751 17.2149 11.2749 17.2148C10.5677 16.4887 10.4678 15.1495 11.4104 14.3518L11.4108 14.3514C12.0745 13.7892 13.2018 13.82 13.9488 14.5846L14.7822 15.4378L15.6157 14.5846C16.3617 13.8211 17.4896 13.79 18.1545 14.3521" fill="#EB0203"></path>
                    </svg>
                    <svg class="inactive-content" width="100%" height="100%" viewBox="0 0 20 23" fill="none" xmlns="http://www.w3.org/2000/svg">
                    <path fill-rule="evenodd" clip-rule="evenodd" d="M6.18408 5.77914C6.18408 5.46223 6.44363 5.20532 6.7638 5.20532H12.3678C12.6879 5.20532 12.9475 5.46223 12.9475 5.77914C12.9475 6.09606 12.6879 6.35297 12.3678 6.35297H6.7638C6.44363 6.35297 6.18408 6.09606 6.18408 5.77914Z" fill="#EB0203"></path>
                    <path fill-rule="evenodd" clip-rule="evenodd" d="M6.18408 11.9034C6.18408 11.5865 6.44363 11.3296 6.7638 11.3296H12.3678C12.6879 11.3296 12.9475 11.5865 12.9475 11.9034C12.9475 12.2202 12.6879 12.4771 12.3678 12.4771H6.7638C6.44363 12.4771 6.18408 12.2202 6.18408 11.9034Z" fill="#EB0203"></path>
                    <path fill-rule="evenodd" clip-rule="evenodd" d="M6.18408 8.84116C6.18408 8.52424 6.44363 8.26733 6.7638 8.26733H12.3678C12.6879 8.26733 12.9475 8.52424 12.9475 8.84116C12.9475 9.15807 12.6879 9.41498 12.3678 9.41498H6.7638C6.44363 9.41498 6.18408 9.15807 6.18408 8.84116Z" fill="#EB0203"></path>
                    <path fill-rule="evenodd" clip-rule="evenodd" d="M6.18408 14.9655C6.18408 14.6486 6.44363 14.3917 6.7638 14.3917H10.1455C10.4657 14.3917 10.7252 14.6486 10.7252 14.9655C10.7252 15.2825 10.4657 15.5394 10.1455 15.5394H6.7638C6.44363 15.5394 6.18408 15.2825 6.18408 14.9655Z" fill="#EB0203"></path>
                    <path fill-rule="evenodd" clip-rule="evenodd" d="M3.67139 5.77914C3.67139 5.46223 3.93094 5.20532 4.25111 5.20532H4.63759C4.95776 5.20532 5.21731 5.46223 5.21731 5.77914C5.21731 6.09606 4.95776 6.35297 4.63759 6.35297H4.25111C3.93094 6.35297 3.67139 6.09606 3.67139 5.77914Z" fill="#EB0203"></path>
                    <path fill-rule="evenodd" clip-rule="evenodd" d="M3.67139 11.9034C3.67139 11.5865 3.93094 11.3296 4.25111 11.3296H4.63759C4.95776 11.3296 5.21731 11.5865 5.21731 11.9034C5.21731 12.2202 4.95776 12.4771 4.63759 12.4771H4.25111C3.93094 12.4771 3.67139 12.2202 3.67139 11.9034Z" fill="#EB0203"></path>
                    <path fill-rule="evenodd" clip-rule="evenodd" d="M3.67139 8.84116C3.67139 8.52424 3.93094 8.26733 4.25111 8.26733H4.63759C4.95776 8.26733 5.21731 8.52424 5.21731 8.84116C5.21731 9.15807 4.95776 9.41498 4.63759 9.41498H4.25111C3.93094 9.41498 3.67139 9.15807 3.67139 8.84116Z" fill="#EB0203"></path>
                    <path fill-rule="evenodd" clip-rule="evenodd" d="M3.67139 14.9655C3.67139 14.6486 3.93094 14.3917 4.25111 14.3917H4.63759C4.95776 14.3917 5.21731 14.6486 5.21731 14.9655C5.21731 15.2825 4.95776 15.5394 4.63759 15.5394H4.25111C3.93094 15.5394 3.67139 15.2825 3.67139 14.9655Z" fill="#EB0203"></path>
                    <path fill-rule="evenodd" clip-rule="evenodd" d="M0 1.76033C0 0.914738 0.692131 0.229248 1.54592 0.229248H15.0727C15.9265 0.229248 16.6186 0.914738 16.6186 1.76033V11.2818C16.6186 11.5989 16.3591 11.8559 16.0389 11.8559C15.7187 11.8559 15.4592 11.5989 15.4592 11.2818V1.76033C15.4592 1.54893 15.2862 1.37756 15.0727 1.37756H1.54592C1.33247 1.37756 1.15944 1.54893 1.15944 1.76033V18.985C1.15944 19.1964 1.33247 19.3678 1.54592 19.3678H9.27551C9.59568 19.3678 9.85523 19.6249 9.85523 19.942C9.85523 20.2591 9.59568 20.5161 9.27551 20.5161H1.54592C0.692131 20.5161 0 19.8306 0 18.985V1.76033Z" fill="#EB0203"></path>
                    <path fill-rule="evenodd" clip-rule="evenodd" d="M14.6254 13.8718C13.4921 12.8567 11.7821 12.7615 10.6574 13.7147C9.12472 15.0124 9.34891 17.128 10.4413 18.2493L14.0161 21.9126C14.2199 22.1217 14.493 22.2386 14.7824 22.2386C15.0739 22.2386 15.3449 22.1238 15.5487 21.9147L19.1235 18.2514C20.2139 17.13 20.4422 15.0144 18.9075 13.7147C17.7827 12.7634 16.0726 12.8569 14.9392 13.872C14.8856 13.92 14.8333 13.9701 14.7824 14.0222C14.7314 13.97 14.6791 13.9199 14.6254 13.8718ZM18.1546 14.588C19.0972 15.3869 18.9961 16.7262 18.2891 17.4541C18.2888 17.4543 18.2886 17.4546 18.2884 17.4548L14.7834 21.0466L11.2757 17.452C11.2756 17.4519 11.2755 17.4517 11.2753 17.4516C10.5681 16.7252 10.4682 15.3856 11.4108 14.5876L11.4112 14.5872C12.0748 14.0248 13.202 14.0556 13.949 14.8205L14.7824 15.674L15.6158 14.8205C16.3618 14.0567 17.4896 14.0256 18.1545 14.5879" fill="#EB0203"></path>
                    </svg>
                    </button>
                    </div>
                    </div>
                    <p class="ct-tile--brand">Continente Fácil &amp; Bom</p>
                    <p class="ct-tile--quantity">emb. 1 kg</p>
                    </div>
                    <div class="ct-tile-bottom row no-gutters justify-content-between">
                    <div class="ct-price-wrap col-8 col-sm-12">
                    <div class="price js-product-price">
                    <div class="prices-wrapper">
                    <span class="sales ct-tile--price-primary ">
                    <span class="value" content="5.29">
                    <span class="ct-price-formatted">
                    €5,29
                    </span>
                    <span class="ct-m-unit">
                    /un
                    </span>
                    </span>
                    </span>
                    </div>
                    <div class="ct-tile--price-secondary">
                    <span class="ct-price-value">
                    €5,29
                    </span>
                    <span class="ct-m-unit">
                    /kg
                    </span>
                    </div>
                    </div>
                    </div>
                    <div class="ct-tile-buy-section d-flex justify-content-center no-gutters col-auto col-sm-12">
                    <div class="col-2 d-sm-flex d-none">
                    <button class="wishlist-toggler guest-mode inactive button button--tertiary" data-pid="7133103" data-add-url="https://www.continente.pt/on/demandware.store/Sites-continente-Site/default/Wishlist-AddProduct?pid=7133103" data-toggle="tooltip" aria-label="Adicionar aos favoritos " data-original-title="Adicionar aos favoritos" data-placement="top" tabindex="-1">
                    <svg class="active-content" width="100%" height="100%" viewBox="0 0 20 22" fill="none" xmlns="http://www.w3.org/2000/svg">
                    <path fill-rule="evenodd" clip-rule="evenodd" d="M0 1.53052C0 0.685236 0.692171 0 1.54601 0H15.0736C15.9274 0 16.6196 0.685235 16.6196 1.53052V13.4064L15.8127 13.922L14.2658 14.2658L12.7189 13.4064L10.6054 14.3818C10.4994 14.2451 10.3327 14.157 10.1452 14.157H6.76329C6.4431 14.157 6.18354 14.414 6.18354 14.731C6.18354 15.0479 6.4431 15.3049 6.76329 15.3049H10.1452C10.2478 15.3049 10.3441 15.2785 10.4277 15.2322L10.3126 16.8439L13.2345 20.2793H1.54601C0.69217 20.2793 0 19.5941 0 18.7488V1.53052ZM6.18354 5.5483C6.18354 5.23132 6.4431 4.97436 6.76329 4.97436H12.3676C12.6878 4.97436 12.9473 5.23132 12.9473 5.5483C12.9473 5.86528 12.6878 6.12224 12.3676 6.12224H6.76329C6.4431 6.12224 6.18354 5.86528 6.18354 5.5483ZM6.76329 11.0961C6.4431 11.0961 6.18354 11.3531 6.18354 11.6701C6.18354 11.987 6.4431 12.244 6.76329 12.244H12.3676C12.6878 12.244 12.9473 11.987 12.9473 11.6701C12.9473 11.3531 12.6878 11.0961 12.3676 11.0961H6.76329ZM6.18354 8.60985C6.18354 8.29287 6.4431 8.03591 6.76329 8.03591H12.3676C12.6878 8.03591 12.9473 8.29287 12.9473 8.60985C12.9473 8.92684 12.6878 9.1838 12.3676 9.1838H6.76329C6.4431 9.1838 6.18354 8.92684 6.18354 8.60985ZM3.67118 5.5483C3.67118 5.23132 3.93075 4.97436 4.25093 4.97436H4.63743C4.95762 4.97436 5.21719 5.23132 5.21719 5.5483C5.21719 5.86528 4.95762 6.12224 4.63743 6.12224H4.25093C3.93075 6.12224 3.67118 5.86528 3.67118 5.5483ZM4.25093 11.0961C3.93075 11.0961 3.67118 11.3531 3.67118 11.6701C3.67118 11.987 3.93075 12.244 4.25093 12.244H4.63743C4.95762 12.244 5.21719 11.987 5.21719 11.6701C5.21719 11.3531 4.95762 11.0961 4.63743 11.0961H4.25093ZM3.67118 8.60985C3.67118 8.29287 3.93075 8.03591 4.25093 8.03591H4.63743C4.95762 8.03591 5.21719 8.29287 5.21719 8.60985C5.21719 8.92684 4.95762 9.1838 4.63743 9.1838H4.25093C3.93075 9.1838 3.67118 8.92684 3.67118 8.60985ZM4.25093 14.157C3.93075 14.157 3.67118 14.414 3.67118 14.731C3.67118 15.0479 3.93075 15.3049 4.25093 15.3049H4.63743C4.95762 15.3049 5.21719 15.0479 5.21719 14.731C5.21719 14.414 4.95762 14.157 4.63743 14.157H4.25093Z" fill="#EB0203"></path>
                    <path fill-rule="evenodd" clip-rule="evenodd" d="M14.6252 13.6363C13.4918 12.6215 11.7817 12.5264 10.6569 13.4792C9.12421 14.7764 9.34841 16.8912 10.4409 18.0122L14.0159 21.6742C14.2197 21.8832 14.4928 22 14.7822 22C15.0737 22 15.3448 21.8852 15.5486 21.6762L19.1236 18.0142C20.214 16.8933 20.4423 14.7785 18.9075 13.4792C17.7827 12.5283 16.0724 12.6217 14.9391 13.6365C14.8855 13.6845 14.8331 13.7345 14.7822 13.7866C14.7313 13.7345 14.6789 13.6843 14.6252 13.6363ZM18.1546 14.3522C19.0973 15.1508 18.9962 16.4896 18.2891 17.2173C18.2888 17.2175 18.2886 17.2177 18.2884 17.218L14.7832 20.8084L11.2753 17.2151C11.2752 17.215 11.2751 17.2149 11.2749 17.2148C10.5677 16.4887 10.4678 15.1495 11.4104 14.3518L11.4108 14.3514C12.0745 13.7892 13.2018 13.82 13.9488 14.5846L14.7822 15.4378L15.6157 14.5846C16.3617 13.8211 17.4896 13.79 18.1545 14.3521" fill="#EB0203"></path>
                    </svg>
                    <svg class="inactive-content" width="100%" height="100%" viewBox="0 0 20 23" fill="none" xmlns="http://www.w3.org/2000/svg">
                    <path fill-rule="evenodd" clip-rule="evenodd" d="M6.18408 5.77914C6.18408 5.46223 6.44363 5.20532 6.7638 5.20532H12.3678C12.6879 5.20532 12.9475 5.46223 12.9475 5.77914C12.9475 6.09606 12.6879 6.35297 12.3678 6.35297H6.7638C6.44363 6.35297 6.18408 6.09606 6.18408 5.77914Z" fill="#EB0203"></path>
                    <path fill-rule="evenodd" clip-rule="evenodd" d="M6.18408 11.9034C6.18408 11.5865 6.44363 11.3296 6.7638 11.3296H12.3678C12.6879 11.3296 12.9475 11.5865 12.9475 11.9034C12.9475 12.2202 12.6879 12.4771 12.3678 12.4771H6.7638C6.44363 12.4771 6.18408 12.2202 6.18408 11.9034Z" fill="#EB0203"></path>
                    <path fill-rule="evenodd" clip-rule="evenodd" d="M6.18408 8.84116C6.18408 8.52424 6.44363 8.26733 6.7638 8.26733H12.3678C12.6879 8.26733 12.9475 8.52424 12.9475 8.84116C12.9475 9.15807 12.6879 9.41498 12.3678 9.41498H6.7638C6.44363 9.41498 6.18408 9.15807 6.18408 8.84116Z" fill="#EB0203"></path>
                    <path fill-rule="evenodd" clip-rule="evenodd" d="M6.18408 14.9655C6.18408 14.6486 6.44363 14.3917 6.7638 14.3917H10.1455C10.4657 14.3917 10.7252 14.6486 10.7252 14.9655C10.7252 15.2825 10.4657 15.5394 10.1455 15.5394H6.7638C6.44363 15.5394 6.18408 15.2825 6.18408 14.9655Z" fill="#EB0203"></path>
                    <path fill-rule="evenodd" clip-rule="evenodd" d="M3.67139 5.77914C3.67139 5.46223 3.93094 5.20532 4.25111 5.20532H4.63759C4.95776 5.20532 5.21731 5.46223 5.21731 5.77914C5.21731 6.09606 4.95776 6.35297 4.63759 6.35297H4.25111C3.93094 6.35297 3.67139 6.09606 3.67139 5.77914Z" fill="#EB0203"></path>
                    <path fill-rule="evenodd" clip-rule="evenodd" d="M3.67139 11.9034C3.67139 11.5865 3.93094 11.3296 4.25111 11.3296H4.63759C4.95776 11.3296 5.21731 11.5865 5.21731 11.9034C5.21731 12.2202 4.95776 12.4771 4.63759 12.4771H4.25111C3.93094 12.4771 3.67139 12.2202 3.67139 11.9034Z" fill="#EB0203"></path>
                    <path fill-rule="evenodd" clip-rule="evenodd" d="M3.67139 8.84116C3.67139 8.52424 3.93094 8.26733 4.25111 8.26733H4.63759C4.95776 8.26733 5.21731 8.52424 5.21731 8.84116C5.21731 9.15807 4.95776 9.41498 4.63759 9.41498H4.25111C3.93094 9.41498 3.67139 9.15807 3.67139 8.84116Z" fill="#EB0203"></path>
                    <path fill-rule="evenodd" clip-rule="evenodd" d="M3.67139 14.9655C3.67139 14.6486 3.93094 14.3917 4.25111 14.3917H4.63759C4.95776 14.3917 5.21731 14.6486 5.21731 14.9655C5.21731 15.2825 4.95776 15.5394 4.63759 15.5394H4.25111C3.93094 15.5394 3.67139 15.2825 3.67139 14.9655Z" fill="#EB0203"></path>
                    <path fill-rule="evenodd" clip-rule="evenodd" d="M0 1.76033C0 0.914738 0.692131 0.229248 1.54592 0.229248H15.0727C15.9265 0.229248 16.6186 0.914738 16.6186 1.76033V11.2818C16.6186 11.5989 16.3591 11.8559 16.0389 11.8559C15.7187 11.8559 15.4592 11.5989 15.4592 11.2818V1.76033C15.4592 1.54893 15.2862 1.37756 15.0727 1.37756H1.54592C1.33247 1.37756 1.15944 1.54893 1.15944 1.76033V18.985C1.15944 19.1964 1.33247 19.3678 1.54592 19.3678H9.27551C9.59568 19.3678 9.85523 19.6249 9.85523 19.942C9.85523 20.2591 9.59568 20.5161 9.27551 20.5161H1.54592C0.692131 20.5161 0 19.8306 0 18.985V1.76033Z" fill="#EB0203"></path>
                    <path fill-rule="evenodd" clip-rule="evenodd" d="M14.6254 13.8718C13.4921 12.8567 11.7821 12.7615 10.6574 13.7147C9.12472 15.0124 9.34891 17.128 10.4413 18.2493L14.0161 21.9126C14.2199 22.1217 14.493 22.2386 14.7824 22.2386C15.0739 22.2386 15.3449 22.1238 15.5487 21.9147L19.1235 18.2514C20.2139 17.13 20.4422 15.0144 18.9075 13.7147C17.7827 12.7634 16.0726 12.8569 14.9392 13.872C14.8856 13.92 14.8333 13.9701 14.7824 14.0222C14.7314 13.97 14.6791 13.9199 14.6254 13.8718ZM18.1546 14.588C19.0972 15.3869 18.9961 16.7262 18.2891 17.4541C18.2888 17.4543 18.2886 17.4546 18.2884 17.4548L14.7834 21.0466L11.2757 17.452C11.2756 17.4519 11.2755 17.4517 11.2753 17.4516C10.5681 16.7252 10.4682 15.3856 11.4108 14.5876L11.4112 14.5872C12.0748 14.0248 13.202 14.0556 13.949 14.8205L14.7824 15.674L15.6158 14.8205C16.3618 14.0567 17.4896 14.0256 18.1545 14.5879" fill="#EB0203"></path>
                    </svg>
                    </button>
                    </div>
                    <div class="col-sm-10 col-12">
                    <div class="ct-tile-quantity d-none" data-pid="7133103">
                    <input type="hidden" class="add-to-cart-url" value="https://www.continente.pt/on/demandware.store/Sites-continente-Site/default/Cart-AddProduct" tabindex="-1">
                    <div class="d-none tile-delete-confirmation-btn" data-pid="7133103" data-delay-time="3000" data-in-cart-msg="no carrinho" data-one-product-added="Adicionado ao carrinho" data-remove-from-cart-msg="Removido do carrinho" data-stay-open="6000.0" data-confirmation-image="{&quot;url&quot;:&quot;https://www.continente.pt/dw/image/v2/BDVS_PRD/on/demandware.static/-/Sites-col-master-catalog/default/dw05fcf012/images/col/713/7133103-frente.jpg?sw=87&amp;sh=80&quot;,&quot;fallbackimage&quot;:{&quot;url&quot;:&quot;https://www.continente.pt/dw/image/v2/BDVS_PRD/on/demandware.static/Sites-continente-Site/-/default/dw7c42b4da/images/noimagelarge_product.png?sw=87&amp;sh=80&quot;,&quot;title&quot;:&quot;Cannellonis Bolonhesa&quot;,&quot;alt&quot;:&quot;Cannellonis Bolonhesa&quot;},&quot;title&quot;:&quot;Cannellonis Bolonhesa&quot;,&quot;alt&quot;:&quot;Cannellonis Bolonhesa&quot;}"></div>
                    <div class="ct-tile-quantity-update quantity-update product-qty-vue" data-remove-action="https://www.continente.pt/on/demandware.store/Sites-continente-Site/default/Cart-RemoveProductLineItem" data-action="https://www.continente.pt/on/demandware.store/Sites-continente-Site/default/Cart-UpdateQuantity" data-dimension-update="https://www.continente.pt/on/demandware.store/Sites-continente-Site/default/Cart-DimensionUpdate" data-pid="7133103" data-uuid="ba54a50e8d5312f17b474e6c44" data-add-delay="500.0" data-measure-options="{&quot;hasConversionRate&quot;:true,&quot;hasAlternativeSaleUnit&quot;:false,&quot;primaryToSecondary&quot;:1,&quot;secondaryToPrimary&quot;:1,&quot;unitConversionRate&quot;:1,&quot;minOrderQuantity&quot;:1,&quot;stepQuantity&quot;:1,&quot;primaryunit&quot;:&quot;un&quot;,&quot;secondaryunit&quot;:&quot;kg&quot;,&quot;selectedunit&quot;:&quot;primary&quot;,&quot;maxNumberOfUnitsPerSale&quot;:50}" data-price-available="null" :data-has-error="isMaxQtyReached || isMinQtyReached || qtySelectedMoreThanOne">
                    <template v-show="prodUnits">
                    <div class="quantity-input-wrapper has-units">
                    <label class="visually-hidden" :for="'quantity-' + pid + additionalTag">
                    Quantidade no carrinho
                    </label>
                    <input :ref="'quantityInput-' + pid + additionalTag" class="add-to-cart-quantity form-control ct-form-input text-center" inputmode="numeric" :class="{'is-invalid': isInvalid}" :data-pid="pid + additionalTag" :name="'quantity-' + pid + additionalTag" type="text" aria-label="Insira a quantidade" title="" v-model="displayValue" @change="updateQuantity" @focus="updateQtyFormat" @blur="restoreQtyFormat" :disabled="!isPriceAvailable">
                    <span class="quantity-icon quantity-icon--minus">
                    <button class="decrease-quantity-btn" @click="updateQuantity" :disabled="!isPriceAvailable" role="button" aria-label="Reduzir quantidade">
                    <i class="css-math-minus"></i>
                    </button>
                    </span>
                    <span class="quantity-icon quantity-icon--plus">
                    <button class="increase-quantity-btn" @click="updateQuantity" :disabled="isMaxQtyReached || !isPriceAvailable" role="button" aria-label="Aumentar quantidade">
                    <i class="css-math-plus"></i>
                    </button>
                    <span class="quantity-btn-disabled-placeholder"></span>
                    </span>
                    <template v-if="isPDP">
                    <span class="quantity-error ct-span-error text-sm-center product-max-allocation" v-if="isMaxQtyReached">
                    Quantidade máxima atingida
                    </span>
                    <span class="quantity-error ct-span-product text-sm-center product-allocation" v-if="!isMinQtyReached &amp;&amp; !isMaxQtyReached">
                    {{quantitySelected}} no carrinho
                    </span>
                    <span class="quantity-error ct-span-error text-sm-center product-min-allocation" :data-pid="pid" v-if="isMinQtyReached &amp;&amp; !isMaxQtyReached">
                    Quantidade mínima atingida
                    </span>
                    </template>
                    </div>
                    <template v-if="showNotes">
                    <div class="add-note-link-container ">
                    <div class="add-note">
                    <a href="/produto/cannellonis-bolonhesa-continente-facil-bom-7133103.html?showNote=true" class="ct-add-note-redirect-pdp" aria-label="Adicionar comentário">
                    <span class="svg-wrapper svg-icon-notes" style="width:19px; height:20px">
                    <svg class="svg-inline icon-notes" viewBox="0 0 28 30" xmlns="http://www.w3.org/2000/svg" width="100%" height="100%"><path d="M21.738 0C22.985 0 24 1.04 24 2.319V12.47c0 .469-.37.848-.828.848-.457 0-.827-.38-.827-.848V2.32c0-.343-.273-.622-.607-.622H2.262c-.334 0-.607.279-.607.622V27.68c0 .343.273.622.607.622h7.81c.457 0 .827.38.827.849 0 .468-.37.848-.827.848h-7.81C1.015 30 0 28.96 0 27.681V2.32C0 1.04 1.015 0 2.262 0h19.476zm2.844 16.004l.227.007c.823.053 1.589.39 2.176.964.64.627.993 1.46.993 2.349 0 .888-.353 1.722-.993 2.348l-6.83 6.665c-.11.108-.247.186-.397.226l-5.032 1.363c-.078.021-.16.032-.241.032-.242 0-.478-.097-.647-.266-.23-.231-.314-.566-.218-.874l1.49-4.798c.044-.139.122-.266.227-.369l6.844-6.677c.64-.625 1.493-.97 2.401-.97zm-2.886 3.94l-4.922 4.802-.947 3.048 3.22-.872 4.897-4.78-2.248-2.197zm2.887-2.174c-.425 0-.824.162-1.124.455l-.484.472 2.248 2.197.484-.472c.62-.606.62-1.591 0-2.197l-.117-.104c-.283-.227-.636-.35-1.007-.35zm-10.839.022c.498 0 .904.396.904.883 0 .488-.406.884-.904.884H5.946c-.499 0-.904-.396-.904-.884 0-.487.405-.883.904-.883zm5.042-4.876c.498 0 .904.397.904.884s-.406.884-.904.884H5.946c-.499 0-.904-.397-.904-.884s.405-.884.904-.884zm0-4.875c.498 0 .904.396.904.884 0 .487-.406.883-.904.883H5.946c-.499 0-.904-.396-.904-.883 0-.488.405-.884.904-.884z" fill="#EB0203" fill-rule="evenodd"></path></svg>
                    </span>
                    <div class="available-note d-none"></div>
                    </a>
                    </div>
                    </div>
                    </template>
                    <div class="measurement-unit-section" v-if="isPriceAvailable &amp;&amp; prodUnits ? prodUnits.hasAlternativeUnit : false">
                    <div class="ct-form-radio" @click="setDimension">
                    <input type="radio" title="" class="ct-form-check-input product-measurement-unit" :data-type="prodUnits.selectedUnit == prodUnits.secondaryUnit ? 'primary' : ''" :id="prodUnits.secondaryUnit + '-' + pid + '-measurement-unit-ptile' + additionalTag" :name="'measurement-unit-' + pid + '-ptile' + additionalTag" :value="prodUnits.secondaryUnit" v-model="prodUnits.selectedUnit">
                    <label :class="prodUnits.secondaryUnit + '-label ct-form-check-label mb-0'" :for="prodUnits.secondaryUnit + '-' + pid + '-measurement-unit-ptile' + additionalTag">
                    {{prodUnits.secondaryUnit}}
                    </label>
                    <span class="checkmark"></span>
                    </div>
                    <div class="ct-form-radio" @click="setDimension">
                    <input type="radio" title="" class="ct-form-check-input product-measurement-unit" :data-type="prodUnits.selectedUnit == prodUnits.primaryUnit ? 'primary' : ''" :id="prodUnits.primaryUnit + '-' + pid + '-measurement-unit-ptile' + additionalTag" :name="'measurement-unit-' + pid + '-ptile' + additionalTag" :value="prodUnits.primaryUnit" v-model="prodUnits.selectedUnit">
                    <label :class="prodUnits.primaryUnit + '-label ct-form-check-label mb-0'" :for="prodUnits.primaryUnit + '-' + pid + '-measurement-unit-ptile' + additionalTag">
                    {{prodUnits.primaryUnit}}
                    </label>
                    <span class="checkmark"></span>
                    </div>
                    </div>
                    <template v-if="!isPDP &amp;&amp; isPriceAvailable">
                    <span class="quantity-error ct-span-error product-max-allocation" v-if="isMaxQtyReached">
                    Quantidade máxima atingida
                    </span>
                    <span class="quantity-error ct-span-product product-allocation" v-if="!isMinQtyReached &amp;&amp; !isMaxQtyReached">
                    {{quantitySelected}} no carrinho
                    </span>
                    <span class="quantity-error ct-span-error product-min-allocation" :data-pid="pid" v-if="isMinQtyReached &amp;&amp; !isMaxQtyReached">
                    Quantidade mínima atingida
                    </span>
                    </template>
                    </template>
                    </div>
                    <input class="quantity-value-mask d-none" name="quantity" type="number" min="0" value="" tabindex="-1">
                    </div>
                    <button type="button" class="add-to-cart button js-add-to-cart js-add-to-cart-tile 7133103 button--primary dynamic-layout-btn" data-toggle="modal" data-target="#chooseBonusProductModal" data-pid="7133103" data-quantity-value="null" aria-label="Carrinho" tabindex="-1">
                    <span class="d-block d-sm-none">
                    <span class="svg-wrapper svg-icon-cart" style="width:20px; height:20px">
                    <svg class="svg-inline icon-cart" xmlns="http://www.w3.org/2000/svg" viewBox="0 0 500 500" width="100%" height="100%"><path fill="#EB0203" fill-rule="evenodd" d="M 485.67317,94.386311 C 476.37798,83.847129 463.09468,78.03348 448.30404,78.03348 H 90.690813 L 87.079511,51.327997 C 83.185582,22.539551 62.962285,0 41.011841,0 H 14.727836 C 6.563151,0 0,6.5286975 0,14.580758 c 0,8.05206 6.5945535,14.580758 14.727836,14.580758 h 26.284005 c 4.710398,0 14.696435,9.855222 16.894619,26.021523 L 100.01739,368.0631 c 1.88416,13.77244 9.01256,26.70549 20.1605,36.37417 8.25889,7.15046 18.02511,11.9071 28.26237,13.89679 -4.17655,7.58572 -6.53175,16.25957 -6.53175,25.493 0,29.53459 24.27424,53.59751 54.13815,53.59751 29.8325,0 54.13814,-24.03184 54.13814,-53.59751 0,-8.79818 -2.19818,-17.09897 -5.9979,-24.43598 h 77.12488 c -3.79973,7.33701 -5.96652,15.6378 -5.96652,24.43598 0,29.53459 24.27424,53.59751 54.13817,53.59751 29.83249,0 54.13814,-24.03184 54.13814,-53.59751 0,-8.79818 -2.1982,-17.09897 -5.9979,-24.43598 h 38.56243 c 8.13328,0 14.72783,-6.5287 14.72783,-14.61183 0,-8.02098 -6.59455,-14.54967 -14.72783,-14.54967 H 159.24277 c -14.38241,0 -28.13677,-11.90711 -30.02092,-26.02153 l -3.07746,-22.88154 h 290.6314 c 14.03698,0 27.94834,-5.28513 39.06488,-14.95381 11.11652,-9.6376 18.27632,-22.57065 20.16048,-36.37417 l 21.10259,-156.78201 c 1.94694,-14.51858 -2.10398,-28.29103 -11.43057,-38.861299 z M 220.76053,443.82706 c 0,13.49265 -11.08513,24.46709 -24.68247,24.46709 -13.62874,0 -24.71387,-10.97444 -24.71387,-24.46709 0,-13.49262 11.08513,-24.43598 24.71387,-24.43598 13.59734,0 24.68247,10.94336 24.68247,24.43598 z m 173.43675,0 c 0,13.49265 -11.08512,24.46709 -24.68245,24.46709 -13.62876,0 -24.71388,-10.97444 -24.71388,-24.46709 0,-13.49262 11.08512,-24.43598 24.71388,-24.43598 13.59733,0 24.68245,10.94336 24.68245,24.43598 z m 73.7648,-314.46558 -21.13397,156.782 c -1.88416,14.11442 -15.63851,26.05261 -30.02091,26.05261 H 122.25046 L 94.616142,107.19499 H 448.33544 c 6.18632,0 11.61896,2.2695 15.23028,6.37326 3.64269,4.13484 5.21283,9.73086 4.39636,15.79323 z"></path></svg>
                    </span>
                    </span>
                    <span class="add-to-cart--text d-none d-sm-block">Carrinho</span>
                    </button>
                    </div>
                    </div>
                    </div>
                    </div>
                    
                    <div class="col-12 d-sm-none">
                    </div>
                    </div>
                    </div>
                    </div>
                    </div><div class="pd-tile-wrap slick-slide slick-cloned" data-idx="15" style="width: 276px; height: auto;" data-slick-index="31" id="" aria-hidden="true" tabindex="-1">
                    
                    <script type="text/javascript">//<!--
                    /* <![CDATA[ */
                    (function(){
                    try {
                        if(window.CQuotient) {
                            var cq_params = {};
                            cq_params.cookieId = window.CQuotient.getCQCookieId();
                            cq_params.userId = window.CQuotient.getCQUserId();
                            cq_params.emailId = CQuotient.getCQHashedEmail();
                            cq_params.loginId = CQuotient.getCQHashedLogin();
                            cq_params.accumulate = true;
                            cq_params.products = [{
                                id: '6938946',
                                sku: '',
                                type: '',
                                alt_id: ''
                            }];
                            cq_params.recommenderName = '__UNDEFINED__';
                            cq_params.realm = "BDVS";
                            cq_params.siteId = "continente";
                            cq_params.instanceType = "prd";
                            cq_params.locale = window.CQuotient.locale;
                            cq_params.slotId = '';
                            cq_params.slotConfigId = '';
                            cq_params.slotConfigTemplate = '';
                            if(window.CQuotient.sendActivity)
                                window.CQuotient.sendActivity( CQuotient.clientId, 'viewReco', cq_params );
                            else
                                window.CQuotient.activities.push( {activityType: 'viewReco', parameters: cq_params} );
                        }
                    } catch(err) {}
                    })();
                    /* ]]> */
                    // -->
                    </script>
                    <script type="text/javascript">//<!--
                    /* <![CDATA[ (viewProduct-active_data.js) */
                    dw.ac._capture({id: "6938946", type: "recommendation"});
                    /* ]]> */
                    // -->
                    </script>
                    <div class="product" data-pid="6938946">
                    <div class="product-tile pid-6938946   ct-product-tile " data-delay-time="3000" data-variants-mapping="[]" data-in-cart-msg="no carrinho" data-one-product-added="Adicionado ao carrinho" data-remove-from-cart-msg="Removido do carrinho" data-stay-open="6000.0" data-product-tile-impression="{&quot;name&quot;:&quot;6938946&quot;,&quot;id&quot;:&quot;6938946&quot;,&quot;price&quot;:11.99,&quot;brand&quot;:&quot;Continente&quot;,&quot;category&quot;:[{&quot;category_level_1&quot;:&quot;Take-Away&quot;},{&quot;category_level_2&quot;:&quot;Refeições Prontas&quot;},{&quot;category_level_3&quot;:&quot;Carne&quot;}],&quot;variant&quot;:&quot;&quot;}">
                    <div class="ct-inner-tile-wrap row no-gutters justify-content-center align-content-start">
                    
                    <div class="ct-image-container col-4 col-sm" data-confirmation-image="{&quot;url&quot;:&quot;https://www.continente.pt/dw/image/v2/BDVS_PRD/on/demandware.static/-/Sites-col-master-catalog/default/dw45bb8a71/images/col/693/6938946-frente.jpg?sw=87&amp;sh=80&quot;,&quot;fallbackimage&quot;:{&quot;url&quot;:&quot;https://www.continente.pt/dw/image/v2/BDVS_PRD/on/demandware.static/Sites-continente-Site/-/default/dw7c42b4da/images/noimagelarge_product.png?sw=87&amp;sh=80&quot;,&quot;title&quot;:&quot;Arroz de Pato&quot;,&quot;alt&quot;:&quot;Arroz de Pato&quot;},&quot;title&quot;:&quot;Arroz de Pato&quot;,&quot;alt&quot;:&quot;Arroz de Pato&quot;}">
                    <a href="https://www.continente.pt/produto/arroz-de-pato-continente-6938946.html?cgid=home" tabindex="-1">
                    <picture class="intrinsic intrinsic--square">
                    <img class="ct-tile-image lazyloaded" loading="lazy" onerror="this.onerror=null;this.src='/on/demandware.static/Sites-continente-Site/-/default/dw7c42b4da/images/noimagelarge_product.png';" data-src="https://www.continente.pt/dw/image/v2/BDVS_PRD/on/demandware.static/-/Sites-col-master-catalog/default/dw45bb8a71/images/col/693/6938946-frente.jpg?sw=280&amp;sh=280" alt="Arroz de Pato" title="Arroz de Pato" src="https://www.continente.pt/dw/image/v2/BDVS_PRD/on/demandware.static/-/Sites-col-master-catalog/default/dw45bb8a71/images/col/693/6938946-frente.jpg?sw=280&amp;sh=280">
                    </picture>
                    </a>
                    <div class="color-swatches d-flex" style="margin-left: 5px;">
                    <div class="swatches d-flex">
                    </div>
                    </div>
                    </div>
                    <div class="ct-tile-body col col-sm-auto ">
                     <div class="ct-pdp-details">
                    <div class="ct-pdp-link">
                    <a class="ct-tile--description" href="https://www.continente.pt/produto/arroz-de-pato-continente-6938946.html?cgid=home" tabindex="-1">Arroz de Pato</a>
                    <div class="ct-tile--favorite-top d-sm-none">
                    <button class="wishlist-toggler guest-mode inactive button button--tertiary" data-pid="6938946" data-add-url="https://www.continente.pt/on/demandware.store/Sites-continente-Site/default/Wishlist-AddProduct?pid=6938946" data-toggle="tooltip" aria-label="Adicionar aos favoritos " data-original-title="Adicionar aos favoritos" data-placement="top" tabindex="-1">
                    <svg class="active-content" width="100%" height="100%" viewBox="0 0 20 22" fill="none" xmlns="http://www.w3.org/2000/svg">
                    <path fill-rule="evenodd" clip-rule="evenodd" d="M0 1.53052C0 0.685236 0.692171 0 1.54601 0H15.0736C15.9274 0 16.6196 0.685235 16.6196 1.53052V13.4064L15.8127 13.922L14.2658 14.2658L12.7189 13.4064L10.6054 14.3818C10.4994 14.2451 10.3327 14.157 10.1452 14.157H6.76329C6.4431 14.157 6.18354 14.414 6.18354 14.731C6.18354 15.0479 6.4431 15.3049 6.76329 15.3049H10.1452C10.2478 15.3049 10.3441 15.2785 10.4277 15.2322L10.3126 16.8439L13.2345 20.2793H1.54601C0.69217 20.2793 0 19.5941 0 18.7488V1.53052ZM6.18354 5.5483C6.18354 5.23132 6.4431 4.97436 6.76329 4.97436H12.3676C12.6878 4.97436 12.9473 5.23132 12.9473 5.5483C12.9473 5.86528 12.6878 6.12224 12.3676 6.12224H6.76329C6.4431 6.12224 6.18354 5.86528 6.18354 5.5483ZM6.76329 11.0961C6.4431 11.0961 6.18354 11.3531 6.18354 11.6701C6.18354 11.987 6.4431 12.244 6.76329 12.244H12.3676C12.6878 12.244 12.9473 11.987 12.9473 11.6701C12.9473 11.3531 12.6878 11.0961 12.3676 11.0961H6.76329ZM6.18354 8.60985C6.18354 8.29287 6.4431 8.03591 6.76329 8.03591H12.3676C12.6878 8.03591 12.9473 8.29287 12.9473 8.60985C12.9473 8.92684 12.6878 9.1838 12.3676 9.1838H6.76329C6.4431 9.1838 6.18354 8.92684 6.18354 8.60985ZM3.67118 5.5483C3.67118 5.23132 3.93075 4.97436 4.25093 4.97436H4.63743C4.95762 4.97436 5.21719 5.23132 5.21719 5.5483C5.21719 5.86528 4.95762 6.12224 4.63743 6.12224H4.25093C3.93075 6.12224 3.67118 5.86528 3.67118 5.5483ZM4.25093 11.0961C3.93075 11.0961 3.67118 11.3531 3.67118 11.6701C3.67118 11.987 3.93075 12.244 4.25093 12.244H4.63743C4.95762 12.244 5.21719 11.987 5.21719 11.6701C5.21719 11.3531 4.95762 11.0961 4.63743 11.0961H4.25093ZM3.67118 8.60985C3.67118 8.29287 3.93075 8.03591 4.25093 8.03591H4.63743C4.95762 8.03591 5.21719 8.29287 5.21719 8.60985C5.21719 8.92684 4.95762 9.1838 4.63743 9.1838H4.25093C3.93075 9.1838 3.67118 8.92684 3.67118 8.60985ZM4.25093 14.157C3.93075 14.157 3.67118 14.414 3.67118 14.731C3.67118 15.0479 3.93075 15.3049 4.25093 15.3049H4.63743C4.95762 15.3049 5.21719 15.0479 5.21719 14.731C5.21719 14.414 4.95762 14.157 4.63743 14.157H4.25093Z" fill="#EB0203"></path>
                    <path fill-rule="evenodd" clip-rule="evenodd" d="M14.6252 13.6363C13.4918 12.6215 11.7817 12.5264 10.6569 13.4792C9.12421 14.7764 9.34841 16.8912 10.4409 18.0122L14.0159 21.6742C14.2197 21.8832 14.4928 22 14.7822 22C15.0737 22 15.3448 21.8852 15.5486 21.6762L19.1236 18.0142C20.214 16.8933 20.4423 14.7785 18.9075 13.4792C17.7827 12.5283 16.0724 12.6217 14.9391 13.6365C14.8855 13.6845 14.8331 13.7345 14.7822 13.7866C14.7313 13.7345 14.6789 13.6843 14.6252 13.6363ZM18.1546 14.3522C19.0973 15.1508 18.9962 16.4896 18.2891 17.2173C18.2888 17.2175 18.2886 17.2177 18.2884 17.218L14.7832 20.8084L11.2753 17.2151C11.2752 17.215 11.2751 17.2149 11.2749 17.2148C10.5677 16.4887 10.4678 15.1495 11.4104 14.3518L11.4108 14.3514C12.0745 13.7892 13.2018 13.82 13.9488 14.5846L14.7822 15.4378L15.6157 14.5846C16.3617 13.8211 17.4896 13.79 18.1545 14.3521" fill="#EB0203"></path>
                    </svg>
                    <svg class="inactive-content" width="100%" height="100%" viewBox="0 0 20 23" fill="none" xmlns="http://www.w3.org/2000/svg">
                    <path fill-rule="evenodd" clip-rule="evenodd" d="M6.18408 5.77914C6.18408 5.46223 6.44363 5.20532 6.7638 5.20532H12.3678C12.6879 5.20532 12.9475 5.46223 12.9475 5.77914C12.9475 6.09606 12.6879 6.35297 12.3678 6.35297H6.7638C6.44363 6.35297 6.18408 6.09606 6.18408 5.77914Z" fill="#EB0203"></path>
                    <path fill-rule="evenodd" clip-rule="evenodd" d="M6.18408 11.9034C6.18408 11.5865 6.44363 11.3296 6.7638 11.3296H12.3678C12.6879 11.3296 12.9475 11.5865 12.9475 11.9034C12.9475 12.2202 12.6879 12.4771 12.3678 12.4771H6.7638C6.44363 12.4771 6.18408 12.2202 6.18408 11.9034Z" fill="#EB0203"></path>
                    <path fill-rule="evenodd" clip-rule="evenodd" d="M6.18408 8.84116C6.18408 8.52424 6.44363 8.26733 6.7638 8.26733H12.3678C12.6879 8.26733 12.9475 8.52424 12.9475 8.84116C12.9475 9.15807 12.6879 9.41498 12.3678 9.41498H6.7638C6.44363 9.41498 6.18408 9.15807 6.18408 8.84116Z" fill="#EB0203"></path>
                    <path fill-rule="evenodd" clip-rule="evenodd" d="M6.18408 14.9655C6.18408 14.6486 6.44363 14.3917 6.7638 14.3917H10.1455C10.4657 14.3917 10.7252 14.6486 10.7252 14.9655C10.7252 15.2825 10.4657 15.5394 10.1455 15.5394H6.7638C6.44363 15.5394 6.18408 15.2825 6.18408 14.9655Z" fill="#EB0203"></path>
                    <path fill-rule="evenodd" clip-rule="evenodd" d="M3.67139 5.77914C3.67139 5.46223 3.93094 5.20532 4.25111 5.20532H4.63759C4.95776 5.20532 5.21731 5.46223 5.21731 5.77914C5.21731 6.09606 4.95776 6.35297 4.63759 6.35297H4.25111C3.93094 6.35297 3.67139 6.09606 3.67139 5.77914Z" fill="#EB0203"></path>
                    <path fill-rule="evenodd" clip-rule="evenodd" d="M3.67139 11.9034C3.67139 11.5865 3.93094 11.3296 4.25111 11.3296H4.63759C4.95776 11.3296 5.21731 11.5865 5.21731 11.9034C5.21731 12.2202 4.95776 12.4771 4.63759 12.4771H4.25111C3.93094 12.4771 3.67139 12.2202 3.67139 11.9034Z" fill="#EB0203"></path>
                    <path fill-rule="evenodd" clip-rule="evenodd" d="M3.67139 8.84116C3.67139 8.52424 3.93094 8.26733 4.25111 8.26733H4.63759C4.95776 8.26733 5.21731 8.52424 5.21731 8.84116C5.21731 9.15807 4.95776 9.41498 4.63759 9.41498H4.25111C3.93094 9.41498 3.67139 9.15807 3.67139 8.84116Z" fill="#EB0203"></path>
                    <path fill-rule="evenodd" clip-rule="evenodd" d="M3.67139 14.9655C3.67139 14.6486 3.93094 14.3917 4.25111 14.3917H4.63759C4.95776 14.3917 5.21731 14.6486 5.21731 14.9655C5.21731 15.2825 4.95776 15.5394 4.63759 15.5394H4.25111C3.93094 15.5394 3.67139 15.2825 3.67139 14.9655Z" fill="#EB0203"></path>
                    <path fill-rule="evenodd" clip-rule="evenodd" d="M0 1.76033C0 0.914738 0.692131 0.229248 1.54592 0.229248H15.0727C15.9265 0.229248 16.6186 0.914738 16.6186 1.76033V11.2818C16.6186 11.5989 16.3591 11.8559 16.0389 11.8559C15.7187 11.8559 15.4592 11.5989 15.4592 11.2818V1.76033C15.4592 1.54893 15.2862 1.37756 15.0727 1.37756H1.54592C1.33247 1.37756 1.15944 1.54893 1.15944 1.76033V18.985C1.15944 19.1964 1.33247 19.3678 1.54592 19.3678H9.27551C9.59568 19.3678 9.85523 19.6249 9.85523 19.942C9.85523 20.2591 9.59568 20.5161 9.27551 20.5161H1.54592C0.692131 20.5161 0 19.8306 0 18.985V1.76033Z" fill="#EB0203"></path>
                    <path fill-rule="evenodd" clip-rule="evenodd" d="M14.6254 13.8718C13.4921 12.8567 11.7821 12.7615 10.6574 13.7147C9.12472 15.0124 9.34891 17.128 10.4413 18.2493L14.0161 21.9126C14.2199 22.1217 14.493 22.2386 14.7824 22.2386C15.0739 22.2386 15.3449 22.1238 15.5487 21.9147L19.1235 18.2514C20.2139 17.13 20.4422 15.0144 18.9075 13.7147C17.7827 12.7634 16.0726 12.8569 14.9392 13.872C14.8856 13.92 14.8333 13.9701 14.7824 14.0222C14.7314 13.97 14.6791 13.9199 14.6254 13.8718ZM18.1546 14.588C19.0972 15.3869 18.9961 16.7262 18.2891 17.4541C18.2888 17.4543 18.2886 17.4546 18.2884 17.4548L14.7834 21.0466L11.2757 17.452C11.2756 17.4519 11.2755 17.4517 11.2753 17.4516C10.5681 16.7252 10.4682 15.3856 11.4108 14.5876L11.4112 14.5872C12.0748 14.0248 13.202 14.0556 13.949 14.8205L14.7824 15.674L15.6158 14.8205C16.3618 14.0567 17.4896 14.0256 18.1545 14.5879" fill="#EB0203"></path>
                    </svg>
                    </button>
                    </div>
                    </div>
                    <p class="ct-tile--brand">Continente</p>
                    <p class="ct-tile--quantity">Quant. Mínima= 300 gr</p>
                    </div>
                    <div class="ct-tile-bottom row no-gutters justify-content-between">
                    <div class="ct-price-wrap col-8 col-sm-12">
                    <div class="price js-product-price">
                    <div class="prices-wrapper">
                    <span class="sales ct-tile--price-primary ">
                    <span class="value" content="11.99">
                    <span class="ct-price-formatted">
                    €11,99
                    </span>
                    <span class="ct-m-unit">
                    /kg
                    </span>
                    </span>
                    </span>
                    </div>
                    <div class="ct-tile--price-secondary">
                    <span class="ct-price-value">
                    €3,60
                    </span>
                    <span class="ct-m-unit">
                    /un
                    </span>
                    </div>
                    </div>
                    </div>
                    <div class="ct-tile-buy-section d-flex justify-content-center no-gutters col-auto col-sm-12">
                    <div class="col-2 d-sm-flex d-none">
                    <button class="wishlist-toggler guest-mode inactive button button--tertiary" data-pid="6938946" data-add-url="https://www.continente.pt/on/demandware.store/Sites-continente-Site/default/Wishlist-AddProduct?pid=6938946" data-toggle="tooltip" aria-label="Adicionar aos favoritos " data-original-title="Adicionar aos favoritos" data-placement="top" tabindex="-1">
                    <svg class="active-content" width="100%" height="100%" viewBox="0 0 20 22" fill="none" xmlns="http://www.w3.org/2000/svg">
                    <path fill-rule="evenodd" clip-rule="evenodd" d="M0 1.53052C0 0.685236 0.692171 0 1.54601 0H15.0736C15.9274 0 16.6196 0.685235 16.6196 1.53052V13.4064L15.8127 13.922L14.2658 14.2658L12.7189 13.4064L10.6054 14.3818C10.4994 14.2451 10.3327 14.157 10.1452 14.157H6.76329C6.4431 14.157 6.18354 14.414 6.18354 14.731C6.18354 15.0479 6.4431 15.3049 6.76329 15.3049H10.1452C10.2478 15.3049 10.3441 15.2785 10.4277 15.2322L10.3126 16.8439L13.2345 20.2793H1.54601C0.69217 20.2793 0 19.5941 0 18.7488V1.53052ZM6.18354 5.5483C6.18354 5.23132 6.4431 4.97436 6.76329 4.97436H12.3676C12.6878 4.97436 12.9473 5.23132 12.9473 5.5483C12.9473 5.86528 12.6878 6.12224 12.3676 6.12224H6.76329C6.4431 6.12224 6.18354 5.86528 6.18354 5.5483ZM6.76329 11.0961C6.4431 11.0961 6.18354 11.3531 6.18354 11.6701C6.18354 11.987 6.4431 12.244 6.76329 12.244H12.3676C12.6878 12.244 12.9473 11.987 12.9473 11.6701C12.9473 11.3531 12.6878 11.0961 12.3676 11.0961H6.76329ZM6.18354 8.60985C6.18354 8.29287 6.4431 8.03591 6.76329 8.03591H12.3676C12.6878 8.03591 12.9473 8.29287 12.9473 8.60985C12.9473 8.92684 12.6878 9.1838 12.3676 9.1838H6.76329C6.4431 9.1838 6.18354 8.92684 6.18354 8.60985ZM3.67118 5.5483C3.67118 5.23132 3.93075 4.97436 4.25093 4.97436H4.63743C4.95762 4.97436 5.21719 5.23132 5.21719 5.5483C5.21719 5.86528 4.95762 6.12224 4.63743 6.12224H4.25093C3.93075 6.12224 3.67118 5.86528 3.67118 5.5483ZM4.25093 11.0961C3.93075 11.0961 3.67118 11.3531 3.67118 11.6701C3.67118 11.987 3.93075 12.244 4.25093 12.244H4.63743C4.95762 12.244 5.21719 11.987 5.21719 11.6701C5.21719 11.3531 4.95762 11.0961 4.63743 11.0961H4.25093ZM3.67118 8.60985C3.67118 8.29287 3.93075 8.03591 4.25093 8.03591H4.63743C4.95762 8.03591 5.21719 8.29287 5.21719 8.60985C5.21719 8.92684 4.95762 9.1838 4.63743 9.1838H4.25093C3.93075 9.1838 3.67118 8.92684 3.67118 8.60985ZM4.25093 14.157C3.93075 14.157 3.67118 14.414 3.67118 14.731C3.67118 15.0479 3.93075 15.3049 4.25093 15.3049H4.63743C4.95762 15.3049 5.21719 15.0479 5.21719 14.731C5.21719 14.414 4.95762 14.157 4.63743 14.157H4.25093Z" fill="#EB0203"></path>
                    <path fill-rule="evenodd" clip-rule="evenodd" d="M14.6252 13.6363C13.4918 12.6215 11.7817 12.5264 10.6569 13.4792C9.12421 14.7764 9.34841 16.8912 10.4409 18.0122L14.0159 21.6742C14.2197 21.8832 14.4928 22 14.7822 22C15.0737 22 15.3448 21.8852 15.5486 21.6762L19.1236 18.0142C20.214 16.8933 20.4423 14.7785 18.9075 13.4792C17.7827 12.5283 16.0724 12.6217 14.9391 13.6365C14.8855 13.6845 14.8331 13.7345 14.7822 13.7866C14.7313 13.7345 14.6789 13.6843 14.6252 13.6363ZM18.1546 14.3522C19.0973 15.1508 18.9962 16.4896 18.2891 17.2173C18.2888 17.2175 18.2886 17.2177 18.2884 17.218L14.7832 20.8084L11.2753 17.2151C11.2752 17.215 11.2751 17.2149 11.2749 17.2148C10.5677 16.4887 10.4678 15.1495 11.4104 14.3518L11.4108 14.3514C12.0745 13.7892 13.2018 13.82 13.9488 14.5846L14.7822 15.4378L15.6157 14.5846C16.3617 13.8211 17.4896 13.79 18.1545 14.3521" fill="#EB0203"></path>
                    </svg>
                    <svg class="inactive-content" width="100%" height="100%" viewBox="0 0 20 23" fill="none" xmlns="http://www.w3.org/2000/svg">
                    <path fill-rule="evenodd" clip-rule="evenodd" d="M6.18408 5.77914C6.18408 5.46223 6.44363 5.20532 6.7638 5.20532H12.3678C12.6879 5.20532 12.9475 5.46223 12.9475 5.77914C12.9475 6.09606 12.6879 6.35297 12.3678 6.35297H6.7638C6.44363 6.35297 6.18408 6.09606 6.18408 5.77914Z" fill="#EB0203"></path>
                    <path fill-rule="evenodd" clip-rule="evenodd" d="M6.18408 11.9034C6.18408 11.5865 6.44363 11.3296 6.7638 11.3296H12.3678C12.6879 11.3296 12.9475 11.5865 12.9475 11.9034C12.9475 12.2202 12.6879 12.4771 12.3678 12.4771H6.7638C6.44363 12.4771 6.18408 12.2202 6.18408 11.9034Z" fill="#EB0203"></path>
                    <path fill-rule="evenodd" clip-rule="evenodd" d="M6.18408 8.84116C6.18408 8.52424 6.44363 8.26733 6.7638 8.26733H12.3678C12.6879 8.26733 12.9475 8.52424 12.9475 8.84116C12.9475 9.15807 12.6879 9.41498 12.3678 9.41498H6.7638C6.44363 9.41498 6.18408 9.15807 6.18408 8.84116Z" fill="#EB0203"></path>
                    <path fill-rule="evenodd" clip-rule="evenodd" d="M6.18408 14.9655C6.18408 14.6486 6.44363 14.3917 6.7638 14.3917H10.1455C10.4657 14.3917 10.7252 14.6486 10.7252 14.9655C10.7252 15.2825 10.4657 15.5394 10.1455 15.5394H6.7638C6.44363 15.5394 6.18408 15.2825 6.18408 14.9655Z" fill="#EB0203"></path>
                    <path fill-rule="evenodd" clip-rule="evenodd" d="M3.67139 5.77914C3.67139 5.46223 3.93094 5.20532 4.25111 5.20532H4.63759C4.95776 5.20532 5.21731 5.46223 5.21731 5.77914C5.21731 6.09606 4.95776 6.35297 4.63759 6.35297H4.25111C3.93094 6.35297 3.67139 6.09606 3.67139 5.77914Z" fill="#EB0203"></path>
                    <path fill-rule="evenodd" clip-rule="evenodd" d="M3.67139 11.9034C3.67139 11.5865 3.93094 11.3296 4.25111 11.3296H4.63759C4.95776 11.3296 5.21731 11.5865 5.21731 11.9034C5.21731 12.2202 4.95776 12.4771 4.63759 12.4771H4.25111C3.93094 12.4771 3.67139 12.2202 3.67139 11.9034Z" fill="#EB0203"></path>
                    <path fill-rule="evenodd" clip-rule="evenodd" d="M3.67139 8.84116C3.67139 8.52424 3.93094 8.26733 4.25111 8.26733H4.63759C4.95776 8.26733 5.21731 8.52424 5.21731 8.84116C5.21731 9.15807 4.95776 9.41498 4.63759 9.41498H4.25111C3.93094 9.41498 3.67139 9.15807 3.67139 8.84116Z" fill="#EB0203"></path>
                    <path fill-rule="evenodd" clip-rule="evenodd" d="M3.67139 14.9655C3.67139 14.6486 3.93094 14.3917 4.25111 14.3917H4.63759C4.95776 14.3917 5.21731 14.6486 5.21731 14.9655C5.21731 15.2825 4.95776 15.5394 4.63759 15.5394H4.25111C3.93094 15.5394 3.67139 15.2825 3.67139 14.9655Z" fill="#EB0203"></path>
                    <path fill-rule="evenodd" clip-rule="evenodd" d="M0 1.76033C0 0.914738 0.692131 0.229248 1.54592 0.229248H15.0727C15.9265 0.229248 16.6186 0.914738 16.6186 1.76033V11.2818C16.6186 11.5989 16.3591 11.8559 16.0389 11.8559C15.7187 11.8559 15.4592 11.5989 15.4592 11.2818V1.76033C15.4592 1.54893 15.2862 1.37756 15.0727 1.37756H1.54592C1.33247 1.37756 1.15944 1.54893 1.15944 1.76033V18.985C1.15944 19.1964 1.33247 19.3678 1.54592 19.3678H9.27551C9.59568 19.3678 9.85523 19.6249 9.85523 19.942C9.85523 20.2591 9.59568 20.5161 9.27551 20.5161H1.54592C0.692131 20.5161 0 19.8306 0 18.985V1.76033Z" fill="#EB0203"></path>
                    <path fill-rule="evenodd" clip-rule="evenodd" d="M14.6254 13.8718C13.4921 12.8567 11.7821 12.7615 10.6574 13.7147C9.12472 15.0124 9.34891 17.128 10.4413 18.2493L14.0161 21.9126C14.2199 22.1217 14.493 22.2386 14.7824 22.2386C15.0739 22.2386 15.3449 22.1238 15.5487 21.9147L19.1235 18.2514C20.2139 17.13 20.4422 15.0144 18.9075 13.7147C17.7827 12.7634 16.0726 12.8569 14.9392 13.872C14.8856 13.92 14.8333 13.9701 14.7824 14.0222C14.7314 13.97 14.6791 13.9199 14.6254 13.8718ZM18.1546 14.588C19.0972 15.3869 18.9961 16.7262 18.2891 17.4541C18.2888 17.4543 18.2886 17.4546 18.2884 17.4548L14.7834 21.0466L11.2757 17.452C11.2756 17.4519 11.2755 17.4517 11.2753 17.4516C10.5681 16.7252 10.4682 15.3856 11.4108 14.5876L11.4112 14.5872C12.0748 14.0248 13.202 14.0556 13.949 14.8205L14.7824 15.674L15.6158 14.8205C16.3618 14.0567 17.4896 14.0256 18.1545 14.5879" fill="#EB0203"></path>
                    </svg>
                    </button>
                    </div>
                    <div class="col-sm-10 col-12">
                    <div class="ct-tile-quantity d-none" data-pid="6938946">
                    <input type="hidden" class="add-to-cart-url" value="https://www.continente.pt/on/demandware.store/Sites-continente-Site/default/Cart-AddProduct" tabindex="-1">
                    <div class="d-none tile-delete-confirmation-btn" data-pid="6938946" data-delay-time="3000" data-in-cart-msg="no carrinho" data-one-product-added="Adicionado ao carrinho" data-remove-from-cart-msg="Removido do carrinho" data-stay-open="6000.0" data-confirmation-image="{&quot;url&quot;:&quot;https://www.continente.pt/dw/image/v2/BDVS_PRD/on/demandware.static/-/Sites-col-master-catalog/default/dw45bb8a71/images/col/693/6938946-frente.jpg?sw=87&amp;sh=80&quot;,&quot;fallbackimage&quot;:{&quot;url&quot;:&quot;https://www.continente.pt/dw/image/v2/BDVS_PRD/on/demandware.static/Sites-continente-Site/-/default/dw7c42b4da/images/noimagelarge_product.png?sw=87&amp;sh=80&quot;,&quot;title&quot;:&quot;Arroz de Pato&quot;,&quot;alt&quot;:&quot;Arroz de Pato&quot;},&quot;title&quot;:&quot;Arroz de Pato&quot;,&quot;alt&quot;:&quot;Arroz de Pato&quot;}"></div>
                    <div class="ct-tile-quantity-update quantity-update product-qty-vue" data-remove-action="https://www.continente.pt/on/demandware.store/Sites-continente-Site/default/Cart-RemoveProductLineItem" data-action="https://www.continente.pt/on/demandware.store/Sites-continente-Site/default/Cart-UpdateQuantity" data-dimension-update="https://www.continente.pt/on/demandware.store/Sites-continente-Site/default/Cart-DimensionUpdate" data-pid="6938946" data-uuid="d1be0d88ae5ada8446e72ac1b8" data-add-delay="500.0" data-measure-options="{&quot;hasConversionRate&quot;:true,&quot;hasAlternativeSaleUnit&quot;:true,&quot;primaryToSecondary&quot;:0.3,&quot;secondaryToPrimary&quot;:1,&quot;unitConversionRate&quot;:0.3,&quot;minOrderQuantity&quot;:0.3,&quot;stepQuantity&quot;:0.3,&quot;primaryunit&quot;:&quot;kg&quot;,&quot;secondaryunit&quot;:&quot;un&quot;,&quot;selectedunit&quot;:&quot;primary&quot;,&quot;maxNumberOfUnitsPerSale&quot;:49.8}" data-price-available="null" :data-has-error="isMaxQtyReached || isMinQtyReached || qtySelectedMoreThanOne">
                    <template v-show="prodUnits">
                    <div class="quantity-input-wrapper has-units">
                    <label class="visually-hidden" :for="'quantity-' + pid + additionalTag">
                    Quantidade no carrinho
                    </label>
                    <input :ref="'quantityInput-' + pid + additionalTag" class="add-to-cart-quantity form-control ct-form-input text-center" inputmode="numeric" :class="{'is-invalid': isInvalid}" :data-pid="pid + additionalTag" :name="'quantity-' + pid + additionalTag" type="text" aria-label="Insira a quantidade" title="" v-model="displayValue" @change="updateQuantity" @focus="updateQtyFormat" @blur="restoreQtyFormat" :disabled="!isPriceAvailable">
                    <span class="quantity-icon quantity-icon--minus">
                    <button class="decrease-quantity-btn" @click="updateQuantity" :disabled="!isPriceAvailable" role="button" aria-label="Reduzir quantidade">
                    <i class="css-math-minus"></i>
                    </button>
                    </span>
                    <span class="quantity-icon quantity-icon--plus">
                    <button class="increase-quantity-btn" @click="updateQuantity" :disabled="isMaxQtyReached || !isPriceAvailable" role="button" aria-label="Aumentar quantidade">
                    <i class="css-math-plus"></i>
                    </button>
                    <span class="quantity-btn-disabled-placeholder"></span>
                    </span>
                    <template v-if="isPDP">
                    <span class="quantity-error ct-span-error text-sm-center product-max-allocation" v-if="isMaxQtyReached">
                    Quantidade máxima atingida
                    </span>
                    <span class="quantity-error ct-span-product text-sm-center product-allocation" v-if="!isMinQtyReached &amp;&amp; !isMaxQtyReached">
                    {{quantitySelected}} no carrinho
                    </span>
                    <span class="quantity-error ct-span-error text-sm-center product-min-allocation" :data-pid="pid" v-if="isMinQtyReached &amp;&amp; !isMaxQtyReached">
                    Quantidade mínima atingida
                    </span>
                    </template>
                    </div>
                    <template v-if="showNotes">
                    <div class="add-note-link-container ">
                    <div class="add-note">
                    <a href="/produto/arroz-de-pato-continente-6938946.html?showNote=true" class="ct-add-note-redirect-pdp" aria-label="Adicionar comentário">
                    <span class="svg-wrapper svg-icon-notes" style="width:19px; height:20px">
                    <svg class="svg-inline icon-notes" viewBox="0 0 28 30" xmlns="http://www.w3.org/2000/svg" width="100%" height="100%"><path d="M21.738 0C22.985 0 24 1.04 24 2.319V12.47c0 .469-.37.848-.828.848-.457 0-.827-.38-.827-.848V2.32c0-.343-.273-.622-.607-.622H2.262c-.334 0-.607.279-.607.622V27.68c0 .343.273.622.607.622h7.81c.457 0 .827.38.827.849 0 .468-.37.848-.827.848h-7.81C1.015 30 0 28.96 0 27.681V2.32C0 1.04 1.015 0 2.262 0h19.476zm2.844 16.004l.227.007c.823.053 1.589.39 2.176.964.64.627.993 1.46.993 2.349 0 .888-.353 1.722-.993 2.348l-6.83 6.665c-.11.108-.247.186-.397.226l-5.032 1.363c-.078.021-.16.032-.241.032-.242 0-.478-.097-.647-.266-.23-.231-.314-.566-.218-.874l1.49-4.798c.044-.139.122-.266.227-.369l6.844-6.677c.64-.625 1.493-.97 2.401-.97zm-2.886 3.94l-4.922 4.802-.947 3.048 3.22-.872 4.897-4.78-2.248-2.197zm2.887-2.174c-.425 0-.824.162-1.124.455l-.484.472 2.248 2.197.484-.472c.62-.606.62-1.591 0-2.197l-.117-.104c-.283-.227-.636-.35-1.007-.35zm-10.839.022c.498 0 .904.396.904.883 0 .488-.406.884-.904.884H5.946c-.499 0-.904-.396-.904-.884 0-.487.405-.883.904-.883zm5.042-4.876c.498 0 .904.397.904.884s-.406.884-.904.884H5.946c-.499 0-.904-.397-.904-.884s.405-.884.904-.884zm0-4.875c.498 0 .904.396.904.884 0 .487-.406.883-.904.883H5.946c-.499 0-.904-.396-.904-.883 0-.488.405-.884.904-.884z" fill="#EB0203" fill-rule="evenodd"></path></svg>
                    </span>
                    <div class="available-note d-none"></div>
                    </a>
                    </div>
                    </div>
                    </template>
                    <div class="measurement-unit-section" v-if="isPriceAvailable &amp;&amp; prodUnits ? prodUnits.hasAlternativeUnit : false">
                    <div class="ct-form-radio" @click="setDimension">
                    <input type="radio" title="" class="ct-form-check-input product-measurement-unit" :data-type="prodUnits.selectedUnit == prodUnits.secondaryUnit ? 'primary' : ''" :id="prodUnits.secondaryUnit + '-' + pid + '-measurement-unit-ptile' + additionalTag" :name="'measurement-unit-' + pid + '-ptile' + additionalTag" :value="prodUnits.secondaryUnit" v-model="prodUnits.selectedUnit">
                    <label :class="prodUnits.secondaryUnit + '-label ct-form-check-label mb-0'" :for="prodUnits.secondaryUnit + '-' + pid + '-measurement-unit-ptile' + additionalTag">
                    {{prodUnits.secondaryUnit}}
                    </label>
                    <span class="checkmark"></span>
                    </div>
                    <div class="ct-form-radio" @click="setDimension">
                    <input type="radio" title="" class="ct-form-check-input product-measurement-unit" :data-type="prodUnits.selectedUnit == prodUnits.primaryUnit ? 'primary' : ''" :id="prodUnits.primaryUnit + '-' + pid + '-measurement-unit-ptile' + additionalTag" :name="'measurement-unit-' + pid + '-ptile' + additionalTag" :value="prodUnits.primaryUnit" v-model="prodUnits.selectedUnit">
                    <label :class="prodUnits.primaryUnit + '-label ct-form-check-label mb-0'" :for="prodUnits.primaryUnit + '-' + pid + '-measurement-unit-ptile' + additionalTag">
                    {{prodUnits.primaryUnit}}
                    </label>
                    <span class="checkmark"></span>
                    </div>
                    </div>
                    <template v-if="!isPDP &amp;&amp; isPriceAvailable">
                    <span class="quantity-error ct-span-error product-max-allocation" v-if="isMaxQtyReached">
                    Quantidade máxima atingida
                    </span>
                    <span class="quantity-error ct-span-product product-allocation" v-if="!isMinQtyReached &amp;&amp; !isMaxQtyReached">
                    {{quantitySelected}} no carrinho
                    </span>
                    <span class="quantity-error ct-span-error product-min-allocation" :data-pid="pid" v-if="isMinQtyReached &amp;&amp; !isMaxQtyReached">
                    Quantidade mínima atingida
                    </span>
                    </template>
                    </template>
                    </div>
                    <input class="quantity-value-mask d-none" name="quantity" type="number" min="0" value="" tabindex="-1">
                    </div>
                    <button type="button" class="add-to-cart button js-add-to-cart js-add-to-cart-tile 6938946 button--primary dynamic-layout-btn" data-toggle="modal" data-target="#chooseBonusProductModal" data-pid="6938946" data-quantity-value="null" aria-label="Carrinho" tabindex="-1">
                    <span class="d-block d-sm-none">
                    <span class="svg-wrapper svg-icon-cart" style="width:20px; height:20px">
                    <svg class="svg-inline icon-cart" xmlns="http://www.w3.org/2000/svg" viewBox="0 0 500 500" width="100%" height="100%"><path fill="#EB0203" fill-rule="evenodd" d="M 485.67317,94.386311 C 476.37798,83.847129 463.09468,78.03348 448.30404,78.03348 H 90.690813 L 87.079511,51.327997 C 83.185582,22.539551 62.962285,0 41.011841,0 H 14.727836 C 6.563151,0 0,6.5286975 0,14.580758 c 0,8.05206 6.5945535,14.580758 14.727836,14.580758 h 26.284005 c 4.710398,0 14.696435,9.855222 16.894619,26.021523 L 100.01739,368.0631 c 1.88416,13.77244 9.01256,26.70549 20.1605,36.37417 8.25889,7.15046 18.02511,11.9071 28.26237,13.89679 -4.17655,7.58572 -6.53175,16.25957 -6.53175,25.493 0,29.53459 24.27424,53.59751 54.13815,53.59751 29.8325,0 54.13814,-24.03184 54.13814,-53.59751 0,-8.79818 -2.19818,-17.09897 -5.9979,-24.43598 h 77.12488 c -3.79973,7.33701 -5.96652,15.6378 -5.96652,24.43598 0,29.53459 24.27424,53.59751 54.13817,53.59751 29.83249,0 54.13814,-24.03184 54.13814,-53.59751 0,-8.79818 -2.1982,-17.09897 -5.9979,-24.43598 h 38.56243 c 8.13328,0 14.72783,-6.5287 14.72783,-14.61183 0,-8.02098 -6.59455,-14.54967 -14.72783,-14.54967 H 159.24277 c -14.38241,0 -28.13677,-11.90711 -30.02092,-26.02153 l -3.07746,-22.88154 h 290.6314 c 14.03698,0 27.94834,-5.28513 39.06488,-14.95381 11.11652,-9.6376 18.27632,-22.57065 20.16048,-36.37417 l 21.10259,-156.78201 c 1.94694,-14.51858 -2.10398,-28.29103 -11.43057,-38.861299 z M 220.76053,443.82706 c 0,13.49265 -11.08513,24.46709 -24.68247,24.46709 -13.62874,0 -24.71387,-10.97444 -24.71387,-24.46709 0,-13.49262 11.08513,-24.43598 24.71387,-24.43598 13.59734,0 24.68247,10.94336 24.68247,24.43598 z m 173.43675,0 c 0,13.49265 -11.08512,24.46709 -24.68245,24.46709 -13.62876,0 -24.71388,-10.97444 -24.71388,-24.46709 0,-13.49262 11.08512,-24.43598 24.71388,-24.43598 13.59733,0 24.68245,10.94336 24.68245,24.43598 z m 73.7648,-314.46558 -21.13397,156.782 c -1.88416,14.11442 -15.63851,26.05261 -30.02091,26.05261 H 122.25046 L 94.616142,107.19499 H 448.33544 c 6.18632,0 11.61896,2.2695 15.23028,6.37326 3.64269,4.13484 5.21283,9.73086 4.39636,15.79323 z"></path></svg>
                    </span>
                    </span>
                    <span class="add-to-cart--text d-none d-sm-block">Carrinho</span>
                    </button>
                    </div>
                    </div>
                    </div>
                    </div>
                    
                    <div class="col-12 d-sm-none">
                    </div>
                    </div>
                    </div>
                    </div>
                    </div><div class="pd-tile-wrap slick-slide slick-cloned" data-idx="16" style="width: 276px; height: auto;" data-slick-index="32" id="" aria-hidden="true" tabindex="-1">
                    
                    <script type="text/javascript">//<!--
                    /* <![CDATA[ */
                    (function(){
                    try {
                        if(window.CQuotient) {
                            var cq_params = {};
                            cq_params.cookieId = window.CQuotient.getCQCookieId();
                            cq_params.userId = window.CQuotient.getCQUserId();
                            cq_params.emailId = CQuotient.getCQHashedEmail();
                            cq_params.loginId = CQuotient.getCQHashedLogin();
                            cq_params.accumulate = true;
                            cq_params.products = [{
                                id: '7186509',
                                sku: '',
                                type: '',
                                alt_id: ''
                            }];
                            cq_params.recommenderName = '__UNDEFINED__';
                            cq_params.realm = "BDVS";
                            cq_params.siteId = "continente";
                            cq_params.instanceType = "prd";
                            cq_params.locale = window.CQuotient.locale;
                            cq_params.slotId = '';
                            cq_params.slotConfigId = '';
                            cq_params.slotConfigTemplate = '';
                            if(window.CQuotient.sendActivity)
                                window.CQuotient.sendActivity( CQuotient.clientId, 'viewReco', cq_params );
                            else
                                window.CQuotient.activities.push( {activityType: 'viewReco', parameters: cq_params} );
                        }
                    } catch(err) {}
                    })();
                    /* ]]> */
                    // -->
                    </script>
                    <script type="text/javascript">//<!--
                    /* <![CDATA[ (viewProduct-active_data.js) */
                    dw.ac._capture({id: "7186509", type: "recommendation"});
                    /* ]]> */
                    // -->
                    </script>
                    <div class="product" data-pid="7186509">
                    <div class="product-tile pid-7186509   ct-product-tile " data-delay-time="3000" data-variants-mapping="[]" data-in-cart-msg="no carrinho" data-one-product-added="Adicionado ao carrinho" data-remove-from-cart-msg="Removido do carrinho" data-stay-open="6000.0" data-product-tile-impression="{&quot;name&quot;:&quot;7186509&quot;,&quot;id&quot;:&quot;7186509&quot;,&quot;price&quot;:2.49,&quot;brand&quot;:&quot;Sun&amp;Vegs&quot;,&quot;category&quot;:[{&quot;category_level_1&quot;:&quot;Take-Away&quot;},{&quot;category_level_2&quot;:&quot;Saladas, Sandes e Wraps&quot;},{&quot;category_level_3&quot;:&quot;Saladas Refeição&quot;}],&quot;variant&quot;:&quot;&quot;}">
                    <div class="ct-inner-tile-wrap row no-gutters justify-content-center align-content-start">
                    
                    <div class="ct-image-container col-4 col-sm" data-confirmation-image="{&quot;url&quot;:&quot;https://www.continente.pt/dw/image/v2/BDVS_PRD/on/demandware.static/-/Sites-col-master-catalog/default/dwb049063f/images/col/718/7186509-cima.jpg?sw=87&amp;sh=80&quot;,&quot;fallbackimage&quot;:{&quot;url&quot;:&quot;https://www.continente.pt/dw/image/v2/BDVS_PRD/on/demandware.static/Sites-continente-Site/-/default/dw7c42b4da/images/noimagelarge_product.png?sw=87&amp;sh=80&quot;,&quot;title&quot;:&quot;Salada de Atum&quot;,&quot;alt&quot;:&quot;Salada de Atum&quot;},&quot;title&quot;:&quot;Salada de Atum&quot;,&quot;alt&quot;:&quot;Salada de Atum&quot;}">
                    <a href="https://www.continente.pt/produto/salada-de-atum-sun-vegs-7186509.html?cgid=home" tabindex="-1">
                    <picture class="intrinsic intrinsic--square">
                    <img class="ct-tile-image lazyloaded" loading="lazy" onerror="this.onerror=null;this.src='/on/demandware.static/Sites-continente-Site/-/default/dw7c42b4da/images/noimagelarge_product.png';" data-src="https://www.continente.pt/dw/image/v2/BDVS_PRD/on/demandware.static/-/Sites-col-master-catalog/default/dwb049063f/images/col/718/7186509-cima.jpg?sw=280&amp;sh=280" alt="Salada de Atum" title="Salada de Atum" src="https://www.continente.pt/dw/image/v2/BDVS_PRD/on/demandware.static/-/Sites-col-master-catalog/default/dwb049063f/images/col/718/7186509-cima.jpg?sw=280&amp;sh=280">
                    </picture>
                    </a>
                    <div class="color-swatches d-flex" style="margin-left: 5px;">
                    <div class="swatches d-flex">
                    </div>
                    </div>
                    </div>
                    <div class="ct-tile-body col col-sm-auto ">
                    <div class="ct-pdp-details">
                    <div class="ct-pdp-link">
                    <a class="ct-tile--description" href="https://www.continente.pt/produto/salada-de-atum-sun-vegs-7186509.html?cgid=home" tabindex="-1">Salada de Atum</a>
                    <div class="ct-tile--favorite-top d-sm-none">
                    <button class="wishlist-toggler guest-mode inactive button button--tertiary" data-pid="7186509" data-add-url="https://www.continente.pt/on/demandware.store/Sites-continente-Site/default/Wishlist-AddProduct?pid=7186509" data-toggle="tooltip" aria-label="Adicionar aos favoritos " data-original-title="Adicionar aos favoritos" data-placement="top" tabindex="-1">
                    <svg class="active-content" width="100%" height="100%" viewBox="0 0 20 22" fill="none" xmlns="http://www.w3.org/2000/svg">
                    <path fill-rule="evenodd" clip-rule="evenodd" d="M0 1.53052C0 0.685236 0.692171 0 1.54601 0H15.0736C15.9274 0 16.6196 0.685235 16.6196 1.53052V13.4064L15.8127 13.922L14.2658 14.2658L12.7189 13.4064L10.6054 14.3818C10.4994 14.2451 10.3327 14.157 10.1452 14.157H6.76329C6.4431 14.157 6.18354 14.414 6.18354 14.731C6.18354 15.0479 6.4431 15.3049 6.76329 15.3049H10.1452C10.2478 15.3049 10.3441 15.2785 10.4277 15.2322L10.3126 16.8439L13.2345 20.2793H1.54601C0.69217 20.2793 0 19.5941 0 18.7488V1.53052ZM6.18354 5.5483C6.18354 5.23132 6.4431 4.97436 6.76329 4.97436H12.3676C12.6878 4.97436 12.9473 5.23132 12.9473 5.5483C12.9473 5.86528 12.6878 6.12224 12.3676 6.12224H6.76329C6.4431 6.12224 6.18354 5.86528 6.18354 5.5483ZM6.76329 11.0961C6.4431 11.0961 6.18354 11.3531 6.18354 11.6701C6.18354 11.987 6.4431 12.244 6.76329 12.244H12.3676C12.6878 12.244 12.9473 11.987 12.9473 11.6701C12.9473 11.3531 12.6878 11.0961 12.3676 11.0961H6.76329ZM6.18354 8.60985C6.18354 8.29287 6.4431 8.03591 6.76329 8.03591H12.3676C12.6878 8.03591 12.9473 8.29287 12.9473 8.60985C12.9473 8.92684 12.6878 9.1838 12.3676 9.1838H6.76329C6.4431 9.1838 6.18354 8.92684 6.18354 8.60985ZM3.67118 5.5483C3.67118 5.23132 3.93075 4.97436 4.25093 4.97436H4.63743C4.95762 4.97436 5.21719 5.23132 5.21719 5.5483C5.21719 5.86528 4.95762 6.12224 4.63743 6.12224H4.25093C3.93075 6.12224 3.67118 5.86528 3.67118 5.5483ZM4.25093 11.0961C3.93075 11.0961 3.67118 11.3531 3.67118 11.6701C3.67118 11.987 3.93075 12.244 4.25093 12.244H4.63743C4.95762 12.244 5.21719 11.987 5.21719 11.6701C5.21719 11.3531 4.95762 11.0961 4.63743 11.0961H4.25093ZM3.67118 8.60985C3.67118 8.29287 3.93075 8.03591 4.25093 8.03591H4.63743C4.95762 8.03591 5.21719 8.29287 5.21719 8.60985C5.21719 8.92684 4.95762 9.1838 4.63743 9.1838H4.25093C3.93075 9.1838 3.67118 8.92684 3.67118 8.60985ZM4.25093 14.157C3.93075 14.157 3.67118 14.414 3.67118 14.731C3.67118 15.0479 3.93075 15.3049 4.25093 15.3049H4.63743C4.95762 15.3049 5.21719 15.0479 5.21719 14.731C5.21719 14.414 4.95762 14.157 4.63743 14.157H4.25093Z" fill="#EB0203"></path>
                    <path fill-rule="evenodd" clip-rule="evenodd" d="M14.6252 13.6363C13.4918 12.6215 11.7817 12.5264 10.6569 13.4792C9.12421 14.7764 9.34841 16.8912 10.4409 18.0122L14.0159 21.6742C14.2197 21.8832 14.4928 22 14.7822 22C15.0737 22 15.3448 21.8852 15.5486 21.6762L19.1236 18.0142C20.214 16.8933 20.4423 14.7785 18.9075 13.4792C17.7827 12.5283 16.0724 12.6217 14.9391 13.6365C14.8855 13.6845 14.8331 13.7345 14.7822 13.7866C14.7313 13.7345 14.6789 13.6843 14.6252 13.6363ZM18.1546 14.3522C19.0973 15.1508 18.9962 16.4896 18.2891 17.2173C18.2888 17.2175 18.2886 17.2177 18.2884 17.218L14.7832 20.8084L11.2753 17.2151C11.2752 17.215 11.2751 17.2149 11.2749 17.2148C10.5677 16.4887 10.4678 15.1495 11.4104 14.3518L11.4108 14.3514C12.0745 13.7892 13.2018 13.82 13.9488 14.5846L14.7822 15.4378L15.6157 14.5846C16.3617 13.8211 17.4896 13.79 18.1545 14.3521" fill="#EB0203"></path>
                    </svg>
                    <svg class="inactive-content" width="100%" height="100%" viewBox="0 0 20 23" fill="none" xmlns="http://www.w3.org/2000/svg">
                    <path fill-rule="evenodd" clip-rule="evenodd" d="M6.18408 5.77914C6.18408 5.46223 6.44363 5.20532 6.7638 5.20532H12.3678C12.6879 5.20532 12.9475 5.46223 12.9475 5.77914C12.9475 6.09606 12.6879 6.35297 12.3678 6.35297H6.7638C6.44363 6.35297 6.18408 6.09606 6.18408 5.77914Z" fill="#EB0203"></path>
                    <path fill-rule="evenodd" clip-rule="evenodd" d="M6.18408 11.9034C6.18408 11.5865 6.44363 11.3296 6.7638 11.3296H12.3678C12.6879 11.3296 12.9475 11.5865 12.9475 11.9034C12.9475 12.2202 12.6879 12.4771 12.3678 12.4771H6.7638C6.44363 12.4771 6.18408 12.2202 6.18408 11.9034Z" fill="#EB0203"></path>
                    <path fill-rule="evenodd" clip-rule="evenodd" d="M6.18408 8.84116C6.18408 8.52424 6.44363 8.26733 6.7638 8.26733H12.3678C12.6879 8.26733 12.9475 8.52424 12.9475 8.84116C12.9475 9.15807 12.6879 9.41498 12.3678 9.41498H6.7638C6.44363 9.41498 6.18408 9.15807 6.18408 8.84116Z" fill="#EB0203"></path>
                    <path fill-rule="evenodd" clip-rule="evenodd" d="M6.18408 14.9655C6.18408 14.6486 6.44363 14.3917 6.7638 14.3917H10.1455C10.4657 14.3917 10.7252 14.6486 10.7252 14.9655C10.7252 15.2825 10.4657 15.5394 10.1455 15.5394H6.7638C6.44363 15.5394 6.18408 15.2825 6.18408 14.9655Z" fill="#EB0203"></path>
                    <path fill-rule="evenodd" clip-rule="evenodd" d="M3.67139 5.77914C3.67139 5.46223 3.93094 5.20532 4.25111 5.20532H4.63759C4.95776 5.20532 5.21731 5.46223 5.21731 5.77914C5.21731 6.09606 4.95776 6.35297 4.63759 6.35297H4.25111C3.93094 6.35297 3.67139 6.09606 3.67139 5.77914Z" fill="#EB0203"></path>
                    <path fill-rule="evenodd" clip-rule="evenodd" d="M3.67139 11.9034C3.67139 11.5865 3.93094 11.3296 4.25111 11.3296H4.63759C4.95776 11.3296 5.21731 11.5865 5.21731 11.9034C5.21731 12.2202 4.95776 12.4771 4.63759 12.4771H4.25111C3.93094 12.4771 3.67139 12.2202 3.67139 11.9034Z" fill="#EB0203"></path>
                    <path fill-rule="evenodd" clip-rule="evenodd" d="M3.67139 8.84116C3.67139 8.52424 3.93094 8.26733 4.25111 8.26733H4.63759C4.95776 8.26733 5.21731 8.52424 5.21731 8.84116C5.21731 9.15807 4.95776 9.41498 4.63759 9.41498H4.25111C3.93094 9.41498 3.67139 9.15807 3.67139 8.84116Z" fill="#EB0203"></path>
                    <path fill-rule="evenodd" clip-rule="evenodd" d="M3.67139 14.9655C3.67139 14.6486 3.93094 14.3917 4.25111 14.3917H4.63759C4.95776 14.3917 5.21731 14.6486 5.21731 14.9655C5.21731 15.2825 4.95776 15.5394 4.63759 15.5394H4.25111C3.93094 15.5394 3.67139 15.2825 3.67139 14.9655Z" fill="#EB0203"></path>
                    <path fill-rule="evenodd" clip-rule="evenodd" d="M0 1.76033C0 0.914738 0.692131 0.229248 1.54592 0.229248H15.0727C15.9265 0.229248 16.6186 0.914738 16.6186 1.76033V11.2818C16.6186 11.5989 16.3591 11.8559 16.0389 11.8559C15.7187 11.8559 15.4592 11.5989 15.4592 11.2818V1.76033C15.4592 1.54893 15.2862 1.37756 15.0727 1.37756H1.54592C1.33247 1.37756 1.15944 1.54893 1.15944 1.76033V18.985C1.15944 19.1964 1.33247 19.3678 1.54592 19.3678H9.27551C9.59568 19.3678 9.85523 19.6249 9.85523 19.942C9.85523 20.2591 9.59568 20.5161 9.27551 20.5161H1.54592C0.692131 20.5161 0 19.8306 0 18.985V1.76033Z" fill="#EB0203"></path>
                    <path fill-rule="evenodd" clip-rule="evenodd" d="M14.6254 13.8718C13.4921 12.8567 11.7821 12.7615 10.6574 13.7147C9.12472 15.0124 9.34891 17.128 10.4413 18.2493L14.0161 21.9126C14.2199 22.1217 14.493 22.2386 14.7824 22.2386C15.0739 22.2386 15.3449 22.1238 15.5487 21.9147L19.1235 18.2514C20.2139 17.13 20.4422 15.0144 18.9075 13.7147C17.7827 12.7634 16.0726 12.8569 14.9392 13.872C14.8856 13.92 14.8333 13.9701 14.7824 14.0222C14.7314 13.97 14.6791 13.9199 14.6254 13.8718ZM18.1546 14.588C19.0972 15.3869 18.9961 16.7262 18.2891 17.4541C18.2888 17.4543 18.2886 17.4546 18.2884 17.4548L14.7834 21.0466L11.2757 17.452C11.2756 17.4519 11.2755 17.4517 11.2753 17.4516C10.5681 16.7252 10.4682 15.3856 11.4108 14.5876L11.4112 14.5872C12.0748 14.0248 13.202 14.0556 13.949 14.8205L14.7824 15.674L15.6158 14.8205C16.3618 14.0567 17.4896 14.0256 18.1545 14.5879" fill="#EB0203"></path>
                    </svg>
                    </button>
                    </div>
                    </div>
                    <p class="ct-tile--brand">Sun&amp;Vegs</p>
                    <p class="ct-tile--quantity">emb. 257 gr</p>
                    </div>
                    <div class="ct-tile-bottom row no-gutters justify-content-between">
                    <div class="ct-price-wrap col-8 col-sm-12">
                    <div class="price js-product-price">
                    <div class="prices-wrapper">
                    <span class="sales ct-tile--price-primary ">
                    <span class="value" content="2.49">
                    <span class="ct-price-formatted">
                    €2,49
                    </span>
                    <span class="ct-m-unit">
                    /un
                    </span>
                    </span>
                    </span>
                    </div>
                    <div class="ct-tile--price-secondary">
                    <span class="ct-price-value">
                    €9,69
                    </span>
                    <span class="ct-m-unit">
                    /kg
                    </span>
                    </div>
                    </div>
                    </div>
                    <div class="ct-tile-buy-section d-flex justify-content-center no-gutters col-auto col-sm-12">
                    <div class="col-2 d-sm-flex d-none">
                    <button class="wishlist-toggler guest-mode inactive button button--tertiary" data-pid="7186509" data-add-url="https://www.continente.pt/on/demandware.store/Sites-continente-Site/default/Wishlist-AddProduct?pid=7186509" data-toggle="tooltip" aria-label="Adicionar aos favoritos " data-original-title="Adicionar aos favoritos" data-placement="top" tabindex="-1">
                    <svg class="active-content" width="100%" height="100%" viewBox="0 0 20 22" fill="none" xmlns="http://www.w3.org/2000/svg">
                    <path fill-rule="evenodd" clip-rule="evenodd" d="M0 1.53052C0 0.685236 0.692171 0 1.54601 0H15.0736C15.9274 0 16.6196 0.685235 16.6196 1.53052V13.4064L15.8127 13.922L14.2658 14.2658L12.7189 13.4064L10.6054 14.3818C10.4994 14.2451 10.3327 14.157 10.1452 14.157H6.76329C6.4431 14.157 6.18354 14.414 6.18354 14.731C6.18354 15.0479 6.4431 15.3049 6.76329 15.3049H10.1452C10.2478 15.3049 10.3441 15.2785 10.4277 15.2322L10.3126 16.8439L13.2345 20.2793H1.54601C0.69217 20.2793 0 19.5941 0 18.7488V1.53052ZM6.18354 5.5483C6.18354 5.23132 6.4431 4.97436 6.76329 4.97436H12.3676C12.6878 4.97436 12.9473 5.23132 12.9473 5.5483C12.9473 5.86528 12.6878 6.12224 12.3676 6.12224H6.76329C6.4431 6.12224 6.18354 5.86528 6.18354 5.5483ZM6.76329 11.0961C6.4431 11.0961 6.18354 11.3531 6.18354 11.6701C6.18354 11.987 6.4431 12.244 6.76329 12.244H12.3676C12.6878 12.244 12.9473 11.987 12.9473 11.6701C12.9473 11.3531 12.6878 11.0961 12.3676 11.0961H6.76329ZM6.18354 8.60985C6.18354 8.29287 6.4431 8.03591 6.76329 8.03591H12.3676C12.6878 8.03591 12.9473 8.29287 12.9473 8.60985C12.9473 8.92684 12.6878 9.1838 12.3676 9.1838H6.76329C6.4431 9.1838 6.18354 8.92684 6.18354 8.60985ZM3.67118 5.5483C3.67118 5.23132 3.93075 4.97436 4.25093 4.97436H4.63743C4.95762 4.97436 5.21719 5.23132 5.21719 5.5483C5.21719 5.86528 4.95762 6.12224 4.63743 6.12224H4.25093C3.93075 6.12224 3.67118 5.86528 3.67118 5.5483ZM4.25093 11.0961C3.93075 11.0961 3.67118 11.3531 3.67118 11.6701C3.67118 11.987 3.93075 12.244 4.25093 12.244H4.63743C4.95762 12.244 5.21719 11.987 5.21719 11.6701C5.21719 11.3531 4.95762 11.0961 4.63743 11.0961H4.25093ZM3.67118 8.60985C3.67118 8.29287 3.93075 8.03591 4.25093 8.03591H4.63743C4.95762 8.03591 5.21719 8.29287 5.21719 8.60985C5.21719 8.92684 4.95762 9.1838 4.63743 9.1838H4.25093C3.93075 9.1838 3.67118 8.92684 3.67118 8.60985ZM4.25093 14.157C3.93075 14.157 3.67118 14.414 3.67118 14.731C3.67118 15.0479 3.93075 15.3049 4.25093 15.3049H4.63743C4.95762 15.3049 5.21719 15.0479 5.21719 14.731C5.21719 14.414 4.95762 14.157 4.63743 14.157H4.25093Z" fill="#EB0203"></path>
                    <path fill-rule="evenodd" clip-rule="evenodd" d="M14.6252 13.6363C13.4918 12.6215 11.7817 12.5264 10.6569 13.4792C9.12421 14.7764 9.34841 16.8912 10.4409 18.0122L14.0159 21.6742C14.2197 21.8832 14.4928 22 14.7822 22C15.0737 22 15.3448 21.8852 15.5486 21.6762L19.1236 18.0142C20.214 16.8933 20.4423 14.7785 18.9075 13.4792C17.7827 12.5283 16.0724 12.6217 14.9391 13.6365C14.8855 13.6845 14.8331 13.7345 14.7822 13.7866C14.7313 13.7345 14.6789 13.6843 14.6252 13.6363ZM18.1546 14.3522C19.0973 15.1508 18.9962 16.4896 18.2891 17.2173C18.2888 17.2175 18.2886 17.2177 18.2884 17.218L14.7832 20.8084L11.2753 17.2151C11.2752 17.215 11.2751 17.2149 11.2749 17.2148C10.5677 16.4887 10.4678 15.1495 11.4104 14.3518L11.4108 14.3514C12.0745 13.7892 13.2018 13.82 13.9488 14.5846L14.7822 15.4378L15.6157 14.5846C16.3617 13.8211 17.4896 13.79 18.1545 14.3521" fill="#EB0203"></path>
                    </svg>
                    <svg class="inactive-content" width="100%" height="100%" viewBox="0 0 20 23" fill="none" xmlns="http://www.w3.org/2000/svg">
                    <path fill-rule="evenodd" clip-rule="evenodd" d="M6.18408 5.77914C6.18408 5.46223 6.44363 5.20532 6.7638 5.20532H12.3678C12.6879 5.20532 12.9475 5.46223 12.9475 5.77914C12.9475 6.09606 12.6879 6.35297 12.3678 6.35297H6.7638C6.44363 6.35297 6.18408 6.09606 6.18408 5.77914Z" fill="#EB0203"></path>
                    <path fill-rule="evenodd" clip-rule="evenodd" d="M6.18408 11.9034C6.18408 11.5865 6.44363 11.3296 6.7638 11.3296H12.3678C12.6879 11.3296 12.9475 11.5865 12.9475 11.9034C12.9475 12.2202 12.6879 12.4771 12.3678 12.4771H6.7638C6.44363 12.4771 6.18408 12.2202 6.18408 11.9034Z" fill="#EB0203"></path>
                    <path fill-rule="evenodd" clip-rule="evenodd" d="M6.18408 8.84116C6.18408 8.52424 6.44363 8.26733 6.7638 8.26733H12.3678C12.6879 8.26733 12.9475 8.52424 12.9475 8.84116C12.9475 9.15807 12.6879 9.41498 12.3678 9.41498H6.7638C6.44363 9.41498 6.18408 9.15807 6.18408 8.84116Z" fill="#EB0203"></path>
                    <path fill-rule="evenodd" clip-rule="evenodd" d="M6.18408 14.9655C6.18408 14.6486 6.44363 14.3917 6.7638 14.3917H10.1455C10.4657 14.3917 10.7252 14.6486 10.7252 14.9655C10.7252 15.2825 10.4657 15.5394 10.1455 15.5394H6.7638C6.44363 15.5394 6.18408 15.2825 6.18408 14.9655Z" fill="#EB0203"></path>
                    <path fill-rule="evenodd" clip-rule="evenodd" d="M3.67139 5.77914C3.67139 5.46223 3.93094 5.20532 4.25111 5.20532H4.63759C4.95776 5.20532 5.21731 5.46223 5.21731 5.77914C5.21731 6.09606 4.95776 6.35297 4.63759 6.35297H4.25111C3.93094 6.35297 3.67139 6.09606 3.67139 5.77914Z" fill="#EB0203"></path>
                    <path fill-rule="evenodd" clip-rule="evenodd" d="M3.67139 11.9034C3.67139 11.5865 3.93094 11.3296 4.25111 11.3296H4.63759C4.95776 11.3296 5.21731 11.5865 5.21731 11.9034C5.21731 12.2202 4.95776 12.4771 4.63759 12.4771H4.25111C3.93094 12.4771 3.67139 12.2202 3.67139 11.9034Z" fill="#EB0203"></path>
                    <path fill-rule="evenodd" clip-rule="evenodd" d="M3.67139 8.84116C3.67139 8.52424 3.93094 8.26733 4.25111 8.26733H4.63759C4.95776 8.26733 5.21731 8.52424 5.21731 8.84116C5.21731 9.15807 4.95776 9.41498 4.63759 9.41498H4.25111C3.93094 9.41498 3.67139 9.15807 3.67139 8.84116Z" fill="#EB0203"></path>
                    <path fill-rule="evenodd" clip-rule="evenodd" d="M3.67139 14.9655C3.67139 14.6486 3.93094 14.3917 4.25111 14.3917H4.63759C4.95776 14.3917 5.21731 14.6486 5.21731 14.9655C5.21731 15.2825 4.95776 15.5394 4.63759 15.5394H4.25111C3.93094 15.5394 3.67139 15.2825 3.67139 14.9655Z" fill="#EB0203"></path>
                    <path fill-rule="evenodd" clip-rule="evenodd" d="M0 1.76033C0 0.914738 0.692131 0.229248 1.54592 0.229248H15.0727C15.9265 0.229248 16.6186 0.914738 16.6186 1.76033V11.2818C16.6186 11.5989 16.3591 11.8559 16.0389 11.8559C15.7187 11.8559 15.4592 11.5989 15.4592 11.2818V1.76033C15.4592 1.54893 15.2862 1.37756 15.0727 1.37756H1.54592C1.33247 1.37756 1.15944 1.54893 1.15944 1.76033V18.985C1.15944 19.1964 1.33247 19.3678 1.54592 19.3678H9.27551C9.59568 19.3678 9.85523 19.6249 9.85523 19.942C9.85523 20.2591 9.59568 20.5161 9.27551 20.5161H1.54592C0.692131 20.5161 0 19.8306 0 18.985V1.76033Z" fill="#EB0203"></path>
                    <path fill-rule="evenodd" clip-rule="evenodd" d="M14.6254 13.8718C13.4921 12.8567 11.7821 12.7615 10.6574 13.7147C9.12472 15.0124 9.34891 17.128 10.4413 18.2493L14.0161 21.9126C14.2199 22.1217 14.493 22.2386 14.7824 22.2386C15.0739 22.2386 15.3449 22.1238 15.5487 21.9147L19.1235 18.2514C20.2139 17.13 20.4422 15.0144 18.9075 13.7147C17.7827 12.7634 16.0726 12.8569 14.9392 13.872C14.8856 13.92 14.8333 13.9701 14.7824 14.0222C14.7314 13.97 14.6791 13.9199 14.6254 13.8718ZM18.1546 14.588C19.0972 15.3869 18.9961 16.7262 18.2891 17.4541C18.2888 17.4543 18.2886 17.4546 18.2884 17.4548L14.7834 21.0466L11.2757 17.452C11.2756 17.4519 11.2755 17.4517 11.2753 17.4516C10.5681 16.7252 10.4682 15.3856 11.4108 14.5876L11.4112 14.5872C12.0748 14.0248 13.202 14.0556 13.949 14.8205L14.7824 15.674L15.6158 14.8205C16.3618 14.0567 17.4896 14.0256 18.1545 14.5879" fill="#EB0203"></path>
                    </svg>
                    </button>
                    </div>
                    <div class="col-sm-10 col-12">
                    <div class="ct-tile-quantity d-none" data-pid="7186509">
                    <input type="hidden" class="add-to-cart-url" value="https://www.continente.pt/on/demandware.store/Sites-continente-Site/default/Cart-AddProduct" tabindex="-1">
                    <div class="d-none tile-delete-confirmation-btn" data-pid="7186509" data-delay-time="3000" data-in-cart-msg="no carrinho" data-one-product-added="Adicionado ao carrinho" data-remove-from-cart-msg="Removido do carrinho" data-stay-open="6000.0" data-confirmation-image="{&quot;url&quot;:&quot;https://www.continente.pt/dw/image/v2/BDVS_PRD/on/demandware.static/-/Sites-col-master-catalog/default/dwb049063f/images/col/718/7186509-cima.jpg?sw=87&amp;sh=80&quot;,&quot;fallbackimage&quot;:{&quot;url&quot;:&quot;https://www.continente.pt/dw/image/v2/BDVS_PRD/on/demandware.static/Sites-continente-Site/-/default/dw7c42b4da/images/noimagelarge_product.png?sw=87&amp;sh=80&quot;,&quot;title&quot;:&quot;Salada de Atum&quot;,&quot;alt&quot;:&quot;Salada de Atum&quot;},&quot;title&quot;:&quot;Salada de Atum&quot;,&quot;alt&quot;:&quot;Salada de Atum&quot;}"></div>
                    <div class="ct-tile-quantity-update quantity-update product-qty-vue" data-remove-action="https://www.continente.pt/on/demandware.store/Sites-continente-Site/default/Cart-RemoveProductLineItem" data-action="https://www.continente.pt/on/demandware.store/Sites-continente-Site/default/Cart-UpdateQuantity" data-dimension-update="https://www.continente.pt/on/demandware.store/Sites-continente-Site/default/Cart-DimensionUpdate" data-pid="7186509" data-uuid="11c228359983eccb9aaec77418" data-add-delay="500.0" data-measure-options="{&quot;hasConversionRate&quot;:true,&quot;hasAlternativeSaleUnit&quot;:false,&quot;primaryToSecondary&quot;:1,&quot;secondaryToPrimary&quot;:1,&quot;unitConversionRate&quot;:1,&quot;minOrderQuantity&quot;:1,&quot;stepQuantity&quot;:1,&quot;primaryunit&quot;:&quot;un&quot;,&quot;secondaryunit&quot;:&quot;kg&quot;,&quot;selectedunit&quot;:&quot;primary&quot;,&quot;maxNumberOfUnitsPerSale&quot;:50}" data-price-available="null" :data-has-error="isMaxQtyReached || isMinQtyReached || qtySelectedMoreThanOne">
                    <template v-show="prodUnits">
                    <div class="quantity-input-wrapper has-units">
                    <label class="visually-hidden" :for="'quantity-' + pid + additionalTag">
                    Quantidade no carrinho
                    </label>
                    <input :ref="'quantityInput-' + pid + additionalTag" class="add-to-cart-quantity form-control ct-form-input text-center" inputmode="numeric" :class="{'is-invalid': isInvalid}" :data-pid="pid + additionalTag" :name="'quantity-' + pid + additionalTag" type="text" aria-label="Insira a quantidade" title="" v-model="displayValue" @change="updateQuantity" @focus="updateQtyFormat" @blur="restoreQtyFormat" :disabled="!isPriceAvailable">
                    <span class="quantity-icon quantity-icon--minus">
                    <button class="decrease-quantity-btn" @click="updateQuantity" :disabled="!isPriceAvailable" role="button" aria-label="Reduzir quantidade">
                    <i class="css-math-minus"></i>
                    </button>
                    </span>
                    <span class="quantity-icon quantity-icon--plus">
                    <button class="increase-quantity-btn" @click="updateQuantity" :disabled="isMaxQtyReached || !isPriceAvailable" role="button" aria-label="Aumentar quantidade">
                    <i class="css-math-plus"></i>
                    </button>
                    <span class="quantity-btn-disabled-placeholder"></span>
                    </span>
                    <template v-if="isPDP">
                    <span class="quantity-error ct-span-error text-sm-center product-max-allocation" v-if="isMaxQtyReached">
                    Quantidade máxima atingida
                    </span>
                    <span class="quantity-error ct-span-product text-sm-center product-allocation" v-if="!isMinQtyReached &amp;&amp; !isMaxQtyReached">
                    {{quantitySelected}} no carrinho
                    </span>
                    <span class="quantity-error ct-span-error text-sm-center product-min-allocation" :data-pid="pid" v-if="isMinQtyReached &amp;&amp; !isMaxQtyReached">
                    Quantidade mínima atingida
                    </span>
                    </template>
                    </div>
                    <template v-if="showNotes">
                    <div class="add-note-link-container ">
                    <div class="add-note">
                    <a href="/produto/salada-de-atum-sun-vegs-7186509.html?showNote=true" class="ct-add-note-redirect-pdp" aria-label="Adicionar comentário">
                    <span class="svg-wrapper svg-icon-notes" style="width:19px; height:20px">
                    <svg class="svg-inline icon-notes" viewBox="0 0 28 30" xmlns="http://www.w3.org/2000/svg" width="100%" height="100%"><path d="M21.738 0C22.985 0 24 1.04 24 2.319V12.47c0 .469-.37.848-.828.848-.457 0-.827-.38-.827-.848V2.32c0-.343-.273-.622-.607-.622H2.262c-.334 0-.607.279-.607.622V27.68c0 .343.273.622.607.622h7.81c.457 0 .827.38.827.849 0 .468-.37.848-.827.848h-7.81C1.015 30 0 28.96 0 27.681V2.32C0 1.04 1.015 0 2.262 0h19.476zm2.844 16.004l.227.007c.823.053 1.589.39 2.176.964.64.627.993 1.46.993 2.349 0 .888-.353 1.722-.993 2.348l-6.83 6.665c-.11.108-.247.186-.397.226l-5.032 1.363c-.078.021-.16.032-.241.032-.242 0-.478-.097-.647-.266-.23-.231-.314-.566-.218-.874l1.49-4.798c.044-.139.122-.266.227-.369l6.844-6.677c.64-.625 1.493-.97 2.401-.97zm-2.886 3.94l-4.922 4.802-.947 3.048 3.22-.872 4.897-4.78-2.248-2.197zm2.887-2.174c-.425 0-.824.162-1.124.455l-.484.472 2.248 2.197.484-.472c.62-.606.62-1.591 0-2.197l-.117-.104c-.283-.227-.636-.35-1.007-.35zm-10.839.022c.498 0 .904.396.904.883 0 .488-.406.884-.904.884H5.946c-.499 0-.904-.396-.904-.884 0-.487.405-.883.904-.883zm5.042-4.876c.498 0 .904.397.904.884s-.406.884-.904.884H5.946c-.499 0-.904-.397-.904-.884s.405-.884.904-.884zm0-4.875c.498 0 .904.396.904.884 0 .487-.406.883-.904.883H5.946c-.499 0-.904-.396-.904-.883 0-.488.405-.884.904-.884z" fill="#EB0203" fill-rule="evenodd"></path></svg>
                    </span>
                    <div class="available-note d-none"></div>
                    </a>
                    </div>
                    </div>
                    </template>
                    <div class="measurement-unit-section" v-if="isPriceAvailable &amp;&amp; prodUnits ? prodUnits.hasAlternativeUnit : false">
                    <div class="ct-form-radio" @click="setDimension">
                    <input type="radio" title="" class="ct-form-check-input product-measurement-unit" :data-type="prodUnits.selectedUnit == prodUnits.secondaryUnit ? 'primary' : ''" :id="prodUnits.secondaryUnit + '-' + pid + '-measurement-unit-ptile' + additionalTag" :name="'measurement-unit-' + pid + '-ptile' + additionalTag" :value="prodUnits.secondaryUnit" v-model="prodUnits.selectedUnit">
                    <label :class="prodUnits.secondaryUnit + '-label ct-form-check-label mb-0'" :for="prodUnits.secondaryUnit + '-' + pid + '-measurement-unit-ptile' + additionalTag">
                    {{prodUnits.secondaryUnit}}
                    </label>
                    <span class="checkmark"></span>
                    </div>
                    <div class="ct-form-radio" @click="setDimension">
                    <input type="radio" title="" class="ct-form-check-input product-measurement-unit" :data-type="prodUnits.selectedUnit == prodUnits.primaryUnit ? 'primary' : ''" :id="prodUnits.primaryUnit + '-' + pid + '-measurement-unit-ptile' + additionalTag" :name="'measurement-unit-' + pid + '-ptile' + additionalTag" :value="prodUnits.primaryUnit" v-model="prodUnits.selectedUnit">
                    <label :class="prodUnits.primaryUnit + '-label ct-form-check-label mb-0'" :for="prodUnits.primaryUnit + '-' + pid + '-measurement-unit-ptile' + additionalTag">
                     {{prodUnits.primaryUnit}}
                    </label>
                    <span class="checkmark"></span>
                    </div>
                    </div>
                    <template v-if="!isPDP &amp;&amp; isPriceAvailable">
                    <span class="quantity-error ct-span-error product-max-allocation" v-if="isMaxQtyReached">
                    Quantidade máxima atingida
                    </span>
                    <span class="quantity-error ct-span-product product-allocation" v-if="!isMinQtyReached &amp;&amp; !isMaxQtyReached">
                    {{quantitySelected}} no carrinho
                    </span>
                    <span class="quantity-error ct-span-error product-min-allocation" :data-pid="pid" v-if="isMinQtyReached &amp;&amp; !isMaxQtyReached">
                    Quantidade mínima atingida
                    </span>
                    </template>
                    </template>
                    </div>
                    <input class="quantity-value-mask d-none" name="quantity" type="number" min="0" value="" tabindex="-1">
                    </div>
                    <button type="button" class="add-to-cart button js-add-to-cart js-add-to-cart-tile 7186509 button--primary dynamic-layout-btn" data-toggle="modal" data-target="#chooseBonusProductModal" data-pid="7186509" data-quantity-value="null" aria-label="Carrinho" tabindex="-1">
                    <span class="d-block d-sm-none">
                    <span class="svg-wrapper svg-icon-cart" style="width:20px; height:20px">
                    <svg class="svg-inline icon-cart" xmlns="http://www.w3.org/2000/svg" viewBox="0 0 500 500" width="100%" height="100%"><path fill="#EB0203" fill-rule="evenodd" d="M 485.67317,94.386311 C 476.37798,83.847129 463.09468,78.03348 448.30404,78.03348 H 90.690813 L 87.079511,51.327997 C 83.185582,22.539551 62.962285,0 41.011841,0 H 14.727836 C 6.563151,0 0,6.5286975 0,14.580758 c 0,8.05206 6.5945535,14.580758 14.727836,14.580758 h 26.284005 c 4.710398,0 14.696435,9.855222 16.894619,26.021523 L 100.01739,368.0631 c 1.88416,13.77244 9.01256,26.70549 20.1605,36.37417 8.25889,7.15046 18.02511,11.9071 28.26237,13.89679 -4.17655,7.58572 -6.53175,16.25957 -6.53175,25.493 0,29.53459 24.27424,53.59751 54.13815,53.59751 29.8325,0 54.13814,-24.03184 54.13814,-53.59751 0,-8.79818 -2.19818,-17.09897 -5.9979,-24.43598 h 77.12488 c -3.79973,7.33701 -5.96652,15.6378 -5.96652,24.43598 0,29.53459 24.27424,53.59751 54.13817,53.59751 29.83249,0 54.13814,-24.03184 54.13814,-53.59751 0,-8.79818 -2.1982,-17.09897 -5.9979,-24.43598 h 38.56243 c 8.13328,0 14.72783,-6.5287 14.72783,-14.61183 0,-8.02098 -6.59455,-14.54967 -14.72783,-14.54967 H 159.24277 c -14.38241,0 -28.13677,-11.90711 -30.02092,-26.02153 l -3.07746,-22.88154 h 290.6314 c 14.03698,0 27.94834,-5.28513 39.06488,-14.95381 11.11652,-9.6376 18.27632,-22.57065 20.16048,-36.37417 l 21.10259,-156.78201 c 1.94694,-14.51858 -2.10398,-28.29103 -11.43057,-38.861299 z M 220.76053,443.82706 c 0,13.49265 -11.08513,24.46709 -24.68247,24.46709 -13.62874,0 -24.71387,-10.97444 -24.71387,-24.46709 0,-13.49262 11.08513,-24.43598 24.71387,-24.43598 13.59734,0 24.68247,10.94336 24.68247,24.43598 z m 173.43675,0 c 0,13.49265 -11.08512,24.46709 -24.68245,24.46709 -13.62876,0 -24.71388,-10.97444 -24.71388,-24.46709 0,-13.49262 11.08512,-24.43598 24.71388,-24.43598 13.59733,0 24.68245,10.94336 24.68245,24.43598 z m 73.7648,-314.46558 -21.13397,156.782 c -1.88416,14.11442 -15.63851,26.05261 -30.02091,26.05261 H 122.25046 L 94.616142,107.19499 H 448.33544 c 6.18632,0 11.61896,2.2695 15.23028,6.37326 3.64269,4.13484 5.21283,9.73086 4.39636,15.79323 z"></path></svg>
                    </span>
                    </span>
                    <span class="add-to-cart--text d-none d-sm-block">Carrinho</span>
                     </button>
                    </div>
                    </div>
                    </div>
                    </div>
                    
                    <div class="col-12 d-sm-none">
                    </div>
                    </div>
                    </div>
                    </div>
                    </div><div class="pd-tile-wrap slick-slide slick-cloned" data-idx="17" style="width: 276px; height: auto;" data-slick-index="33" id="" aria-hidden="true" tabindex="-1">
                    
                    <script type="text/javascript">//<!--
                    /* <![CDATA[ */
                    (function(){
                    try {
                        if(window.CQuotient) {
                            var cq_params = {};
                            cq_params.cookieId = window.CQuotient.getCQCookieId();
                            cq_params.userId = window.CQuotient.getCQUserId();
                            cq_params.emailId = CQuotient.getCQHashedEmail();
                            cq_params.loginId = CQuotient.getCQHashedLogin();
                            cq_params.accumulate = true;
                            cq_params.products = [{
                                id: '7566321',
                                sku: '',
                                type: '',
                                alt_id: ''
                            }];
                            cq_params.recommenderName = '__UNDEFINED__';
                            cq_params.realm = "BDVS";
                            cq_params.siteId = "continente";
                            cq_params.instanceType = "prd";
                            cq_params.locale = window.CQuotient.locale;
                            cq_params.slotId = '';
                            cq_params.slotConfigId = '';
                            cq_params.slotConfigTemplate = '';
                            if(window.CQuotient.sendActivity)
                                window.CQuotient.sendActivity( CQuotient.clientId, 'viewReco', cq_params );
                            else
                                window.CQuotient.activities.push( {activityType: 'viewReco', parameters: cq_params} );
                        }
                    } catch(err) {}
                    })();
                    /* ]]> */
                    // -->
                    </script>
                    <script type="text/javascript">//<!--
                    /* <![CDATA[ (viewProduct-active_data.js) */
                    dw.ac._capture({id: "7566321", type: "recommendation"});
                    /* ]]> */
                    // -->
                    </script>
                    <div class="product" data-pid="7566321">
                    <div class="product-tile pid-7566321   ct-product-tile " data-delay-time="3000" data-variants-mapping="[]" data-in-cart-msg="no carrinho" data-one-product-added="Adicionado ao carrinho" data-remove-from-cart-msg="Removido do carrinho" data-stay-open="6000.0" data-product-tile-impression="{&quot;name&quot;:&quot;7566321&quot;,&quot;id&quot;:&quot;7566321&quot;,&quot;price&quot;:1.99,&quot;brand&quot;:&quot;Continente&quot;,&quot;category&quot;:[{&quot;category_level_1&quot;:&quot;Take-Away&quot;},{&quot;category_level_2&quot;:&quot;Saladas, Sandes e Wraps&quot;},{&quot;category_level_3&quot;:&quot;Wraps&quot;}],&quot;variant&quot;:&quot;&quot;}">
                    <div class="ct-inner-tile-wrap row no-gutters justify-content-center align-content-start">
                    
                    <div class="ct-image-container col-4 col-sm" data-confirmation-image="{&quot;url&quot;:&quot;https://www.continente.pt/dw/image/v2/BDVS_PRD/on/demandware.static/-/Sites-col-master-catalog/default/dwc8c9ceba/images/col/756/7566321-frente.jpg?sw=87&amp;sh=80&quot;,&quot;fallbackimage&quot;:{&quot;url&quot;:&quot;https://www.continente.pt/dw/image/v2/BDVS_PRD/on/demandware.static/Sites-continente-Site/-/default/dw7c42b4da/images/noimagelarge_product.png?sw=87&amp;sh=80&quot;,&quot;title&quot;:&quot;Wrap Vegetariano&quot;,&quot;alt&quot;:&quot;Wrap Vegetariano&quot;},&quot;title&quot;:&quot;Wrap Vegetariano&quot;,&quot;alt&quot;:&quot;Wrap Vegetariano&quot;}">
                    <a href="https://www.continente.pt/produto/wrap-vegetariano-continente-7566321.html?cgid=home" tabindex="-1">
                    <picture class="intrinsic intrinsic--square">
                    <img class="ct-tile-image lazyloaded" loading="lazy" onerror="this.onerror=null;this.src='/on/demandware.static/Sites-continente-Site/-/default/dw7c42b4da/images/noimagelarge_product.png';" data-src="https://www.continente.pt/dw/image/v2/BDVS_PRD/on/demandware.static/-/Sites-col-master-catalog/default/dwc8c9ceba/images/col/756/7566321-frente.jpg?sw=280&amp;sh=280" alt="Wrap Vegetariano" title="Wrap Vegetariano" src="https://www.continente.pt/dw/image/v2/BDVS_PRD/on/demandware.static/-/Sites-col-master-catalog/default/dwc8c9ceba/images/col/756/7566321-frente.jpg?sw=280&amp;sh=280">
                    </picture>
                    </a>
                    <div class="color-swatches d-flex" style="margin-left: 5px;">
                    <div class="swatches d-flex">
                    </div>
                    </div>
                    </div>
                    <div class="ct-tile-body col col-sm-auto ">
                    <div class="ct-pdp-details">
                    <div class="ct-pdp-link">
                    <a class="ct-tile--description" href="https://www.continente.pt/produto/wrap-vegetariano-continente-7566321.html?cgid=home" tabindex="-1">Wrap Vegetariano</a>
                    <div class="ct-tile--favorite-top d-sm-none">
                    <button class="wishlist-toggler guest-mode inactive button button--tertiary" data-pid="7566321" data-add-url="https://www.continente.pt/on/demandware.store/Sites-continente-Site/default/Wishlist-AddProduct?pid=7566321" data-toggle="tooltip" aria-label="Adicionar aos favoritos " data-original-title="Adicionar aos favoritos" data-placement="top" tabindex="-1">
                    <svg class="active-content" width="100%" height="100%" viewBox="0 0 20 22" fill="none" xmlns="http://www.w3.org/2000/svg">
                    <path fill-rule="evenodd" clip-rule="evenodd" d="M0 1.53052C0 0.685236 0.692171 0 1.54601 0H15.0736C15.9274 0 16.6196 0.685235 16.6196 1.53052V13.4064L15.8127 13.922L14.2658 14.2658L12.7189 13.4064L10.6054 14.3818C10.4994 14.2451 10.3327 14.157 10.1452 14.157H6.76329C6.4431 14.157 6.18354 14.414 6.18354 14.731C6.18354 15.0479 6.4431 15.3049 6.76329 15.3049H10.1452C10.2478 15.3049 10.3441 15.2785 10.4277 15.2322L10.3126 16.8439L13.2345 20.2793H1.54601C0.69217 20.2793 0 19.5941 0 18.7488V1.53052ZM6.18354 5.5483C6.18354 5.23132 6.4431 4.97436 6.76329 4.97436H12.3676C12.6878 4.97436 12.9473 5.23132 12.9473 5.5483C12.9473 5.86528 12.6878 6.12224 12.3676 6.12224H6.76329C6.4431 6.12224 6.18354 5.86528 6.18354 5.5483ZM6.76329 11.0961C6.4431 11.0961 6.18354 11.3531 6.18354 11.6701C6.18354 11.987 6.4431 12.244 6.76329 12.244H12.3676C12.6878 12.244 12.9473 11.987 12.9473 11.6701C12.9473 11.3531 12.6878 11.0961 12.3676 11.0961H6.76329ZM6.18354 8.60985C6.18354 8.29287 6.4431 8.03591 6.76329 8.03591H12.3676C12.6878 8.03591 12.9473 8.29287 12.9473 8.60985C12.9473 8.92684 12.6878 9.1838 12.3676 9.1838H6.76329C6.4431 9.1838 6.18354 8.92684 6.18354 8.60985ZM3.67118 5.5483C3.67118 5.23132 3.93075 4.97436 4.25093 4.97436H4.63743C4.95762 4.97436 5.21719 5.23132 5.21719 5.5483C5.21719 5.86528 4.95762 6.12224 4.63743 6.12224H4.25093C3.93075 6.12224 3.67118 5.86528 3.67118 5.5483ZM4.25093 11.0961C3.93075 11.0961 3.67118 11.3531 3.67118 11.6701C3.67118 11.987 3.93075 12.244 4.25093 12.244H4.63743C4.95762 12.244 5.21719 11.987 5.21719 11.6701C5.21719 11.3531 4.95762 11.0961 4.63743 11.0961H4.25093ZM3.67118 8.60985C3.67118 8.29287 3.93075 8.03591 4.25093 8.03591H4.63743C4.95762 8.03591 5.21719 8.29287 5.21719 8.60985C5.21719 8.92684 4.95762 9.1838 4.63743 9.1838H4.25093C3.93075 9.1838 3.67118 8.92684 3.67118 8.60985ZM4.25093 14.157C3.93075 14.157 3.67118 14.414 3.67118 14.731C3.67118 15.0479 3.93075 15.3049 4.25093 15.3049H4.63743C4.95762 15.3049 5.21719 15.0479 5.21719 14.731C5.21719 14.414 4.95762 14.157 4.63743 14.157H4.25093Z" fill="#EB0203"></path>
                    <path fill-rule="evenodd" clip-rule="evenodd" d="M14.6252 13.6363C13.4918 12.6215 11.7817 12.5264 10.6569 13.4792C9.12421 14.7764 9.34841 16.8912 10.4409 18.0122L14.0159 21.6742C14.2197 21.8832 14.4928 22 14.7822 22C15.0737 22 15.3448 21.8852 15.5486 21.6762L19.1236 18.0142C20.214 16.8933 20.4423 14.7785 18.9075 13.4792C17.7827 12.5283 16.0724 12.6217 14.9391 13.6365C14.8855 13.6845 14.8331 13.7345 14.7822 13.7866C14.7313 13.7345 14.6789 13.6843 14.6252 13.6363ZM18.1546 14.3522C19.0973 15.1508 18.9962 16.4896 18.2891 17.2173C18.2888 17.2175 18.2886 17.2177 18.2884 17.218L14.7832 20.8084L11.2753 17.2151C11.2752 17.215 11.2751 17.2149 11.2749 17.2148C10.5677 16.4887 10.4678 15.1495 11.4104 14.3518L11.4108 14.3514C12.0745 13.7892 13.2018 13.82 13.9488 14.5846L14.7822 15.4378L15.6157 14.5846C16.3617 13.8211 17.4896 13.79 18.1545 14.3521" fill="#EB0203"></path>
                    </svg>
                    <svg class="inactive-content" width="100%" height="100%" viewBox="0 0 20 23" fill="none" xmlns="http://www.w3.org/2000/svg">
                    <path fill-rule="evenodd" clip-rule="evenodd" d="M6.18408 5.77914C6.18408 5.46223 6.44363 5.20532 6.7638 5.20532H12.3678C12.6879 5.20532 12.9475 5.46223 12.9475 5.77914C12.9475 6.09606 12.6879 6.35297 12.3678 6.35297H6.7638C6.44363 6.35297 6.18408 6.09606 6.18408 5.77914Z" fill="#EB0203"></path>
                    <path fill-rule="evenodd" clip-rule="evenodd" d="M6.18408 11.9034C6.18408 11.5865 6.44363 11.3296 6.7638 11.3296H12.3678C12.6879 11.3296 12.9475 11.5865 12.9475 11.9034C12.9475 12.2202 12.6879 12.4771 12.3678 12.4771H6.7638C6.44363 12.4771 6.18408 12.2202 6.18408 11.9034Z" fill="#EB0203"></path>
                    <path fill-rule="evenodd" clip-rule="evenodd" d="M6.18408 8.84116C6.18408 8.52424 6.44363 8.26733 6.7638 8.26733H12.3678C12.6879 8.26733 12.9475 8.52424 12.9475 8.84116C12.9475 9.15807 12.6879 9.41498 12.3678 9.41498H6.7638C6.44363 9.41498 6.18408 9.15807 6.18408 8.84116Z" fill="#EB0203"></path>
                    <path fill-rule="evenodd" clip-rule="evenodd" d="M6.18408 14.9655C6.18408 14.6486 6.44363 14.3917 6.7638 14.3917H10.1455C10.4657 14.3917 10.7252 14.6486 10.7252 14.9655C10.7252 15.2825 10.4657 15.5394 10.1455 15.5394H6.7638C6.44363 15.5394 6.18408 15.2825 6.18408 14.9655Z" fill="#EB0203"></path>
                    <path fill-rule="evenodd" clip-rule="evenodd" d="M3.67139 5.77914C3.67139 5.46223 3.93094 5.20532 4.25111 5.20532H4.63759C4.95776 5.20532 5.21731 5.46223 5.21731 5.77914C5.21731 6.09606 4.95776 6.35297 4.63759 6.35297H4.25111C3.93094 6.35297 3.67139 6.09606 3.67139 5.77914Z" fill="#EB0203"></path>
                    <path fill-rule="evenodd" clip-rule="evenodd" d="M3.67139 11.9034C3.67139 11.5865 3.93094 11.3296 4.25111 11.3296H4.63759C4.95776 11.3296 5.21731 11.5865 5.21731 11.9034C5.21731 12.2202 4.95776 12.4771 4.63759 12.4771H4.25111C3.93094 12.4771 3.67139 12.2202 3.67139 11.9034Z" fill="#EB0203"></path>
                    <path fill-rule="evenodd" clip-rule="evenodd" d="M3.67139 8.84116C3.67139 8.52424 3.93094 8.26733 4.25111 8.26733H4.63759C4.95776 8.26733 5.21731 8.52424 5.21731 8.84116C5.21731 9.15807 4.95776 9.41498 4.63759 9.41498H4.25111C3.93094 9.41498 3.67139 9.15807 3.67139 8.84116Z" fill="#EB0203"></path>
                    <path fill-rule="evenodd" clip-rule="evenodd" d="M3.67139 14.9655C3.67139 14.6486 3.93094 14.3917 4.25111 14.3917H4.63759C4.95776 14.3917 5.21731 14.6486 5.21731 14.9655C5.21731 15.2825 4.95776 15.5394 4.63759 15.5394H4.25111C3.93094 15.5394 3.67139 15.2825 3.67139 14.9655Z" fill="#EB0203"></path>
                    <path fill-rule="evenodd" clip-rule="evenodd" d="M0 1.76033C0 0.914738 0.692131 0.229248 1.54592 0.229248H15.0727C15.9265 0.229248 16.6186 0.914738 16.6186 1.76033V11.2818C16.6186 11.5989 16.3591 11.8559 16.0389 11.8559C15.7187 11.8559 15.4592 11.5989 15.4592 11.2818V1.76033C15.4592 1.54893 15.2862 1.37756 15.0727 1.37756H1.54592C1.33247 1.37756 1.15944 1.54893 1.15944 1.76033V18.985C1.15944 19.1964 1.33247 19.3678 1.54592 19.3678H9.27551C9.59568 19.3678 9.85523 19.6249 9.85523 19.942C9.85523 20.2591 9.59568 20.5161 9.27551 20.5161H1.54592C0.692131 20.5161 0 19.8306 0 18.985V1.76033Z" fill="#EB0203"></path>
                    <path fill-rule="evenodd" clip-rule="evenodd" d="M14.6254 13.8718C13.4921 12.8567 11.7821 12.7615 10.6574 13.7147C9.12472 15.0124 9.34891 17.128 10.4413 18.2493L14.0161 21.9126C14.2199 22.1217 14.493 22.2386 14.7824 22.2386C15.0739 22.2386 15.3449 22.1238 15.5487 21.9147L19.1235 18.2514C20.2139 17.13 20.4422 15.0144 18.9075 13.7147C17.7827 12.7634 16.0726 12.8569 14.9392 13.872C14.8856 13.92 14.8333 13.9701 14.7824 14.0222C14.7314 13.97 14.6791 13.9199 14.6254 13.8718ZM18.1546 14.588C19.0972 15.3869 18.9961 16.7262 18.2891 17.4541C18.2888 17.4543 18.2886 17.4546 18.2884 17.4548L14.7834 21.0466L11.2757 17.452C11.2756 17.4519 11.2755 17.4517 11.2753 17.4516C10.5681 16.7252 10.4682 15.3856 11.4108 14.5876L11.4112 14.5872C12.0748 14.0248 13.202 14.0556 13.949 14.8205L14.7824 15.674L15.6158 14.8205C16.3618 14.0567 17.4896 14.0256 18.1545 14.5879" fill="#EB0203"></path>
                    </svg>
                    </button>
                    </div>
                    </div>
                    <p class="ct-tile--brand">Continente</p>
                    <p class="ct-tile--quantity">emb. 183 gr</p>
                    </div>
                    <div class="ct-tile-bottom row no-gutters justify-content-between">
                    <div class="ct-price-wrap col-8 col-sm-12">
                    <div class="price js-product-price">
                    <div class="prices-wrapper">
                    <span class="sales ct-tile--price-primary ">
                    <span class="value" content="1.99">
                    <span class="ct-price-formatted">
                    €1,99
                    </span>
                    <span class="ct-m-unit">
                    /un
                    </span>
                    </span>
                    </span>
                    </div>
                    <div class="ct-tile--price-secondary">
                    <span class="ct-price-value">
                    €10,87
                    </span>
                    <span class="ct-m-unit">
                    /kg
                    </span>
                    </div>
                    </div>
                    </div>
                    <div class="ct-tile-buy-section d-flex justify-content-center no-gutters col-auto col-sm-12">
                    <div class="col-2 d-sm-flex d-none">
                    <button class="wishlist-toggler guest-mode inactive button button--tertiary" data-pid="7566321" data-add-url="https://www.continente.pt/on/demandware.store/Sites-continente-Site/default/Wishlist-AddProduct?pid=7566321" data-toggle="tooltip" aria-label="Adicionar aos favoritos " data-original-title="Adicionar aos favoritos" data-placement="top" tabindex="-1">
                    <svg class="active-content" width="100%" height="100%" viewBox="0 0 20 22" fill="none" xmlns="http://www.w3.org/2000/svg">
                    <path fill-rule="evenodd" clip-rule="evenodd" d="M0 1.53052C0 0.685236 0.692171 0 1.54601 0H15.0736C15.9274 0 16.6196 0.685235 16.6196 1.53052V13.4064L15.8127 13.922L14.2658 14.2658L12.7189 13.4064L10.6054 14.3818C10.4994 14.2451 10.3327 14.157 10.1452 14.157H6.76329C6.4431 14.157 6.18354 14.414 6.18354 14.731C6.18354 15.0479 6.4431 15.3049 6.76329 15.3049H10.1452C10.2478 15.3049 10.3441 15.2785 10.4277 15.2322L10.3126 16.8439L13.2345 20.2793H1.54601C0.69217 20.2793 0 19.5941 0 18.7488V1.53052ZM6.18354 5.5483C6.18354 5.23132 6.4431 4.97436 6.76329 4.97436H12.3676C12.6878 4.97436 12.9473 5.23132 12.9473 5.5483C12.9473 5.86528 12.6878 6.12224 12.3676 6.12224H6.76329C6.4431 6.12224 6.18354 5.86528 6.18354 5.5483ZM6.76329 11.0961C6.4431 11.0961 6.18354 11.3531 6.18354 11.6701C6.18354 11.987 6.4431 12.244 6.76329 12.244H12.3676C12.6878 12.244 12.9473 11.987 12.9473 11.6701C12.9473 11.3531 12.6878 11.0961 12.3676 11.0961H6.76329ZM6.18354 8.60985C6.18354 8.29287 6.4431 8.03591 6.76329 8.03591H12.3676C12.6878 8.03591 12.9473 8.29287 12.9473 8.60985C12.9473 8.92684 12.6878 9.1838 12.3676 9.1838H6.76329C6.4431 9.1838 6.18354 8.92684 6.18354 8.60985ZM3.67118 5.5483C3.67118 5.23132 3.93075 4.97436 4.25093 4.97436H4.63743C4.95762 4.97436 5.21719 5.23132 5.21719 5.5483C5.21719 5.86528 4.95762 6.12224 4.63743 6.12224H4.25093C3.93075 6.12224 3.67118 5.86528 3.67118 5.5483ZM4.25093 11.0961C3.93075 11.0961 3.67118 11.3531 3.67118 11.6701C3.67118 11.987 3.93075 12.244 4.25093 12.244H4.63743C4.95762 12.244 5.21719 11.987 5.21719 11.6701C5.21719 11.3531 4.95762 11.0961 4.63743 11.0961H4.25093ZM3.67118 8.60985C3.67118 8.29287 3.93075 8.03591 4.25093 8.03591H4.63743C4.95762 8.03591 5.21719 8.29287 5.21719 8.60985C5.21719 8.92684 4.95762 9.1838 4.63743 9.1838H4.25093C3.93075 9.1838 3.67118 8.92684 3.67118 8.60985ZM4.25093 14.157C3.93075 14.157 3.67118 14.414 3.67118 14.731C3.67118 15.0479 3.93075 15.3049 4.25093 15.3049H4.63743C4.95762 15.3049 5.21719 15.0479 5.21719 14.731C5.21719 14.414 4.95762 14.157 4.63743 14.157H4.25093Z" fill="#EB0203"></path>
                    <path fill-rule="evenodd" clip-rule="evenodd" d="M14.6252 13.6363C13.4918 12.6215 11.7817 12.5264 10.6569 13.4792C9.12421 14.7764 9.34841 16.8912 10.4409 18.0122L14.0159 21.6742C14.2197 21.8832 14.4928 22 14.7822 22C15.0737 22 15.3448 21.8852 15.5486 21.6762L19.1236 18.0142C20.214 16.8933 20.4423 14.7785 18.9075 13.4792C17.7827 12.5283 16.0724 12.6217 14.9391 13.6365C14.8855 13.6845 14.8331 13.7345 14.7822 13.7866C14.7313 13.7345 14.6789 13.6843 14.6252 13.6363ZM18.1546 14.3522C19.0973 15.1508 18.9962 16.4896 18.2891 17.2173C18.2888 17.2175 18.2886 17.2177 18.2884 17.218L14.7832 20.8084L11.2753 17.2151C11.2752 17.215 11.2751 17.2149 11.2749 17.2148C10.5677 16.4887 10.4678 15.1495 11.4104 14.3518L11.4108 14.3514C12.0745 13.7892 13.2018 13.82 13.9488 14.5846L14.7822 15.4378L15.6157 14.5846C16.3617 13.8211 17.4896 13.79 18.1545 14.3521" fill="#EB0203"></path>
                    </svg>
                    <svg class="inactive-content" width="100%" height="100%" viewBox="0 0 20 23" fill="none" xmlns="http://www.w3.org/2000/svg">
                    <path fill-rule="evenodd" clip-rule="evenodd" d="M6.18408 5.77914C6.18408 5.46223 6.44363 5.20532 6.7638 5.20532H12.3678C12.6879 5.20532 12.9475 5.46223 12.9475 5.77914C12.9475 6.09606 12.6879 6.35297 12.3678 6.35297H6.7638C6.44363 6.35297 6.18408 6.09606 6.18408 5.77914Z" fill="#EB0203"></path>
                    <path fill-rule="evenodd" clip-rule="evenodd" d="M6.18408 11.9034C6.18408 11.5865 6.44363 11.3296 6.7638 11.3296H12.3678C12.6879 11.3296 12.9475 11.5865 12.9475 11.9034C12.9475 12.2202 12.6879 12.4771 12.3678 12.4771H6.7638C6.44363 12.4771 6.18408 12.2202 6.18408 11.9034Z" fill="#EB0203"></path>
                    <path fill-rule="evenodd" clip-rule="evenodd" d="M6.18408 8.84116C6.18408 8.52424 6.44363 8.26733 6.7638 8.26733H12.3678C12.6879 8.26733 12.9475 8.52424 12.9475 8.84116C12.9475 9.15807 12.6879 9.41498 12.3678 9.41498H6.7638C6.44363 9.41498 6.18408 9.15807 6.18408 8.84116Z" fill="#EB0203"></path>
                    <path fill-rule="evenodd" clip-rule="evenodd" d="M6.18408 14.9655C6.18408 14.6486 6.44363 14.3917 6.7638 14.3917H10.1455C10.4657 14.3917 10.7252 14.6486 10.7252 14.9655C10.7252 15.2825 10.4657 15.5394 10.1455 15.5394H6.7638C6.44363 15.5394 6.18408 15.2825 6.18408 14.9655Z" fill="#EB0203"></path>
                    <path fill-rule="evenodd" clip-rule="evenodd" d="M3.67139 5.77914C3.67139 5.46223 3.93094 5.20532 4.25111 5.20532H4.63759C4.95776 5.20532 5.21731 5.46223 5.21731 5.77914C5.21731 6.09606 4.95776 6.35297 4.63759 6.35297H4.25111C3.93094 6.35297 3.67139 6.09606 3.67139 5.77914Z" fill="#EB0203"></path>
                    <path fill-rule="evenodd" clip-rule="evenodd" d="M3.67139 11.9034C3.67139 11.5865 3.93094 11.3296 4.25111 11.3296H4.63759C4.95776 11.3296 5.21731 11.5865 5.21731 11.9034C5.21731 12.2202 4.95776 12.4771 4.63759 12.4771H4.25111C3.93094 12.4771 3.67139 12.2202 3.67139 11.9034Z" fill="#EB0203"></path>
                    <path fill-rule="evenodd" clip-rule="evenodd" d="M3.67139 8.84116C3.67139 8.52424 3.93094 8.26733 4.25111 8.26733H4.63759C4.95776 8.26733 5.21731 8.52424 5.21731 8.84116C5.21731 9.15807 4.95776 9.41498 4.63759 9.41498H4.25111C3.93094 9.41498 3.67139 9.15807 3.67139 8.84116Z" fill="#EB0203"></path>
                    <path fill-rule="evenodd" clip-rule="evenodd" d="M3.67139 14.9655C3.67139 14.6486 3.93094 14.3917 4.25111 14.3917H4.63759C4.95776 14.3917 5.21731 14.6486 5.21731 14.9655C5.21731 15.2825 4.95776 15.5394 4.63759 15.5394H4.25111C3.93094 15.5394 3.67139 15.2825 3.67139 14.9655Z" fill="#EB0203"></path>
                    <path fill-rule="evenodd" clip-rule="evenodd" d="M0 1.76033C0 0.914738 0.692131 0.229248 1.54592 0.229248H15.0727C15.9265 0.229248 16.6186 0.914738 16.6186 1.76033V11.2818C16.6186 11.5989 16.3591 11.8559 16.0389 11.8559C15.7187 11.8559 15.4592 11.5989 15.4592 11.2818V1.76033C15.4592 1.54893 15.2862 1.37756 15.0727 1.37756H1.54592C1.33247 1.37756 1.15944 1.54893 1.15944 1.76033V18.985C1.15944 19.1964 1.33247 19.3678 1.54592 19.3678H9.27551C9.59568 19.3678 9.85523 19.6249 9.85523 19.942C9.85523 20.2591 9.59568 20.5161 9.27551 20.5161H1.54592C0.692131 20.5161 0 19.8306 0 18.985V1.76033Z" fill="#EB0203"></path>
                    <path fill-rule="evenodd" clip-rule="evenodd" d="M14.6254 13.8718C13.4921 12.8567 11.7821 12.7615 10.6574 13.7147C9.12472 15.0124 9.34891 17.128 10.4413 18.2493L14.0161 21.9126C14.2199 22.1217 14.493 22.2386 14.7824 22.2386C15.0739 22.2386 15.3449 22.1238 15.5487 21.9147L19.1235 18.2514C20.2139 17.13 20.4422 15.0144 18.9075 13.7147C17.7827 12.7634 16.0726 12.8569 14.9392 13.872C14.8856 13.92 14.8333 13.9701 14.7824 14.0222C14.7314 13.97 14.6791 13.9199 14.6254 13.8718ZM18.1546 14.588C19.0972 15.3869 18.9961 16.7262 18.2891 17.4541C18.2888 17.4543 18.2886 17.4546 18.2884 17.4548L14.7834 21.0466L11.2757 17.452C11.2756 17.4519 11.2755 17.4517 11.2753 17.4516C10.5681 16.7252 10.4682 15.3856 11.4108 14.5876L11.4112 14.5872C12.0748 14.0248 13.202 14.0556 13.949 14.8205L14.7824 15.674L15.6158 14.8205C16.3618 14.0567 17.4896 14.0256 18.1545 14.5879" fill="#EB0203"></path>
                    </svg>
                    </button>
                    </div>
                    <div class="col-sm-10 col-12">
                    <div class="ct-tile-quantity d-none" data-pid="7566321">
                    <input type="hidden" class="add-to-cart-url" value="https://www.continente.pt/on/demandware.store/Sites-continente-Site/default/Cart-AddProduct" tabindex="-1">
                    <div class="d-none tile-delete-confirmation-btn" data-pid="7566321" data-delay-time="3000" data-in-cart-msg="no carrinho" data-one-product-added="Adicionado ao carrinho" data-remove-from-cart-msg="Removido do carrinho" data-stay-open="6000.0" data-confirmation-image="{&quot;url&quot;:&quot;https://www.continente.pt/dw/image/v2/BDVS_PRD/on/demandware.static/-/Sites-col-master-catalog/default/dwc8c9ceba/images/col/756/7566321-frente.jpg?sw=87&amp;sh=80&quot;,&quot;fallbackimage&quot;:{&quot;url&quot;:&quot;https://www.continente.pt/dw/image/v2/BDVS_PRD/on/demandware.static/Sites-continente-Site/-/default/dw7c42b4da/images/noimagelarge_product.png?sw=87&amp;sh=80&quot;,&quot;title&quot;:&quot;Wrap Vegetariano&quot;,&quot;alt&quot;:&quot;Wrap Vegetariano&quot;},&quot;title&quot;:&quot;Wrap Vegetariano&quot;,&quot;alt&quot;:&quot;Wrap Vegetariano&quot;}"></div>
                    <div class="ct-tile-quantity-update quantity-update product-qty-vue" data-remove-action="https://www.continente.pt/on/demandware.store/Sites-continente-Site/default/Cart-RemoveProductLineItem" data-action="https://www.continente.pt/on/demandware.store/Sites-continente-Site/default/Cart-UpdateQuantity" data-dimension-update="https://www.continente.pt/on/demandware.store/Sites-continente-Site/default/Cart-DimensionUpdate" data-pid="7566321" data-uuid="84cb156da045e9999ea231857d" data-add-delay="500.0" data-measure-options="{&quot;hasConversionRate&quot;:false,&quot;hasAlternativeSaleUnit&quot;:false,&quot;unitConversionRate&quot;:null,&quot;minOrderQuantity&quot;:1,&quot;stepQuantity&quot;:1,&quot;primaryunit&quot;:&quot;un&quot;,&quot;secondaryunit&quot;:&quot;kg&quot;,&quot;selectedunit&quot;:&quot;primary&quot;,&quot;maxNumberOfUnitsPerSale&quot;:50}" data-price-available="null" :data-has-error="isMaxQtyReached || isMinQtyReached || qtySelectedMoreThanOne">
                    <template v-show="prodUnits">
                    <div class="quantity-input-wrapper has-units">
                    <label class="visually-hidden" :for="'quantity-' + pid + additionalTag">
                    Quantidade no carrinho
                    </label>
                    <input :ref="'quantityInput-' + pid + additionalTag" class="add-to-cart-quantity form-control ct-form-input text-center" inputmode="numeric" :class="{'is-invalid': isInvalid}" :data-pid="pid + additionalTag" :name="'quantity-' + pid + additionalTag" type="text" aria-label="Insira a quantidade" title="" v-model="displayValue" @change="updateQuantity" @focus="updateQtyFormat" @blur="restoreQtyFormat" :disabled="!isPriceAvailable">
                    <span class="quantity-icon quantity-icon--minus">
                    <button class="decrease-quantity-btn" @click="updateQuantity" :disabled="!isPriceAvailable" role="button" aria-label="Reduzir quantidade">
                    <i class="css-math-minus"></i>
                    </button>
                    </span>
                    <span class="quantity-icon quantity-icon--plus">
                    <button class="increase-quantity-btn" @click="updateQuantity" :disabled="isMaxQtyReached || !isPriceAvailable" role="button" aria-label="Aumentar quantidade">
                    <i class="css-math-plus"></i>
                    </button>
                    <span class="quantity-btn-disabled-placeholder"></span>
                    </span>
                    <template v-if="isPDP">
                    <span class="quantity-error ct-span-error text-sm-center product-max-allocation" v-if="isMaxQtyReached">
                    Quantidade máxima atingida
                    </span>
                    <span class="quantity-error ct-span-product text-sm-center product-allocation" v-if="!isMinQtyReached &amp;&amp; !isMaxQtyReached">
                    {{quantitySelected}} no carrinho
                    </span>
                    <span class="quantity-error ct-span-error text-sm-center product-min-allocation" :data-pid="pid" v-if="isMinQtyReached &amp;&amp; !isMaxQtyReached">
                    Quantidade mínima atingida
                    </span>
                    </template>
                    </div>
                    <template v-if="showNotes">
                    <div class="add-note-link-container ">
                    <div class="add-note">
                    <a href="/produto/wrap-vegetariano-continente-7566321.html?showNote=true" class="ct-add-note-redirect-pdp" aria-label="Adicionar comentário">
                    <span class="svg-wrapper svg-icon-notes" style="width:19px; height:20px">
                    <svg class="svg-inline icon-notes" viewBox="0 0 28 30" xmlns="http://www.w3.org/2000/svg" width="100%" height="100%"><path d="M21.738 0C22.985 0 24 1.04 24 2.319V12.47c0 .469-.37.848-.828.848-.457 0-.827-.38-.827-.848V2.32c0-.343-.273-.622-.607-.622H2.262c-.334 0-.607.279-.607.622V27.68c0 .343.273.622.607.622h7.81c.457 0 .827.38.827.849 0 .468-.37.848-.827.848h-7.81C1.015 30 0 28.96 0 27.681V2.32C0 1.04 1.015 0 2.262 0h19.476zm2.844 16.004l.227.007c.823.053 1.589.39 2.176.964.64.627.993 1.46.993 2.349 0 .888-.353 1.722-.993 2.348l-6.83 6.665c-.11.108-.247.186-.397.226l-5.032 1.363c-.078.021-.16.032-.241.032-.242 0-.478-.097-.647-.266-.23-.231-.314-.566-.218-.874l1.49-4.798c.044-.139.122-.266.227-.369l6.844-6.677c.64-.625 1.493-.97 2.401-.97zm-2.886 3.94l-4.922 4.802-.947 3.048 3.22-.872 4.897-4.78-2.248-2.197zm2.887-2.174c-.425 0-.824.162-1.124.455l-.484.472 2.248 2.197.484-.472c.62-.606.62-1.591 0-2.197l-.117-.104c-.283-.227-.636-.35-1.007-.35zm-10.839.022c.498 0 .904.396.904.883 0 .488-.406.884-.904.884H5.946c-.499 0-.904-.396-.904-.884 0-.487.405-.883.904-.883zm5.042-4.876c.498 0 .904.397.904.884s-.406.884-.904.884H5.946c-.499 0-.904-.397-.904-.884s.405-.884.904-.884zm0-4.875c.498 0 .904.396.904.884 0 .487-.406.883-.904.883H5.946c-.499 0-.904-.396-.904-.883 0-.488.405-.884.904-.884z" fill="#EB0203" fill-rule="evenodd"></path></svg>
                    </span>
                    <div class="available-note d-none"></div>
                    </a>
                    </div>
                    </div>
                    </template>
                    <div class="measurement-unit-section" v-if="isPriceAvailable &amp;&amp; prodUnits ? prodUnits.hasAlternativeUnit : false">
                    <div class="ct-form-radio" @click="setDimension">
                    <input type="radio" title="" class="ct-form-check-input product-measurement-unit" :data-type="prodUnits.selectedUnit == prodUnits.secondaryUnit ? 'primary' : ''" :id="prodUnits.secondaryUnit + '-' + pid + '-measurement-unit-ptile' + additionalTag" :name="'measurement-unit-' + pid + '-ptile' + additionalTag" :value="prodUnits.secondaryUnit" v-model="prodUnits.selectedUnit">
                    <label :class="prodUnits.secondaryUnit + '-label ct-form-check-label mb-0'" :for="prodUnits.secondaryUnit + '-' + pid + '-measurement-unit-ptile' + additionalTag">
                    {{prodUnits.secondaryUnit}}
                    </label>
                    <span class="checkmark"></span>
                    </div>
                    <div class="ct-form-radio" @click="setDimension">
                    <input type="radio" title="" class="ct-form-check-input product-measurement-unit" :data-type="prodUnits.selectedUnit == prodUnits.primaryUnit ? 'primary' : ''" :id="prodUnits.primaryUnit + '-' + pid + '-measurement-unit-ptile' + additionalTag" :name="'measurement-unit-' + pid + '-ptile' + additionalTag" :value="prodUnits.primaryUnit" v-model="prodUnits.selectedUnit">
                    <label :class="prodUnits.primaryUnit + '-label ct-form-check-label mb-0'" :for="prodUnits.primaryUnit + '-' + pid + '-measurement-unit-ptile' + additionalTag">
                    {{prodUnits.primaryUnit}}
                    </label>
                    <span class="checkmark"></span>
                    </div>
                    </div>
                    <template v-if="!isPDP &amp;&amp; isPriceAvailable">
                    <span class="quantity-error ct-span-error product-max-allocation" v-if="isMaxQtyReached">
                    Quantidade máxima atingida
                    </span>
                    <span class="quantity-error ct-span-product product-allocation" v-if="!isMinQtyReached &amp;&amp; !isMaxQtyReached">
                    {{quantitySelected}} no carrinho
                    </span>
                    <span class="quantity-error ct-span-error product-min-allocation" :data-pid="pid" v-if="isMinQtyReached &amp;&amp; !isMaxQtyReached">
                    Quantidade mínima atingida
                    </span>
                    </template>
                    </template>
                    </div>
                    <input class="quantity-value-mask d-none" name="quantity" type="number" min="0" value="" tabindex="-1">
                    </div>
                    <button type="button" class="add-to-cart button js-add-to-cart js-add-to-cart-tile 7566321 button--primary dynamic-layout-btn" data-toggle="modal" data-target="#chooseBonusProductModal" data-pid="7566321" data-quantity-value="null" aria-label="Carrinho" tabindex="-1">
                    <span class="d-block d-sm-none">
                    <span class="svg-wrapper svg-icon-cart" style="width:20px; height:20px">
                    <svg class="svg-inline icon-cart" xmlns="http://www.w3.org/2000/svg" viewBox="0 0 500 500" width="100%" height="100%"><path fill="#EB0203" fill-rule="evenodd" d="M 485.67317,94.386311 C 476.37798,83.847129 463.09468,78.03348 448.30404,78.03348 H 90.690813 L 87.079511,51.327997 C 83.185582,22.539551 62.962285,0 41.011841,0 H 14.727836 C 6.563151,0 0,6.5286975 0,14.580758 c 0,8.05206 6.5945535,14.580758 14.727836,14.580758 h 26.284005 c 4.710398,0 14.696435,9.855222 16.894619,26.021523 L 100.01739,368.0631 c 1.88416,13.77244 9.01256,26.70549 20.1605,36.37417 8.25889,7.15046 18.02511,11.9071 28.26237,13.89679 -4.17655,7.58572 -6.53175,16.25957 -6.53175,25.493 0,29.53459 24.27424,53.59751 54.13815,53.59751 29.8325,0 54.13814,-24.03184 54.13814,-53.59751 0,-8.79818 -2.19818,-17.09897 -5.9979,-24.43598 h 77.12488 c -3.79973,7.33701 -5.96652,15.6378 -5.96652,24.43598 0,29.53459 24.27424,53.59751 54.13817,53.59751 29.83249,0 54.13814,-24.03184 54.13814,-53.59751 0,-8.79818 -2.1982,-17.09897 -5.9979,-24.43598 h 38.56243 c 8.13328,0 14.72783,-6.5287 14.72783,-14.61183 0,-8.02098 -6.59455,-14.54967 -14.72783,-14.54967 H 159.24277 c -14.38241,0 -28.13677,-11.90711 -30.02092,-26.02153 l -3.07746,-22.88154 h 290.6314 c 14.03698,0 27.94834,-5.28513 39.06488,-14.95381 11.11652,-9.6376 18.27632,-22.57065 20.16048,-36.37417 l 21.10259,-156.78201 c 1.94694,-14.51858 -2.10398,-28.29103 -11.43057,-38.861299 z M 220.76053,443.82706 c 0,13.49265 -11.08513,24.46709 -24.68247,24.46709 -13.62874,0 -24.71387,-10.97444 -24.71387,-24.46709 0,-13.49262 11.08513,-24.43598 24.71387,-24.43598 13.59734,0 24.68247,10.94336 24.68247,24.43598 z m 173.43675,0 c 0,13.49265 -11.08512,24.46709 -24.68245,24.46709 -13.62876,0 -24.71388,-10.97444 -24.71388,-24.46709 0,-13.49262 11.08512,-24.43598 24.71388,-24.43598 13.59733,0 24.68245,10.94336 24.68245,24.43598 z m 73.7648,-314.46558 -21.13397,156.782 c -1.88416,14.11442 -15.63851,26.05261 -30.02091,26.05261 H 122.25046 L 94.616142,107.19499 H 448.33544 c 6.18632,0 11.61896,2.2695 15.23028,6.37326 3.64269,4.13484 5.21283,9.73086 4.39636,15.79323 z"></path></svg>
                    </span>
                    </span>
                    <span class="add-to-cart--text d-none d-sm-block">Carrinho</span>
                    </button>
                    </div>
                    </div>
                    </div>
                    </div>
                    
                    <div class="col-12 d-sm-none">
                    </div>
                    </div>
                    </div>
                    </div>
                    </div></div></div><svg class="svg-inline icon-arrow-right slick-arrow" xmlns="http://www.w3.org/2000/svg" viewBox="0 0 15 26" width="15" height="26" style=""><path fill="#EB0203" fill-rule="evenodd" d="M1.795.308A1.051 1.051 0 0 0 .308 1.795L11.622 12.99.308 24.205a1.052 1.052 0 0 0-.088 1.388l.088.1a1.048 1.048 0 0 0 1.487 0l11.97-11.866.1-.087c.158-.158.255-.353.291-.557l.004-.017a1.05 1.05 0 0 0-.419-1.037z"></path></svg><ul class="slick-dots" style="" role="tablist"><li class="" role="presentation"><button type="button" role="tab" id="slick-slide-control00" aria-controls="slick-slide00" aria-label="1 of 5" tabindex="-1">1</button></li><li role="presentation"><button type="button" role="tab" id="slick-slide-control01" aria-controls="slick-slide04" aria-label="2 of 5" tabindex="-1">2</button></li><li role="presentation"><button type="button" role="tab" id="slick-slide-control02" aria-controls="slick-slide08" aria-label="3 of 5" tabindex="-1">3</button></li><li role="presentation"><button type="button" role="tab" id="slick-slide-control03" aria-controls="slick-slide012" aria-label="4 of 5" tabindex="-1">4</button></li><li role="presentation" class="slick-active"><button type="button" role="tab" id="slick-slide-control04" aria-controls="slick-slide016" aria-label="5 of 5" tabindex="-1">5</button></li></ul></div>
                    </div>
                    </div>
                    <div class="row product-grid no-gutters gtm-list" itemtype="http://schema.org/SomeProducts" itemid="#product" data-gtm-list="Category - Grid">
                    <span class="page-placeholder-0" data-start="0" data-size="36.0" data-srule="best-matches" data-filters="[{&quot;key&quot;:&quot;pmin&quot;,&quot;value&quot;:0.01}]">
                    </span>
                    <div class="col-12 col-sm-3 col-lg-2 productTile" data-idx="1">
                    
                    <script type="text/javascript">//<!--
                    /* <![CDATA[ */
                    (function(){
                    try {
                        if(window.CQuotient) {
                        var cq_params = {};
                        
                        cq_params.cookieId = window.CQuotient.getCQCookieId();
                        cq_params.userId = window.CQuotient.getCQUserId();
                        cq_params.emailId = CQuotient.getCQHashedEmail();
                        cq_params.loginId = CQuotient.getCQHashedLogin();
                        cq_params.accumulate = true;
                        cq_params.products = [{
                            id: '5603637',
                            sku: ''
                        }];
                        cq_params.categoryId = 'refeicoes-faceis';
                        cq_params.refinements = '[{\"name\":\"priceMin\",\"value\":\"0.01\"},{\"name\":\"priceMax\",\"value\":\"null\"},{\"name\":\"curr\",\"value\":\"EUR\"},{\"name\":\"Category\",\"value\":\"refeicoes-faceis\"}]';
                        cq_params.personalized = 'false';
                        cq_params.sortingRule = 'FRESH-Refei\u00E7\u00F5es F\u00E1ceis';
                        cq_params.imageUUID = '__UNDEFINED__';
                        cq_params.realm = "BDVS";
                        cq_params.siteId = "continente";
                        cq_params.instanceType = "prd";
                        cq_params.queryLocale = "default";
                        cq_params.locale = window.CQuotient.locale;
                        
                        if(window.CQuotient.sendActivity)
                            window.CQuotient.sendActivity(CQuotient.clientId, 'viewCategory', cq_params);
                        else
                            window.CQuotient.activities.push({
                                activityType: 'viewCategory',
                                parameters: cq_params
                            });
                      }
                    } catch(err) {}
                    })();
                    /* ]]> */
                    // -->
                    </script>
                    <script type="text/javascript">//<!--
                    /* <![CDATA[ (viewCategoryProduct-active_data.js) */
                    (function(){
                    try {
                        if (dw.ac) {
                            var search_params = {};
                            search_params.persd = 'false';
                            search_params.refs = '[{\"name\":\"priceMin\",\"value\":\"0.01\"},{\"name\":\"priceMax\",\"value\":\"null\"},{\"name\":\"curr\",\"value\":\"EUR\"},{\"name\":\"Category\",\"value\":\"refeicoes-faceis\"}]';
                            search_params.sort = 'FRESH-Refei\u00E7\u00F5es F\u00E1ceis';
                            search_params.imageUUID = '';
                            search_params.searchID = 'adc2ebee-ded6-4d71-a833-c4f63de27d3e';
                            search_params.locale = 'default';
                            search_params.queryLocale = 'default';
                            search_params.showProducts = 'true';
                            dw.ac.applyContext({category: "refeicoes-faceis", searchData: search_params});
                            if (typeof dw.ac._scheduleDataSubmission === "function") {
                                dw.ac._scheduleDataSubmission();
                            }
                        }
                    } catch(err) {}
                    })();
                    /* ]]> */
                    // -->
                    </script>
                    <script type="text/javascript">//<!--
                    /* <![CDATA[ (viewProduct-active_data.js) */
                    dw.ac._capture({id: "5603637", type: "searchhit"});
                    /* ]]> */
                    // -->
                    </script>
                    <div class="product" data-pid="5603637">
                    <div class="product-tile pid-5603637 ct-product-tile-out-of-stock ct-product-tile data-layer-pushed" data-delay-time="3000" data-variants-mapping="[]" data-in-cart-msg="no carrinho" data-one-product-added="Adicionado ao carrinho" data-remove-from-cart-msg="Removido do carrinho" data-stay-open="6000.0" data-product-tile-impression="{&quot;name&quot;:&quot;5603637&quot;,&quot;id&quot;:&quot;5603637&quot;,&quot;price&quot;:5.99,&quot;brand&quot;:&quot;Continente Seleção Fácil &amp; Bom&quot;,&quot;category&quot;:[{&quot;category_level_1&quot;:&quot;Peixaria e Talho&quot;},{&quot;category_level_2&quot;:&quot;Talho&quot;},{&quot;category_level_3&quot;:&quot;Novilho, Vitela e Vitelão&quot;}],&quot;variant&quot;:&quot;&quot;}">
                    <div class="ct-inner-tile-wrap row no-gutters justify-content-center align-content-start">
                    
                    <div class="ct-image-container col-4 col-sm" data-confirmation-image="{&quot;url&quot;:&quot;https://www.continente.pt/dw/image/v2/BDVS_PRD/on/demandware.static/-/Sites-col-master-catalog/default/dw02e526cd/images/col/560/5603637-cima.jpg?sw=87&amp;sh=80&quot;,&quot;fallbackimage&quot;:{&quot;url&quot;:&quot;https://www.continente.pt/dw/image/v2/BDVS_PRD/on/demandware.static/Sites-continente-Site/-/default/dw7c42b4da/images/noimagelarge_product.png?sw=87&amp;sh=80&quot;,&quot;title&quot;:&quot;Hambúrguer de Bovino Carnalentejana DOP&quot;,&quot;alt&quot;:&quot;Hambúrguer de Bovino Carnalentejana DOP&quot;},&quot;title&quot;:&quot;Hambúrguer de Bovino Carnalentejana DOP&quot;,&quot;alt&quot;:&quot;Hambúrguer de Bovino Carnalentejana DOP&quot;}">
                    <a href="https://www.continente.pt/produto/hamburguer-de-bovino-carnalentejana-dop-continente-selecao-facil-bom-5603637.html?cgid=refeicoes-faceis">
                    <picture class="intrinsic intrinsic--square">
                    <img class="ct-tile-image lazyloaded" loading="lazy" onerror="this.onerror=null;this.src='/on/demandware.static/Sites-continente-Site/-/default/dw7c42b4da/images/noimagelarge_product.png';" data-src="https://www.continente.pt/dw/image/v2/BDVS_PRD/on/demandware.static/-/Sites-col-master-catalog/default/dw02e526cd/images/col/560/5603637-cima.jpg?sw=280&amp;sh=280" alt="Hambúrguer de Bovino Carnalentejana DOP" title="Hambúrguer de Bovino Carnalentejana DOP" src="https://www.continente.pt/dw/image/v2/BDVS_PRD/on/demandware.static/-/Sites-col-master-catalog/default/dw02e526cd/images/col/560/5603637-cima.jpg?sw=280&amp;sh=280">
                    </picture>
                    </a>
                    <div class=" ct-product-tile-badge ct-product-tile-badge--general">
                    <img class="img-fluid ct-tooltip-trigger lazyloaded" loading="lazy" data-src="https://www.continente.pt/dw/image/v2/BDVS_PRD/on/demandware.static/-/Sites-continente-Library/default/dw62d4c957/images/badges/general/col/madein.png?sw=25&amp;sh=25" alt="Crachá do produto" title="" data-toggle="tooltip" data-placement="right" data-original-title="Made in Portugal" src="https://www.continente.pt/dw/image/v2/BDVS_PRD/on/demandware.static/-/Sites-continente-Library/default/dw62d4c957/images/badges/general/col/madein.png?sw=25&amp;sh=25">
                    </div>
                    <div class="color-swatches d-flex" style="margin-left: 5px;">
                    <div class="swatches d-flex">
                    </div>
                    </div>
                    </div>
                    <div class="ct-tile-body col col-sm-auto ">
                    <div class="ct-pdp-details">
                    <div class="ct-pdp-link">
                    <a class="ct-tile--description" href="https://www.continente.pt/produto/hamburguer-de-bovino-carnalentejana-dop-continente-selecao-facil-bom-5603637.html?cgid=refeicoes-faceis">Hambúrguer de Bovino Carnalentejana DOP</a>
                    <div class="ct-tile--favorite-top d-sm-none">
                    <button class="wishlist-toggler guest-mode inactive button button--tertiary" data-pid="5603637" data-add-url="https://www.continente.pt/on/demandware.store/Sites-continente-Site/default/Wishlist-AddProduct?pid=5603637" data-toggle="tooltip" aria-label="Adicionar aos favoritos " data-original-title="Adicionar aos favoritos" data-placement="top">
                    <svg class="active-content" width="100%" height="100%" viewBox="0 0 20 22" fill="none" xmlns="http://www.w3.org/2000/svg">
                    <path fill-rule="evenodd" clip-rule="evenodd" d="M0 1.53052C0 0.685236 0.692171 0 1.54601 0H15.0736C15.9274 0 16.6196 0.685235 16.6196 1.53052V13.4064L15.8127 13.922L14.2658 14.2658L12.7189 13.4064L10.6054 14.3818C10.4994 14.2451 10.3327 14.157 10.1452 14.157H6.76329C6.4431 14.157 6.18354 14.414 6.18354 14.731C6.18354 15.0479 6.4431 15.3049 6.76329 15.3049H10.1452C10.2478 15.3049 10.3441 15.2785 10.4277 15.2322L10.3126 16.8439L13.2345 20.2793H1.54601C0.69217 20.2793 0 19.5941 0 18.7488V1.53052ZM6.18354 5.5483C6.18354 5.23132 6.4431 4.97436 6.76329 4.97436H12.3676C12.6878 4.97436 12.9473 5.23132 12.9473 5.5483C12.9473 5.86528 12.6878 6.12224 12.3676 6.12224H6.76329C6.4431 6.12224 6.18354 5.86528 6.18354 5.5483ZM6.76329 11.0961C6.4431 11.0961 6.18354 11.3531 6.18354 11.6701C6.18354 11.987 6.4431 12.244 6.76329 12.244H12.3676C12.6878 12.244 12.9473 11.987 12.9473 11.6701C12.9473 11.3531 12.6878 11.0961 12.3676 11.0961H6.76329ZM6.18354 8.60985C6.18354 8.29287 6.4431 8.03591 6.76329 8.03591H12.3676C12.6878 8.03591 12.9473 8.29287 12.9473 8.60985C12.9473 8.92684 12.6878 9.1838 12.3676 9.1838H6.76329C6.4431 9.1838 6.18354 8.92684 6.18354 8.60985ZM3.67118 5.5483C3.67118 5.23132 3.93075 4.97436 4.25093 4.97436H4.63743C4.95762 4.97436 5.21719 5.23132 5.21719 5.5483C5.21719 5.86528 4.95762 6.12224 4.63743 6.12224H4.25093C3.93075 6.12224 3.67118 5.86528 3.67118 5.5483ZM4.25093 11.0961C3.93075 11.0961 3.67118 11.3531 3.67118 11.6701C3.67118 11.987 3.93075 12.244 4.25093 12.244H4.63743C4.95762 12.244 5.21719 11.987 5.21719 11.6701C5.21719 11.3531 4.95762 11.0961 4.63743 11.0961H4.25093ZM3.67118 8.60985C3.67118 8.29287 3.93075 8.03591 4.25093 8.03591H4.63743C4.95762 8.03591 5.21719 8.29287 5.21719 8.60985C5.21719 8.92684 4.95762 9.1838 4.63743 9.1838H4.25093C3.93075 9.1838 3.67118 8.92684 3.67118 8.60985ZM4.25093 14.157C3.93075 14.157 3.67118 14.414 3.67118 14.731C3.67118 15.0479 3.93075 15.3049 4.25093 15.3049H4.63743C4.95762 15.3049 5.21719 15.0479 5.21719 14.731C5.21719 14.414 4.95762 14.157 4.63743 14.157H4.25093Z" fill="#EB0203"></path>
                    <path fill-rule="evenodd" clip-rule="evenodd" d="M14.6252 13.6363C13.4918 12.6215 11.7817 12.5264 10.6569 13.4792C9.12421 14.7764 9.34841 16.8912 10.4409 18.0122L14.0159 21.6742C14.2197 21.8832 14.4928 22 14.7822 22C15.0737 22 15.3448 21.8852 15.5486 21.6762L19.1236 18.0142C20.214 16.8933 20.4423 14.7785 18.9075 13.4792C17.7827 12.5283 16.0724 12.6217 14.9391 13.6365C14.8855 13.6845 14.8331 13.7345 14.7822 13.7866C14.7313 13.7345 14.6789 13.6843 14.6252 13.6363ZM18.1546 14.3522C19.0973 15.1508 18.9962 16.4896 18.2891 17.2173C18.2888 17.2175 18.2886 17.2177 18.2884 17.218L14.7832 20.8084L11.2753 17.2151C11.2752 17.215 11.2751 17.2149 11.2749 17.2148C10.5677 16.4887 10.4678 15.1495 11.4104 14.3518L11.4108 14.3514C12.0745 13.7892 13.2018 13.82 13.9488 14.5846L14.7822 15.4378L15.6157 14.5846C16.3617 13.8211 17.4896 13.79 18.1545 14.3521" fill="#EB0203"></path>
                    </svg>
                    <svg class="inactive-content" width="100%" height="100%" viewBox="0 0 20 23" fill="none" xmlns="http://www.w3.org/2000/svg">
                    <path fill-rule="evenodd" clip-rule="evenodd" d="M6.18408 5.77914C6.18408 5.46223 6.44363 5.20532 6.7638 5.20532H12.3678C12.6879 5.20532 12.9475 5.46223 12.9475 5.77914C12.9475 6.09606 12.6879 6.35297 12.3678 6.35297H6.7638C6.44363 6.35297 6.18408 6.09606 6.18408 5.77914Z" fill="#EB0203"></path>
                    <path fill-rule="evenodd" clip-rule="evenodd" d="M6.18408 11.9034C6.18408 11.5865 6.44363 11.3296 6.7638 11.3296H12.3678C12.6879 11.3296 12.9475 11.5865 12.9475 11.9034C12.9475 12.2202 12.6879 12.4771 12.3678 12.4771H6.7638C6.44363 12.4771 6.18408 12.2202 6.18408 11.9034Z" fill="#EB0203"></path>
                    <path fill-rule="evenodd" clip-rule="evenodd" d="M6.18408 8.84116C6.18408 8.52424 6.44363 8.26733 6.7638 8.26733H12.3678C12.6879 8.26733 12.9475 8.52424 12.9475 8.84116C12.9475 9.15807 12.6879 9.41498 12.3678 9.41498H6.7638C6.44363 9.41498 6.18408 9.15807 6.18408 8.84116Z" fill="#EB0203"></path>
                    <path fill-rule="evenodd" clip-rule="evenodd" d="M6.18408 14.9655C6.18408 14.6486 6.44363 14.3917 6.7638 14.3917H10.1455C10.4657 14.3917 10.7252 14.6486 10.7252 14.9655C10.7252 15.2825 10.4657 15.5394 10.1455 15.5394H6.7638C6.44363 15.5394 6.18408 15.2825 6.18408 14.9655Z" fill="#EB0203"></path>
                    <path fill-rule="evenodd" clip-rule="evenodd" d="M3.67139 5.77914C3.67139 5.46223 3.93094 5.20532 4.25111 5.20532H4.63759C4.95776 5.20532 5.21731 5.46223 5.21731 5.77914C5.21731 6.09606 4.95776 6.35297 4.63759 6.35297H4.25111C3.93094 6.35297 3.67139 6.09606 3.67139 5.77914Z" fill="#EB0203"></path>
                    <path fill-rule="evenodd" clip-rule="evenodd" d="M3.67139 11.9034C3.67139 11.5865 3.93094 11.3296 4.25111 11.3296H4.63759C4.95776 11.3296 5.21731 11.5865 5.21731 11.9034C5.21731 12.2202 4.95776 12.4771 4.63759 12.4771H4.25111C3.93094 12.4771 3.67139 12.2202 3.67139 11.9034Z" fill="#EB0203"></path>
                    <path fill-rule="evenodd" clip-rule="evenodd" d="M3.67139 8.84116C3.67139 8.52424 3.93094 8.26733 4.25111 8.26733H4.63759C4.95776 8.26733 5.21731 8.52424 5.21731 8.84116C5.21731 9.15807 4.95776 9.41498 4.63759 9.41498H4.25111C3.93094 9.41498 3.67139 9.15807 3.67139 8.84116Z" fill="#EB0203"></path>
                    <path fill-rule="evenodd" clip-rule="evenodd" d="M3.67139 14.9655C3.67139 14.6486 3.93094 14.3917 4.25111 14.3917H4.63759C4.95776 14.3917 5.21731 14.6486 5.21731 14.9655C5.21731 15.2825 4.95776 15.5394 4.63759 15.5394H4.25111C3.93094 15.5394 3.67139 15.2825 3.67139 14.9655Z" fill="#EB0203"></path>
                    <path fill-rule="evenodd" clip-rule="evenodd" d="M0 1.76033C0 0.914738 0.692131 0.229248 1.54592 0.229248H15.0727C15.9265 0.229248 16.6186 0.914738 16.6186 1.76033V11.2818C16.6186 11.5989 16.3591 11.8559 16.0389 11.8559C15.7187 11.8559 15.4592 11.5989 15.4592 11.2818V1.76033C15.4592 1.54893 15.2862 1.37756 15.0727 1.37756H1.54592C1.33247 1.37756 1.15944 1.54893 1.15944 1.76033V18.985C1.15944 19.1964 1.33247 19.3678 1.54592 19.3678H9.27551C9.59568 19.3678 9.85523 19.6249 9.85523 19.942C9.85523 20.2591 9.59568 20.5161 9.27551 20.5161H1.54592C0.692131 20.5161 0 19.8306 0 18.985V1.76033Z" fill="#EB0203"></path>
                    <path fill-rule="evenodd" clip-rule="evenodd" d="M14.6254 13.8718C13.4921 12.8567 11.7821 12.7615 10.6574 13.7147C9.12472 15.0124 9.34891 17.128 10.4413 18.2493L14.0161 21.9126C14.2199 22.1217 14.493 22.2386 14.7824 22.2386C15.0739 22.2386 15.3449 22.1238 15.5487 21.9147L19.1235 18.2514C20.2139 17.13 20.4422 15.0144 18.9075 13.7147C17.7827 12.7634 16.0726 12.8569 14.9392 13.872C14.8856 13.92 14.8333 13.9701 14.7824 14.0222C14.7314 13.97 14.6791 13.9199 14.6254 13.8718ZM18.1546 14.588C19.0972 15.3869 18.9961 16.7262 18.2891 17.4541C18.2888 17.4543 18.2886 17.4546 18.2884 17.4548L14.7834 21.0466L11.2757 17.452C11.2756 17.4519 11.2755 17.4517 11.2753 17.4516C10.5681 16.7252 10.4682 15.3856 11.4108 14.5876L11.4112 14.5872C12.0748 14.0248 13.202 14.0556 13.949 14.8205L14.7824 15.674L15.6158 14.8205C16.3618 14.0567 17.4896 14.0256 18.1545 14.5879" fill="#EB0203"></path>
                    </svg>
                    </button>
                    </div>
                    </div>
                    <p class="ct-tile--brand">Continente Seleção Fácil &amp; Bom</p>
                    <p class="ct-tile--quantity">emb. 465 gr (4 un)</p>
                    </div>
                    <div class="ct-tile-bottom row no-gutters justify-content-between">
                    <div class="ct-price-wrap col-8 col-sm-12">
                    <div class="price js-product-price">
                    <div class="prices-wrapper">
                    <span class="sales ct-tile--price-primary ">
                    <span class="value" content="5.99">
                    <span class="ct-price-formatted">
                    €5,99
                    </span>
                    <span class="ct-m-unit">
                    /un
                    </span>
                    </span>
                    </span>
                    </div>
                    <div class="ct-tile--price-secondary">
                    <span class="ct-price-value">
                    €12,88
                    </span>
                    <span class="ct-m-unit">
                    /kg
                    </span>
                    </div>
                    </div>
                    </div>
                    <div class="ct-tile-buy-section d-flex justify-content-center no-gutters col-auto col-sm-12">
                    <div class="col-2 d-sm-flex d-none">
                    <button class="wishlist-toggler guest-mode inactive button button--tertiary" data-pid="5603637" data-add-url="https://www.continente.pt/on/demandware.store/Sites-continente-Site/default/Wishlist-AddProduct?pid=5603637" data-toggle="tooltip" aria-label="Adicionar aos favoritos " data-original-title="Adicionar aos favoritos" data-placement="top">
                    <svg class="active-content" width="100%" height="100%" viewBox="0 0 20 22" fill="none" xmlns="http://www.w3.org/2000/svg">
                    <path fill-rule="evenodd" clip-rule="evenodd" d="M0 1.53052C0 0.685236 0.692171 0 1.54601 0H15.0736C15.9274 0 16.6196 0.685235 16.6196 1.53052V13.4064L15.8127 13.922L14.2658 14.2658L12.7189 13.4064L10.6054 14.3818C10.4994 14.2451 10.3327 14.157 10.1452 14.157H6.76329C6.4431 14.157 6.18354 14.414 6.18354 14.731C6.18354 15.0479 6.4431 15.3049 6.76329 15.3049H10.1452C10.2478 15.3049 10.3441 15.2785 10.4277 15.2322L10.3126 16.8439L13.2345 20.2793H1.54601C0.69217 20.2793 0 19.5941 0 18.7488V1.53052ZM6.18354 5.5483C6.18354 5.23132 6.4431 4.97436 6.76329 4.97436H12.3676C12.6878 4.97436 12.9473 5.23132 12.9473 5.5483C12.9473 5.86528 12.6878 6.12224 12.3676 6.12224H6.76329C6.4431 6.12224 6.18354 5.86528 6.18354 5.5483ZM6.76329 11.0961C6.4431 11.0961 6.18354 11.3531 6.18354 11.6701C6.18354 11.987 6.4431 12.244 6.76329 12.244H12.3676C12.6878 12.244 12.9473 11.987 12.9473 11.6701C12.9473 11.3531 12.6878 11.0961 12.3676 11.0961H6.76329ZM6.18354 8.60985C6.18354 8.29287 6.4431 8.03591 6.76329 8.03591H12.3676C12.6878 8.03591 12.9473 8.29287 12.9473 8.60985C12.9473 8.92684 12.6878 9.1838 12.3676 9.1838H6.76329C6.4431 9.1838 6.18354 8.92684 6.18354 8.60985ZM3.67118 5.5483C3.67118 5.23132 3.93075 4.97436 4.25093 4.97436H4.63743C4.95762 4.97436 5.21719 5.23132 5.21719 5.5483C5.21719 5.86528 4.95762 6.12224 4.63743 6.12224H4.25093C3.93075 6.12224 3.67118 5.86528 3.67118 5.5483ZM4.25093 11.0961C3.93075 11.0961 3.67118 11.3531 3.67118 11.6701C3.67118 11.987 3.93075 12.244 4.25093 12.244H4.63743C4.95762 12.244 5.21719 11.987 5.21719 11.6701C5.21719 11.3531 4.95762 11.0961 4.63743 11.0961H4.25093ZM3.67118 8.60985C3.67118 8.29287 3.93075 8.03591 4.25093 8.03591H4.63743C4.95762 8.03591 5.21719 8.29287 5.21719 8.60985C5.21719 8.92684 4.95762 9.1838 4.63743 9.1838H4.25093C3.93075 9.1838 3.67118 8.92684 3.67118 8.60985ZM4.25093 14.157C3.93075 14.157 3.67118 14.414 3.67118 14.731C3.67118 15.0479 3.93075 15.3049 4.25093 15.3049H4.63743C4.95762 15.3049 5.21719 15.0479 5.21719 14.731C5.21719 14.414 4.95762 14.157 4.63743 14.157H4.25093Z" fill="#EB0203"></path>
                    <path fill-rule="evenodd" clip-rule="evenodd" d="M14.6252 13.6363C13.4918 12.6215 11.7817 12.5264 10.6569 13.4792C9.12421 14.7764 9.34841 16.8912 10.4409 18.0122L14.0159 21.6742C14.2197 21.8832 14.4928 22 14.7822 22C15.0737 22 15.3448 21.8852 15.5486 21.6762L19.1236 18.0142C20.214 16.8933 20.4423 14.7785 18.9075 13.4792C17.7827 12.5283 16.0724 12.6217 14.9391 13.6365C14.8855 13.6845 14.8331 13.7345 14.7822 13.7866C14.7313 13.7345 14.6789 13.6843 14.6252 13.6363ZM18.1546 14.3522C19.0973 15.1508 18.9962 16.4896 18.2891 17.2173C18.2888 17.2175 18.2886 17.2177 18.2884 17.218L14.7832 20.8084L11.2753 17.2151C11.2752 17.215 11.2751 17.2149 11.2749 17.2148C10.5677 16.4887 10.4678 15.1495 11.4104 14.3518L11.4108 14.3514C12.0745 13.7892 13.2018 13.82 13.9488 14.5846L14.7822 15.4378L15.6157 14.5846C16.3617 13.8211 17.4896 13.79 18.1545 14.3521" fill="#EB0203"></path>
                    </svg>
                    <svg class="inactive-content" width="100%" height="100%" viewBox="0 0 20 23" fill="none" xmlns="http://www.w3.org/2000/svg">
                    <path fill-rule="evenodd" clip-rule="evenodd" d="M6.18408 5.77914C6.18408 5.46223 6.44363 5.20532 6.7638 5.20532H12.3678C12.6879 5.20532 12.9475 5.46223 12.9475 5.77914C12.9475 6.09606 12.6879 6.35297 12.3678 6.35297H6.7638C6.44363 6.35297 6.18408 6.09606 6.18408 5.77914Z" fill="#EB0203"></path>
                    <path fill-rule="evenodd" clip-rule="evenodd" d="M6.18408 11.9034C6.18408 11.5865 6.44363 11.3296 6.7638 11.3296H12.3678C12.6879 11.3296 12.9475 11.5865 12.9475 11.9034C12.9475 12.2202 12.6879 12.4771 12.3678 12.4771H6.7638C6.44363 12.4771 6.18408 12.2202 6.18408 11.9034Z" fill="#EB0203"></path>
                    <path fill-rule="evenodd" clip-rule="evenodd" d="M6.18408 8.84116C6.18408 8.52424 6.44363 8.26733 6.7638 8.26733H12.3678C12.6879 8.26733 12.9475 8.52424 12.9475 8.84116C12.9475 9.15807 12.6879 9.41498 12.3678 9.41498H6.7638C6.44363 9.41498 6.18408 9.15807 6.18408 8.84116Z" fill="#EB0203"></path>
                    <path fill-rule="evenodd" clip-rule="evenodd" d="M6.18408 14.9655C6.18408 14.6486 6.44363 14.3917 6.7638 14.3917H10.1455C10.4657 14.3917 10.7252 14.6486 10.7252 14.9655C10.7252 15.2825 10.4657 15.5394 10.1455 15.5394H6.7638C6.44363 15.5394 6.18408 15.2825 6.18408 14.9655Z" fill="#EB0203"></path>
                    <path fill-rule="evenodd" clip-rule="evenodd" d="M3.67139 5.77914C3.67139 5.46223 3.93094 5.20532 4.25111 5.20532H4.63759C4.95776 5.20532 5.21731 5.46223 5.21731 5.77914C5.21731 6.09606 4.95776 6.35297 4.63759 6.35297H4.25111C3.93094 6.35297 3.67139 6.09606 3.67139 5.77914Z" fill="#EB0203"></path>
                    <path fill-rule="evenodd" clip-rule="evenodd" d="M3.67139 11.9034C3.67139 11.5865 3.93094 11.3296 4.25111 11.3296H4.63759C4.95776 11.3296 5.21731 11.5865 5.21731 11.9034C5.21731 12.2202 4.95776 12.4771 4.63759 12.4771H4.25111C3.93094 12.4771 3.67139 12.2202 3.67139 11.9034Z" fill="#EB0203"></path>
                    <path fill-rule="evenodd" clip-rule="evenodd" d="M3.67139 8.84116C3.67139 8.52424 3.93094 8.26733 4.25111 8.26733H4.63759C4.95776 8.26733 5.21731 8.52424 5.21731 8.84116C5.21731 9.15807 4.95776 9.41498 4.63759 9.41498H4.25111C3.93094 9.41498 3.67139 9.15807 3.67139 8.84116Z" fill="#EB0203"></path>
                    <path fill-rule="evenodd" clip-rule="evenodd" d="M3.67139 14.9655C3.67139 14.6486 3.93094 14.3917 4.25111 14.3917H4.63759C4.95776 14.3917 5.21731 14.6486 5.21731 14.9655C5.21731 15.2825 4.95776 15.5394 4.63759 15.5394H4.25111C3.93094 15.5394 3.67139 15.2825 3.67139 14.9655Z" fill="#EB0203"></path>
                    <path fill-rule="evenodd" clip-rule="evenodd" d="M0 1.76033C0 0.914738 0.692131 0.229248 1.54592 0.229248H15.0727C15.9265 0.229248 16.6186 0.914738 16.6186 1.76033V11.2818C16.6186 11.5989 16.3591 11.8559 16.0389 11.8559C15.7187 11.8559 15.4592 11.5989 15.4592 11.2818V1.76033C15.4592 1.54893 15.2862 1.37756 15.0727 1.37756H1.54592C1.33247 1.37756 1.15944 1.54893 1.15944 1.76033V18.985C1.15944 19.1964 1.33247 19.3678 1.54592 19.3678H9.27551C9.59568 19.3678 9.85523 19.6249 9.85523 19.942C9.85523 20.2591 9.59568 20.5161 9.27551 20.5161H1.54592C0.692131 20.5161 0 19.8306 0 18.985V1.76033Z" fill="#EB0203"></path>
                    <path fill-rule="evenodd" clip-rule="evenodd" d="M14.6254 13.8718C13.4921 12.8567 11.7821 12.7615 10.6574 13.7147C9.12472 15.0124 9.34891 17.128 10.4413 18.2493L14.0161 21.9126C14.2199 22.1217 14.493 22.2386 14.7824 22.2386C15.0739 22.2386 15.3449 22.1238 15.5487 21.9147L19.1235 18.2514C20.2139 17.13 20.4422 15.0144 18.9075 13.7147C17.7827 12.7634 16.0726 12.8569 14.9392 13.872C14.8856 13.92 14.8333 13.9701 14.7824 14.0222C14.7314 13.97 14.6791 13.9199 14.6254 13.8718ZM18.1546 14.588C19.0972 15.3869 18.9961 16.7262 18.2891 17.4541C18.2888 17.4543 18.2886 17.4546 18.2884 17.4548L14.7834 21.0466L11.2757 17.452C11.2756 17.4519 11.2755 17.4517 11.2753 17.4516C10.5681 16.7252 10.4682 15.3856 11.4108 14.5876L11.4112 14.5872C12.0748 14.0248 13.202 14.0556 13.949 14.8205L14.7824 15.674L15.6158 14.8205C16.3618 14.0567 17.4896 14.0256 18.1545 14.5879" fill="#EB0203"></path>
                    </svg>
                    </button>
                    </div>
                    <div class="col-sm-10 col-12">
                    <div class="ct-tile-quantity d-none" data-pid="5603637">
                    <input type="hidden" class="add-to-cart-url" value="https://www.continente.pt/on/demandware.store/Sites-continente-Site/default/Cart-AddProduct">
                    <div class="d-none tile-delete-confirmation-btn" data-pid="5603637" data-delay-time="3000" data-in-cart-msg="no carrinho" data-one-product-added="Adicionado ao carrinho" data-remove-from-cart-msg="Removido do carrinho" data-stay-open="6000.0" data-confirmation-image="{&quot;url&quot;:&quot;https://www.continente.pt/dw/image/v2/BDVS_PRD/on/demandware.static/-/Sites-col-master-catalog/default/dw02e526cd/images/col/560/5603637-cima.jpg?sw=87&amp;sh=80&quot;,&quot;fallbackimage&quot;:{&quot;url&quot;:&quot;https://www.continente.pt/dw/image/v2/BDVS_PRD/on/demandware.static/Sites-continente-Site/-/default/dw7c42b4da/images/noimagelarge_product.png?sw=87&amp;sh=80&quot;,&quot;title&quot;:&quot;Hambúrguer de Bovino Carnalentejana DOP&quot;,&quot;alt&quot;:&quot;Hambúrguer de Bovino Carnalentejana DOP&quot;},&quot;title&quot;:&quot;Hambúrguer de Bovino Carnalentejana DOP&quot;,&quot;alt&quot;:&quot;Hambúrguer de Bovino Carnalentejana DOP&quot;}"></div>
                    <div class="ct-tile-quantity-update quantity-update product-qty-vue" data-remove-action="https://www.continente.pt/on/demandware.store/Sites-continente-Site/default/Cart-RemoveProductLineItem" data-action="https://www.continente.pt/on/demandware.store/Sites-continente-Site/default/Cart-UpdateQuantity" data-dimension-update="https://www.continente.pt/on/demandware.store/Sites-continente-Site/default/Cart-DimensionUpdate" data-pid="5603637" data-uuid="f806e18d2929713bf01cc0c863" data-add-delay="500.0" data-measure-options="{&quot;hasConversionRate&quot;:false,&quot;hasAlternativeSaleUnit&quot;:false,&quot;unitConversionRate&quot;:0,&quot;minOrderQuantity&quot;:1,&quot;stepQuantity&quot;:1,&quot;primaryunit&quot;:&quot;un&quot;,&quot;secondaryunit&quot;:&quot;kg&quot;,&quot;selectedunit&quot;:&quot;primary&quot;,&quot;maxNumberOfUnitsPerSale&quot;:50}" data-price-available="null" :data-has-error="isMaxQtyReached || isMinQtyReached || qtySelectedMoreThanOne">
                    <template v-show="prodUnits">
                    <div class="quantity-input-wrapper has-units">
                    <label class="visually-hidden" :for="'quantity-' + pid + additionalTag">
                    Quantidade no carrinho
                    </label>
                    <input :ref="'quantityInput-' + pid + additionalTag" class="add-to-cart-quantity form-control ct-form-input text-center" inputmode="numeric" :class="{'is-invalid': isInvalid}" :data-pid="pid + additionalTag" :name="'quantity-' + pid + additionalTag" type="text" aria-label="Insira a quantidade" title="" v-model="displayValue" @change="updateQuantity" @focus="updateQtyFormat" @blur="restoreQtyFormat" :disabled="!isPriceAvailable">
                    <span class="quantity-icon quantity-icon--minus">
                    <button class="decrease-quantity-btn" @click="updateQuantity" :disabled="!isPriceAvailable" role="button" aria-label="Reduzir quantidade">
                    <i class="css-math-minus"></i>
                    </button>
                    </span>
                    <span class="quantity-icon quantity-icon--plus">
                    <button class="increase-quantity-btn" @click="updateQuantity" :disabled="isMaxQtyReached || !isPriceAvailable" role="button" aria-label="Aumentar quantidade">
                    <i class="css-math-plus"></i>
                    </button>
                    <span class="quantity-btn-disabled-placeholder"></span>
                    </span>
                    <template v-if="isPDP">
                    <span class="quantity-error ct-span-error text-sm-center product-max-allocation" v-if="isMaxQtyReached">
                    Quantidade máxima atingida
                    </span>
                    <span class="quantity-error ct-span-product text-sm-center product-allocation" v-if="!isMinQtyReached &amp;&amp; !isMaxQtyReached">
                    {{quantitySelected}} no carrinho
                    </span>
                    <span class="quantity-error ct-span-error text-sm-center product-min-allocation" :data-pid="pid" v-if="isMinQtyReached &amp;&amp; !isMaxQtyReached">
                    Quantidade mínima atingida
                    </span>
                    </template>
                    </div>
                    <template v-if="showNotes">
                    <div class="add-note-link-container ">
                    <div class="add-note">
                    <a href="/produto/hamburguer-de-bovino-carnalentejana-dop-continente-selecao-facil-bom-5603637.html?showNote=true" class="ct-add-note-redirect-pdp" aria-label="Adicionar comentário">
                    <span class="svg-wrapper svg-icon-notes" style="width:19px; height:20px">
                    <svg class="svg-inline icon-notes" viewBox="0 0 28 30" xmlns="http://www.w3.org/2000/svg" width="100%" height="100%"><path d="M21.738 0C22.985 0 24 1.04 24 2.319V12.47c0 .469-.37.848-.828.848-.457 0-.827-.38-.827-.848V2.32c0-.343-.273-.622-.607-.622H2.262c-.334 0-.607.279-.607.622V27.68c0 .343.273.622.607.622h7.81c.457 0 .827.38.827.849 0 .468-.37.848-.827.848h-7.81C1.015 30 0 28.96 0 27.681V2.32C0 1.04 1.015 0 2.262 0h19.476zm2.844 16.004l.227.007c.823.053 1.589.39 2.176.964.64.627.993 1.46.993 2.349 0 .888-.353 1.722-.993 2.348l-6.83 6.665c-.11.108-.247.186-.397.226l-5.032 1.363c-.078.021-.16.032-.241.032-.242 0-.478-.097-.647-.266-.23-.231-.314-.566-.218-.874l1.49-4.798c.044-.139.122-.266.227-.369l6.844-6.677c.64-.625 1.493-.97 2.401-.97zm-2.886 3.94l-4.922 4.802-.947 3.048 3.22-.872 4.897-4.78-2.248-2.197zm2.887-2.174c-.425 0-.824.162-1.124.455l-.484.472 2.248 2.197.484-.472c.62-.606.62-1.591 0-2.197l-.117-.104c-.283-.227-.636-.35-1.007-.35zm-10.839.022c.498 0 .904.396.904.883 0 .488-.406.884-.904.884H5.946c-.499 0-.904-.396-.904-.884 0-.487.405-.883.904-.883zm5.042-4.876c.498 0 .904.397.904.884s-.406.884-.904.884H5.946c-.499 0-.904-.397-.904-.884s.405-.884.904-.884zm0-4.875c.498 0 .904.396.904.884 0 .487-.406.883-.904.883H5.946c-.499 0-.904-.396-.904-.883 0-.488.405-.884.904-.884z" fill="#EB0203" fill-rule="evenodd"></path></svg>
                    </span>
                    <div class="available-note d-none"></div>
                    </a>
                    </div>
                    </div>
                    </template>
                    <div class="measurement-unit-section" v-if="isPriceAvailable &amp;&amp; prodUnits ? prodUnits.hasAlternativeUnit : false">
                    <div class="ct-form-radio" @click="setDimension">
                    <input type="radio" title="" class="ct-form-check-input product-measurement-unit" :data-type="prodUnits.selectedUnit == prodUnits.secondaryUnit ? 'primary' : ''" :id="prodUnits.secondaryUnit + '-' + pid + '-measurement-unit-ptile' + additionalTag" :name="'measurement-unit-' + pid + '-ptile' + additionalTag" :value="prodUnits.secondaryUnit" v-model="prodUnits.selectedUnit">
                    <label :class="prodUnits.secondaryUnit + '-label ct-form-check-label mb-0'" :for="prodUnits.secondaryUnit + '-' + pid + '-measurement-unit-ptile' + additionalTag">
                    {{prodUnits.secondaryUnit}}
                    </label>
                    <span class="checkmark"></span>
                    </div>
                    <div class="ct-form-radio" @click="setDimension">
                    <input type="radio" title="" class="ct-form-check-input product-measurement-unit" :data-type="prodUnits.selectedUnit == prodUnits.primaryUnit ? 'primary' : ''" :id="prodUnits.primaryUnit + '-' + pid + '-measurement-unit-ptile' + additionalTag" :name="'measurement-unit-' + pid + '-ptile' + additionalTag" :value="prodUnits.primaryUnit" v-model="prodUnits.selectedUnit">
                    <label :class="prodUnits.primaryUnit + '-label ct-form-check-label mb-0'" :for="prodUnits.primaryUnit + '-' + pid + '-measurement-unit-ptile' + additionalTag">
                    {{prodUnits.primaryUnit}}
                    </label>
                    <span class="checkmark"></span>
                    </div>
                    </div>
                    <template v-if="!isPDP &amp;&amp; isPriceAvailable">
                    <span class="quantity-error ct-span-error product-max-allocation" v-if="isMaxQtyReached">
                    Quantidade máxima atingida
                    </span>
                    <span class="quantity-error ct-span-product product-allocation" v-if="!isMinQtyReached &amp;&amp; !isMaxQtyReached">
                    {{quantitySelected}} no carrinho
                    </span>
                    <span class="quantity-error ct-span-error product-min-allocation" :data-pid="pid" v-if="isMinQtyReached &amp;&amp; !isMaxQtyReached">
                    Quantidade mínima atingida
                     </span>
                    </template>
                    </template>
                    </div>
                    <input class="quantity-value-mask d-none" name="quantity" type="number" min="0" value="">
                    </div>
                    <button type="button" class="add-to-cart button js-add-to-cart js-add-to-cart-tile 5603637 button--primary-inactive dynamic-layout-btn" data-toggle="modal" data-target="#chooseBonusProductModal" disabled="" data-pid="5603637" data-quantity-value="null" aria-label="Carrinho">
                    <span class="d-block d-sm-none">
                    <span class="svg-wrapper svg-icon-cart" style="width:20px; height:20px">
                    <svg class="svg-inline icon-cart" xmlns="http://www.w3.org/2000/svg" viewBox="0 0 500 500" width="100%" height="100%"><path fill="#EB0203" fill-rule="evenodd" d="M 485.67317,94.386311 C 476.37798,83.847129 463.09468,78.03348 448.30404,78.03348 H 90.690813 L 87.079511,51.327997 C 83.185582,22.539551 62.962285,0 41.011841,0 H 14.727836 C 6.563151,0 0,6.5286975 0,14.580758 c 0,8.05206 6.5945535,14.580758 14.727836,14.580758 h 26.284005 c 4.710398,0 14.696435,9.855222 16.894619,26.021523 L 100.01739,368.0631 c 1.88416,13.77244 9.01256,26.70549 20.1605,36.37417 8.25889,7.15046 18.02511,11.9071 28.26237,13.89679 -4.17655,7.58572 -6.53175,16.25957 -6.53175,25.493 0,29.53459 24.27424,53.59751 54.13815,53.59751 29.8325,0 54.13814,-24.03184 54.13814,-53.59751 0,-8.79818 -2.19818,-17.09897 -5.9979,-24.43598 h 77.12488 c -3.79973,7.33701 -5.96652,15.6378 -5.96652,24.43598 0,29.53459 24.27424,53.59751 54.13817,53.59751 29.83249,0 54.13814,-24.03184 54.13814,-53.59751 0,-8.79818 -2.1982,-17.09897 -5.9979,-24.43598 h 38.56243 c 8.13328,0 14.72783,-6.5287 14.72783,-14.61183 0,-8.02098 -6.59455,-14.54967 -14.72783,-14.54967 H 159.24277 c -14.38241,0 -28.13677,-11.90711 -30.02092,-26.02153 l -3.07746,-22.88154 h 290.6314 c 14.03698,0 27.94834,-5.28513 39.06488,-14.95381 11.11652,-9.6376 18.27632,-22.57065 20.16048,-36.37417 l 21.10259,-156.78201 c 1.94694,-14.51858 -2.10398,-28.29103 -11.43057,-38.861299 z M 220.76053,443.82706 c 0,13.49265 -11.08513,24.46709 -24.68247,24.46709 -13.62874,0 -24.71387,-10.97444 -24.71387,-24.46709 0,-13.49262 11.08513,-24.43598 24.71387,-24.43598 13.59734,0 24.68247,10.94336 24.68247,24.43598 z m 173.43675,0 c 0,13.49265 -11.08512,24.46709 -24.68245,24.46709 -13.62876,0 -24.71388,-10.97444 -24.71388,-24.46709 0,-13.49262 11.08512,-24.43598 24.71388,-24.43598 13.59733,0 24.68245,10.94336 24.68245,24.43598 z m 73.7648,-314.46558 -21.13397,156.782 c -1.88416,14.11442 -15.63851,26.05261 -30.02091,26.05261 H 122.25046 L 94.616142,107.19499 H 448.33544 c 6.18632,0 11.61896,2.2695 15.23028,6.37326 3.64269,4.13484 5.21283,9.73086 4.39636,15.79323 z"></path></svg>
                    </span>
                    </span>
                    <span class="add-to-cart--text d-none d-sm-block">Indisponível</span>
                    </button>
                    </div>
                    </div>
                    </div>
                    </div>
                    
                    <div class="col-12 d-sm-none">
                    </div>
                    </div>
                    </div>
                    </div>
                    </div>
                    <div class="col-12 col-sm-3 col-lg-2 productTile" data-idx="2">
                    
                    <script type="text/javascript">//<!--
                    /* <![CDATA[ */
                    (function(){
                    try {
                        if(window.CQuotient) {
                        var cq_params = {};
                        
                        cq_params.cookieId = window.CQuotient.getCQCookieId();
                        cq_params.userId = window.CQuotient.getCQUserId();
                        cq_params.emailId = CQuotient.getCQHashedEmail();
                        cq_params.loginId = CQuotient.getCQHashedLogin();
                        cq_params.accumulate = true;
                        cq_params.products = [{
                            id: '4349742',
                            sku: ''
                        }];
                        cq_params.categoryId = 'refeicoes-faceis';
                        cq_params.refinements = '[{\"name\":\"priceMin\",\"value\":\"0.01\"},{\"name\":\"priceMax\",\"value\":\"null\"},{\"name\":\"curr\",\"value\":\"EUR\"},{\"name\":\"Category\",\"value\":\"refeicoes-faceis\"}]';
                        cq_params.personalized = 'false';
                        cq_params.sortingRule = 'FRESH-Refei\u00E7\u00F5es F\u00E1ceis';
                        cq_params.imageUUID = '__UNDEFINED__';
                        cq_params.realm = "BDVS";
                        cq_params.siteId = "continente";
                        cq_params.instanceType = "prd";
                        cq_params.queryLocale = "default";
                        cq_params.locale = window.CQuotient.locale;
                        
                        if(window.CQuotient.sendActivity)
                            window.CQuotient.sendActivity(CQuotient.clientId, 'viewCategory', cq_params);
                        else
                            window.CQuotient.activities.push({
                                activityType: 'viewCategory',
                                parameters: cq_params
                            });
                      }
                    } catch(err) {}
                    })();
                    /* ]]> */
                    // -->
                    </script>
                    <script type="text/javascript">//<!--
                    /* <![CDATA[ (viewCategoryProduct-active_data.js) */
                    (function(){
                    try {
                        if (dw.ac) {
                            var search_params = {};
                            search_params.persd = 'false';
                            search_params.refs = '[{\"name\":\"priceMin\",\"value\":\"0.01\"},{\"name\":\"priceMax\",\"value\":\"null\"},{\"name\":\"curr\",\"value\":\"EUR\"},{\"name\":\"Category\",\"value\":\"refeicoes-faceis\"}]';
                            search_params.sort = 'FRESH-Refei\u00E7\u00F5es F\u00E1ceis';
                            search_params.imageUUID = '';
                            search_params.searchID = 'adc2ebee-ded6-4d71-a833-c4f63de27d3e';
                            search_params.locale = 'default';
                            search_params.queryLocale = 'default';
                            search_params.showProducts = 'true';
                            dw.ac.applyContext({category: "refeicoes-faceis", searchData: search_params});
                            if (typeof dw.ac._scheduleDataSubmission === "function") {
                                dw.ac._scheduleDataSubmission();
                            }
                        }
                    } catch(err) {}
                    })();
                    /* ]]> */
                    // -->
                    </script>
                    <script type="text/javascript">//<!--
                    /* <![CDATA[ (viewProduct-active_data.js) */
                    dw.ac._capture({id: "4349742", type: "searchhit"});
                    /* ]]> */
                    // -->
                    </script>
                    <div class="product" data-pid="4349742">
                    <div class="product-tile pid-4349742 ct-product-tile data-layer-pushed" data-delay-time="3000" data-variants-mapping="[]" data-in-cart-msg="no carrinho" data-one-product-added="Adicionado ao carrinho" data-remove-from-cart-msg="Removido do carrinho" data-stay-open="6000.0" data-product-tile-impression="{&quot;name&quot;:&quot;4349742&quot;,&quot;id&quot;:&quot;4349742&quot;,&quot;price&quot;:1.29,&quot;brand&quot;:&quot;Continente&quot;,&quot;category&quot;:[{&quot;category_level_1&quot;:&quot;Frutas e Legumes&quot;},{&quot;category_level_2&quot;:&quot;Legumes&quot;},{&quot;category_level_3&quot;:&quot;Saladas, Sopas e Salteados&quot;}],&quot;variant&quot;:&quot;&quot;}">
                    <div class="ct-inner-tile-wrap row no-gutters justify-content-center align-content-start">
                    
                    <div class="ct-image-container col-4 col-sm" data-confirmation-image="{&quot;url&quot;:&quot;https://www.continente.pt/dw/image/v2/BDVS_PRD/on/demandware.static/-/Sites-col-master-catalog/default/dwbb19cd89/images/col/434/4349742-cima.jpg?sw=87&amp;sh=80&quot;,&quot;fallbackimage&quot;:{&quot;url&quot;:&quot;https://www.continente.pt/dw/image/v2/BDVS_PRD/on/demandware.static/Sites-continente-Site/-/default/dw7c42b4da/images/noimagelarge_product.png?sw=87&amp;sh=80&quot;,&quot;title&quot;:&quot;Salada Aromática&quot;,&quot;alt&quot;:&quot;Salada Aromática&quot;},&quot;title&quot;:&quot;Salada Aromática&quot;,&quot;alt&quot;:&quot;Salada Aromática&quot;}">
                    <a href="https://www.continente.pt/produto/salada-aromatica-continente-4349742.html?cgid=refeicoes-faceis">
                    <picture class="intrinsic intrinsic--square">
                    <img class="ct-tile-image lazyloaded" loading="lazy" onerror="this.onerror=null;this.src='/on/demandware.static/Sites-continente-Site/-/default/dw7c42b4da/images/noimagelarge_product.png';" data-src="https://www.continente.pt/dw/image/v2/BDVS_PRD/on/demandware.static/-/Sites-col-master-catalog/default/dwbb19cd89/images/col/434/4349742-cima.jpg?sw=280&amp;sh=280" alt="Salada Aromática" title="Salada Aromática" src="https://www.continente.pt/dw/image/v2/BDVS_PRD/on/demandware.static/-/Sites-col-master-catalog/default/dwbb19cd89/images/col/434/4349742-cima.jpg?sw=280&amp;sh=280">
                    </picture>
                    </a>
                    <div class=" ct-product-tile-badge ct-product-tile-badge--general">
                    <img class="img-fluid ct-tooltip-trigger lazyloaded" loading="lazy" data-src="https://www.continente.pt/dw/image/v2/BDVS_PRD/on/demandware.static/-/Sites-continente-Library/default/dw62d4c957/images/badges/general/col/madein.png?sw=25&amp;sh=25" alt="Crachá do produto" title="" data-toggle="tooltip" data-placement="right" data-original-title="Made in Portugal" src="https://www.continente.pt/dw/image/v2/BDVS_PRD/on/demandware.static/-/Sites-continente-Library/default/dw62d4c957/images/badges/general/col/madein.png?sw=25&amp;sh=25">
                    </div>
                    <div class="color-swatches d-flex" style="margin-left: 5px;">
                    <div class="swatches d-flex">
                    </div>
                    </div>
                    </div>
                    <div class="ct-tile-body col col-sm-auto ">
                    <div class="ct-pdp-details">
                    <div class="ct-pdp-link">
                    <a class="ct-tile--description" href="https://www.continente.pt/produto/salada-aromatica-continente-4349742.html?cgid=refeicoes-faceis">Salada Aromática</a>
                    <div class="ct-tile--favorite-top d-sm-none">
                    <button class="wishlist-toggler guest-mode inactive button button--tertiary" data-pid="4349742" data-add-url="https://www.continente.pt/on/demandware.store/Sites-continente-Site/default/Wishlist-AddProduct?pid=4349742" data-toggle="tooltip" aria-label="Adicionar aos favoritos " data-original-title="Adicionar aos favoritos" data-placement="top">
                    <svg class="active-content" width="100%" height="100%" viewBox="0 0 20 22" fill="none" xmlns="http://www.w3.org/2000/svg">
                    <path fill-rule="evenodd" clip-rule="evenodd" d="M0 1.53052C0 0.685236 0.692171 0 1.54601 0H15.0736C15.9274 0 16.6196 0.685235 16.6196 1.53052V13.4064L15.8127 13.922L14.2658 14.2658L12.7189 13.4064L10.6054 14.3818C10.4994 14.2451 10.3327 14.157 10.1452 14.157H6.76329C6.4431 14.157 6.18354 14.414 6.18354 14.731C6.18354 15.0479 6.4431 15.3049 6.76329 15.3049H10.1452C10.2478 15.3049 10.3441 15.2785 10.4277 15.2322L10.3126 16.8439L13.2345 20.2793H1.54601C0.69217 20.2793 0 19.5941 0 18.7488V1.53052ZM6.18354 5.5483C6.18354 5.23132 6.4431 4.97436 6.76329 4.97436H12.3676C12.6878 4.97436 12.9473 5.23132 12.9473 5.5483C12.9473 5.86528 12.6878 6.12224 12.3676 6.12224H6.76329C6.4431 6.12224 6.18354 5.86528 6.18354 5.5483ZM6.76329 11.0961C6.4431 11.0961 6.18354 11.3531 6.18354 11.6701C6.18354 11.987 6.4431 12.244 6.76329 12.244H12.3676C12.6878 12.244 12.9473 11.987 12.9473 11.6701C12.9473 11.3531 12.6878 11.0961 12.3676 11.0961H6.76329ZM6.18354 8.60985C6.18354 8.29287 6.4431 8.03591 6.76329 8.03591H12.3676C12.6878 8.03591 12.9473 8.29287 12.9473 8.60985C12.9473 8.92684 12.6878 9.1838 12.3676 9.1838H6.76329C6.4431 9.1838 6.18354 8.92684 6.18354 8.60985ZM3.67118 5.5483C3.67118 5.23132 3.93075 4.97436 4.25093 4.97436H4.63743C4.95762 4.97436 5.21719 5.23132 5.21719 5.5483C5.21719 5.86528 4.95762 6.12224 4.63743 6.12224H4.25093C3.93075 6.12224 3.67118 5.86528 3.67118 5.5483ZM4.25093 11.0961C3.93075 11.0961 3.67118 11.3531 3.67118 11.6701C3.67118 11.987 3.93075 12.244 4.25093 12.244H4.63743C4.95762 12.244 5.21719 11.987 5.21719 11.6701C5.21719 11.3531 4.95762 11.0961 4.63743 11.0961H4.25093ZM3.67118 8.60985C3.67118 8.29287 3.93075 8.03591 4.25093 8.03591H4.63743C4.95762 8.03591 5.21719 8.29287 5.21719 8.60985C5.21719 8.92684 4.95762 9.1838 4.63743 9.1838H4.25093C3.93075 9.1838 3.67118 8.92684 3.67118 8.60985ZM4.25093 14.157C3.93075 14.157 3.67118 14.414 3.67118 14.731C3.67118 15.0479 3.93075 15.3049 4.25093 15.3049H4.63743C4.95762 15.3049 5.21719 15.0479 5.21719 14.731C5.21719 14.414 4.95762 14.157 4.63743 14.157H4.25093Z" fill="#EB0203"></path>
                    <path fill-rule="evenodd" clip-rule="evenodd" d="M14.6252 13.6363C13.4918 12.6215 11.7817 12.5264 10.6569 13.4792C9.12421 14.7764 9.34841 16.8912 10.4409 18.0122L14.0159 21.6742C14.2197 21.8832 14.4928 22 14.7822 22C15.0737 22 15.3448 21.8852 15.5486 21.6762L19.1236 18.0142C20.214 16.8933 20.4423 14.7785 18.9075 13.4792C17.7827 12.5283 16.0724 12.6217 14.9391 13.6365C14.8855 13.6845 14.8331 13.7345 14.7822 13.7866C14.7313 13.7345 14.6789 13.6843 14.6252 13.6363ZM18.1546 14.3522C19.0973 15.1508 18.9962 16.4896 18.2891 17.2173C18.2888 17.2175 18.2886 17.2177 18.2884 17.218L14.7832 20.8084L11.2753 17.2151C11.2752 17.215 11.2751 17.2149 11.2749 17.2148C10.5677 16.4887 10.4678 15.1495 11.4104 14.3518L11.4108 14.3514C12.0745 13.7892 13.2018 13.82 13.9488 14.5846L14.7822 15.4378L15.6157 14.5846C16.3617 13.8211 17.4896 13.79 18.1545 14.3521" fill="#EB0203"></path>
                    </svg>
                    <svg class="inactive-content" width="100%" height="100%" viewBox="0 0 20 23" fill="none" xmlns="http://www.w3.org/2000/svg">
                    <path fill-rule="evenodd" clip-rule="evenodd" d="M6.18408 5.77914C6.18408 5.46223 6.44363 5.20532 6.7638 5.20532H12.3678C12.6879 5.20532 12.9475 5.46223 12.9475 5.77914C12.9475 6.09606 12.6879 6.35297 12.3678 6.35297H6.7638C6.44363 6.35297 6.18408 6.09606 6.18408 5.77914Z" fill="#EB0203"></path>
                    <path fill-rule="evenodd" clip-rule="evenodd" d="M6.18408 11.9034C6.18408 11.5865 6.44363 11.3296 6.7638 11.3296H12.3678C12.6879 11.3296 12.9475 11.5865 12.9475 11.9034C12.9475 12.2202 12.6879 12.4771 12.3678 12.4771H6.7638C6.44363 12.4771 6.18408 12.2202 6.18408 11.9034Z" fill="#EB0203"></path>
                    <path fill-rule="evenodd" clip-rule="evenodd" d="M6.18408 8.84116C6.18408 8.52424 6.44363 8.26733 6.7638 8.26733H12.3678C12.6879 8.26733 12.9475 8.52424 12.9475 8.84116C12.9475 9.15807 12.6879 9.41498 12.3678 9.41498H6.7638C6.44363 9.41498 6.18408 9.15807 6.18408 8.84116Z" fill="#EB0203"></path>
                    <path fill-rule="evenodd" clip-rule="evenodd" d="M6.18408 14.9655C6.18408 14.6486 6.44363 14.3917 6.7638 14.3917H10.1455C10.4657 14.3917 10.7252 14.6486 10.7252 14.9655C10.7252 15.2825 10.4657 15.5394 10.1455 15.5394H6.7638C6.44363 15.5394 6.18408 15.2825 6.18408 14.9655Z" fill="#EB0203"></path>
                    <path fill-rule="evenodd" clip-rule="evenodd" d="M3.67139 5.77914C3.67139 5.46223 3.93094 5.20532 4.25111 5.20532H4.63759C4.95776 5.20532 5.21731 5.46223 5.21731 5.77914C5.21731 6.09606 4.95776 6.35297 4.63759 6.35297H4.25111C3.93094 6.35297 3.67139 6.09606 3.67139 5.77914Z" fill="#EB0203"></path>
                    <path fill-rule="evenodd" clip-rule="evenodd" d="M3.67139 11.9034C3.67139 11.5865 3.93094 11.3296 4.25111 11.3296H4.63759C4.95776 11.3296 5.21731 11.5865 5.21731 11.9034C5.21731 12.2202 4.95776 12.4771 4.63759 12.4771H4.25111C3.93094 12.4771 3.67139 12.2202 3.67139 11.9034Z" fill="#EB0203"></path>
                    <path fill-rule="evenodd" clip-rule="evenodd" d="M3.67139 8.84116C3.67139 8.52424 3.93094 8.26733 4.25111 8.26733H4.63759C4.95776 8.26733 5.21731 8.52424 5.21731 8.84116C5.21731 9.15807 4.95776 9.41498 4.63759 9.41498H4.25111C3.93094 9.41498 3.67139 9.15807 3.67139 8.84116Z" fill="#EB0203"></path>
                    <path fill-rule="evenodd" clip-rule="evenodd" d="M3.67139 14.9655C3.67139 14.6486 3.93094 14.3917 4.25111 14.3917H4.63759C4.95776 14.3917 5.21731 14.6486 5.21731 14.9655C5.21731 15.2825 4.95776 15.5394 4.63759 15.5394H4.25111C3.93094 15.5394 3.67139 15.2825 3.67139 14.9655Z" fill="#EB0203"></path>
                    <path fill-rule="evenodd" clip-rule="evenodd" d="M0 1.76033C0 0.914738 0.692131 0.229248 1.54592 0.229248H15.0727C15.9265 0.229248 16.6186 0.914738 16.6186 1.76033V11.2818C16.6186 11.5989 16.3591 11.8559 16.0389 11.8559C15.7187 11.8559 15.4592 11.5989 15.4592 11.2818V1.76033C15.4592 1.54893 15.2862 1.37756 15.0727 1.37756H1.54592C1.33247 1.37756 1.15944 1.54893 1.15944 1.76033V18.985C1.15944 19.1964 1.33247 19.3678 1.54592 19.3678H9.27551C9.59568 19.3678 9.85523 19.6249 9.85523 19.942C9.85523 20.2591 9.59568 20.5161 9.27551 20.5161H1.54592C0.692131 20.5161 0 19.8306 0 18.985V1.76033Z" fill="#EB0203"></path>
                    <path fill-rule="evenodd" clip-rule="evenodd" d="M14.6254 13.8718C13.4921 12.8567 11.7821 12.7615 10.6574 13.7147C9.12472 15.0124 9.34891 17.128 10.4413 18.2493L14.0161 21.9126C14.2199 22.1217 14.493 22.2386 14.7824 22.2386C15.0739 22.2386 15.3449 22.1238 15.5487 21.9147L19.1235 18.2514C20.2139 17.13 20.4422 15.0144 18.9075 13.7147C17.7827 12.7634 16.0726 12.8569 14.9392 13.872C14.8856 13.92 14.8333 13.9701 14.7824 14.0222C14.7314 13.97 14.6791 13.9199 14.6254 13.8718ZM18.1546 14.588C19.0972 15.3869 18.9961 16.7262 18.2891 17.4541C18.2888 17.4543 18.2886 17.4546 18.2884 17.4548L14.7834 21.0466L11.2757 17.452C11.2756 17.4519 11.2755 17.4517 11.2753 17.4516C10.5681 16.7252 10.4682 15.3856 11.4108 14.5876L11.4112 14.5872C12.0748 14.0248 13.202 14.0556 13.949 14.8205L14.7824 15.674L15.6158 14.8205C16.3618 14.0567 17.4896 14.0256 18.1545 14.5879" fill="#EB0203"></path>
                    </svg>
                    </button>
                    </div>
                    </div>
                    <p class="ct-tile--brand">Continente</p>
                    <p class="ct-tile--quantity">emb. 150 gr</p>
                    </div>
                    <div class="ct-tile-bottom row no-gutters justify-content-between">
                    <div class="ct-price-wrap col-8 col-sm-12">
                    <div class="price js-product-price">
                    <div class="prices-wrapper">
                    <span class="sales ct-tile--price-primary ">
                    <span class="value" content="1.29">
                    <span class="ct-price-formatted">
                    €1,29
                    </span>
                    <span class="ct-m-unit">
                    /un
                    </span>
                    </span>
                    </span>
                    </div>
                    <div class="ct-tile--price-secondary">
                    <span class="ct-price-value">
                    €8,60
                    </span>
                    <span class="ct-m-unit">
                    /kg
                    </span>
                    </div>
                    </div>
                    </div>
                    <div class="ct-tile-buy-section d-flex justify-content-center no-gutters col-auto col-sm-12">
                    <div class="col-2 d-sm-flex d-none">
                    <button class="wishlist-toggler guest-mode inactive button button--tertiary" data-pid="4349742" data-add-url="https://www.continente.pt/on/demandware.store/Sites-continente-Site/default/Wishlist-AddProduct?pid=4349742" data-toggle="tooltip" aria-label="Adicionar aos favoritos " data-original-title="Adicionar aos favoritos" data-placement="top">
                    <svg class="active-content" width="100%" height="100%" viewBox="0 0 20 22" fill="none" xmlns="http://www.w3.org/2000/svg">
                    <path fill-rule="evenodd" clip-rule="evenodd" d="M0 1.53052C0 0.685236 0.692171 0 1.54601 0H15.0736C15.9274 0 16.6196 0.685235 16.6196 1.53052V13.4064L15.8127 13.922L14.2658 14.2658L12.7189 13.4064L10.6054 14.3818C10.4994 14.2451 10.3327 14.157 10.1452 14.157H6.76329C6.4431 14.157 6.18354 14.414 6.18354 14.731C6.18354 15.0479 6.4431 15.3049 6.76329 15.3049H10.1452C10.2478 15.3049 10.3441 15.2785 10.4277 15.2322L10.3126 16.8439L13.2345 20.2793H1.54601C0.69217 20.2793 0 19.5941 0 18.7488V1.53052ZM6.18354 5.5483C6.18354 5.23132 6.4431 4.97436 6.76329 4.97436H12.3676C12.6878 4.97436 12.9473 5.23132 12.9473 5.5483C12.9473 5.86528 12.6878 6.12224 12.3676 6.12224H6.76329C6.4431 6.12224 6.18354 5.86528 6.18354 5.5483ZM6.76329 11.0961C6.4431 11.0961 6.18354 11.3531 6.18354 11.6701C6.18354 11.987 6.4431 12.244 6.76329 12.244H12.3676C12.6878 12.244 12.9473 11.987 12.9473 11.6701C12.9473 11.3531 12.6878 11.0961 12.3676 11.0961H6.76329ZM6.18354 8.60985C6.18354 8.29287 6.4431 8.03591 6.76329 8.03591H12.3676C12.6878 8.03591 12.9473 8.29287 12.9473 8.60985C12.9473 8.92684 12.6878 9.1838 12.3676 9.1838H6.76329C6.4431 9.1838 6.18354 8.92684 6.18354 8.60985ZM3.67118 5.5483C3.67118 5.23132 3.93075 4.97436 4.25093 4.97436H4.63743C4.95762 4.97436 5.21719 5.23132 5.21719 5.5483C5.21719 5.86528 4.95762 6.12224 4.63743 6.12224H4.25093C3.93075 6.12224 3.67118 5.86528 3.67118 5.5483ZM4.25093 11.0961C3.93075 11.0961 3.67118 11.3531 3.67118 11.6701C3.67118 11.987 3.93075 12.244 4.25093 12.244H4.63743C4.95762 12.244 5.21719 11.987 5.21719 11.6701C5.21719 11.3531 4.95762 11.0961 4.63743 11.0961H4.25093ZM3.67118 8.60985C3.67118 8.29287 3.93075 8.03591 4.25093 8.03591H4.63743C4.95762 8.03591 5.21719 8.29287 5.21719 8.60985C5.21719 8.92684 4.95762 9.1838 4.63743 9.1838H4.25093C3.93075 9.1838 3.67118 8.92684 3.67118 8.60985ZM4.25093 14.157C3.93075 14.157 3.67118 14.414 3.67118 14.731C3.67118 15.0479 3.93075 15.3049 4.25093 15.3049H4.63743C4.95762 15.3049 5.21719 15.0479 5.21719 14.731C5.21719 14.414 4.95762 14.157 4.63743 14.157H4.25093Z" fill="#EB0203"></path>
                    <path fill-rule="evenodd" clip-rule="evenodd" d="M14.6252 13.6363C13.4918 12.6215 11.7817 12.5264 10.6569 13.4792C9.12421 14.7764 9.34841 16.8912 10.4409 18.0122L14.0159 21.6742C14.2197 21.8832 14.4928 22 14.7822 22C15.0737 22 15.3448 21.8852 15.5486 21.6762L19.1236 18.0142C20.214 16.8933 20.4423 14.7785 18.9075 13.4792C17.7827 12.5283 16.0724 12.6217 14.9391 13.6365C14.8855 13.6845 14.8331 13.7345 14.7822 13.7866C14.7313 13.7345 14.6789 13.6843 14.6252 13.6363ZM18.1546 14.3522C19.0973 15.1508 18.9962 16.4896 18.2891 17.2173C18.2888 17.2175 18.2886 17.2177 18.2884 17.218L14.7832 20.8084L11.2753 17.2151C11.2752 17.215 11.2751 17.2149 11.2749 17.2148C10.5677 16.4887 10.4678 15.1495 11.4104 14.3518L11.4108 14.3514C12.0745 13.7892 13.2018 13.82 13.9488 14.5846L14.7822 15.4378L15.6157 14.5846C16.3617 13.8211 17.4896 13.79 18.1545 14.3521" fill="#EB0203"></path>
                    </svg>
                    <svg class="inactive-content" width="100%" height="100%" viewBox="0 0 20 23" fill="none" xmlns="http://www.w3.org/2000/svg">
                    <path fill-rule="evenodd" clip-rule="evenodd" d="M6.18408 5.77914C6.18408 5.46223 6.44363 5.20532 6.7638 5.20532H12.3678C12.6879 5.20532 12.9475 5.46223 12.9475 5.77914C12.9475 6.09606 12.6879 6.35297 12.3678 6.35297H6.7638C6.44363 6.35297 6.18408 6.09606 6.18408 5.77914Z" fill="#EB0203"></path>
                    <path fill-rule="evenodd" clip-rule="evenodd" d="M6.18408 11.9034C6.18408 11.5865 6.44363 11.3296 6.7638 11.3296H12.3678C12.6879 11.3296 12.9475 11.5865 12.9475 11.9034C12.9475 12.2202 12.6879 12.4771 12.3678 12.4771H6.7638C6.44363 12.4771 6.18408 12.2202 6.18408 11.9034Z" fill="#EB0203"></path>
                    <path fill-rule="evenodd" clip-rule="evenodd" d="M6.18408 8.84116C6.18408 8.52424 6.44363 8.26733 6.7638 8.26733H12.3678C12.6879 8.26733 12.9475 8.52424 12.9475 8.84116C12.9475 9.15807 12.6879 9.41498 12.3678 9.41498H6.7638C6.44363 9.41498 6.18408 9.15807 6.18408 8.84116Z" fill="#EB0203"></path>
                    <path fill-rule="evenodd" clip-rule="evenodd" d="M6.18408 14.9655C6.18408 14.6486 6.44363 14.3917 6.7638 14.3917H10.1455C10.4657 14.3917 10.7252 14.6486 10.7252 14.9655C10.7252 15.2825 10.4657 15.5394 10.1455 15.5394H6.7638C6.44363 15.5394 6.18408 15.2825 6.18408 14.9655Z" fill="#EB0203"></path>
                    <path fill-rule="evenodd" clip-rule="evenodd" d="M3.67139 5.77914C3.67139 5.46223 3.93094 5.20532 4.25111 5.20532H4.63759C4.95776 5.20532 5.21731 5.46223 5.21731 5.77914C5.21731 6.09606 4.95776 6.35297 4.63759 6.35297H4.25111C3.93094 6.35297 3.67139 6.09606 3.67139 5.77914Z" fill="#EB0203"></path>
                    <path fill-rule="evenodd" clip-rule="evenodd" d="M3.67139 11.9034C3.67139 11.5865 3.93094 11.3296 4.25111 11.3296H4.63759C4.95776 11.3296 5.21731 11.5865 5.21731 11.9034C5.21731 12.2202 4.95776 12.4771 4.63759 12.4771H4.25111C3.93094 12.4771 3.67139 12.2202 3.67139 11.9034Z" fill="#EB0203"></path>
                    <path fill-rule="evenodd" clip-rule="evenodd" d="M3.67139 8.84116C3.67139 8.52424 3.93094 8.26733 4.25111 8.26733H4.63759C4.95776 8.26733 5.21731 8.52424 5.21731 8.84116C5.21731 9.15807 4.95776 9.41498 4.63759 9.41498H4.25111C3.93094 9.41498 3.67139 9.15807 3.67139 8.84116Z" fill="#EB0203"></path>
                    <path fill-rule="evenodd" clip-rule="evenodd" d="M3.67139 14.9655C3.67139 14.6486 3.93094 14.3917 4.25111 14.3917H4.63759C4.95776 14.3917 5.21731 14.6486 5.21731 14.9655C5.21731 15.2825 4.95776 15.5394 4.63759 15.5394H4.25111C3.93094 15.5394 3.67139 15.2825 3.67139 14.9655Z" fill="#EB0203"></path>
                    <path fill-rule="evenodd" clip-rule="evenodd" d="M0 1.76033C0 0.914738 0.692131 0.229248 1.54592 0.229248H15.0727C15.9265 0.229248 16.6186 0.914738 16.6186 1.76033V11.2818C16.6186 11.5989 16.3591 11.8559 16.0389 11.8559C15.7187 11.8559 15.4592 11.5989 15.4592 11.2818V1.76033C15.4592 1.54893 15.2862 1.37756 15.0727 1.37756H1.54592C1.33247 1.37756 1.15944 1.54893 1.15944 1.76033V18.985C1.15944 19.1964 1.33247 19.3678 1.54592 19.3678H9.27551C9.59568 19.3678 9.85523 19.6249 9.85523 19.942C9.85523 20.2591 9.59568 20.5161 9.27551 20.5161H1.54592C0.692131 20.5161 0 19.8306 0 18.985V1.76033Z" fill="#EB0203"></path>
                    <path fill-rule="evenodd" clip-rule="evenodd" d="M14.6254 13.8718C13.4921 12.8567 11.7821 12.7615 10.6574 13.7147C9.12472 15.0124 9.34891 17.128 10.4413 18.2493L14.0161 21.9126C14.2199 22.1217 14.493 22.2386 14.7824 22.2386C15.0739 22.2386 15.3449 22.1238 15.5487 21.9147L19.1235 18.2514C20.2139 17.13 20.4422 15.0144 18.9075 13.7147C17.7827 12.7634 16.0726 12.8569 14.9392 13.872C14.8856 13.92 14.8333 13.9701 14.7824 14.0222C14.7314 13.97 14.6791 13.9199 14.6254 13.8718ZM18.1546 14.588C19.0972 15.3869 18.9961 16.7262 18.2891 17.4541C18.2888 17.4543 18.2886 17.4546 18.2884 17.4548L14.7834 21.0466L11.2757 17.452C11.2756 17.4519 11.2755 17.4517 11.2753 17.4516C10.5681 16.7252 10.4682 15.3856 11.4108 14.5876L11.4112 14.5872C12.0748 14.0248 13.202 14.0556 13.949 14.8205L14.7824 15.674L15.6158 14.8205C16.3618 14.0567 17.4896 14.0256 18.1545 14.5879" fill="#EB0203"></path>
                    </svg>
                    </button>
                    </div>
                    <div class="col-sm-10 col-12">
                    <div class="ct-tile-quantity d-none" data-pid="4349742">
                    <input type="hidden" class="add-to-cart-url" value="https://www.continente.pt/on/demandware.store/Sites-continente-Site/default/Cart-AddProduct">
                    <div class="d-none tile-delete-confirmation-btn" data-pid="4349742" data-delay-time="3000" data-in-cart-msg="no carrinho" data-one-product-added="Adicionado ao carrinho" data-remove-from-cart-msg="Removido do carrinho" data-stay-open="6000.0" data-confirmation-image="{&quot;url&quot;:&quot;https://www.continente.pt/dw/image/v2/BDVS_PRD/on/demandware.static/-/Sites-col-master-catalog/default/dwbb19cd89/images/col/434/4349742-cima.jpg?sw=87&amp;sh=80&quot;,&quot;fallbackimage&quot;:{&quot;url&quot;:&quot;https://www.continente.pt/dw/image/v2/BDVS_PRD/on/demandware.static/Sites-continente-Site/-/default/dw7c42b4da/images/noimagelarge_product.png?sw=87&amp;sh=80&quot;,&quot;title&quot;:&quot;Salada Aromática&quot;,&quot;alt&quot;:&quot;Salada Aromática&quot;},&quot;title&quot;:&quot;Salada Aromática&quot;,&quot;alt&quot;:&quot;Salada Aromática&quot;}"></div>
                    <div class="ct-tile-quantity-update quantity-update product-qty-vue" data-remove-action="https://www.continente.pt/on/demandware.store/Sites-continente-Site/default/Cart-RemoveProductLineItem" data-action="https://www.continente.pt/on/demandware.store/Sites-continente-Site/default/Cart-UpdateQuantity" data-dimension-update="https://www.continente.pt/on/demandware.store/Sites-continente-Site/default/Cart-DimensionUpdate" data-pid="4349742" data-uuid="bd8b3f476062d96cd2e000b6da" data-add-delay="500.0" data-measure-options="{&quot;hasConversionRate&quot;:false,&quot;hasAlternativeSaleUnit&quot;:false,&quot;unitConversionRate&quot;:0,&quot;minOrderQuantity&quot;:1,&quot;stepQuantity&quot;:1,&quot;primaryunit&quot;:&quot;un&quot;,&quot;secondaryunit&quot;:&quot;kg&quot;,&quot;selectedunit&quot;:&quot;primary&quot;,&quot;maxNumberOfUnitsPerSale&quot;:50}" data-price-available="null" :data-has-error="isMaxQtyReached || isMinQtyReached || qtySelectedMoreThanOne">
                    <template v-show="prodUnits">
                    <div class="quantity-input-wrapper has-units">
                    <label class="visually-hidden" :for="'quantity-' + pid + additionalTag">
                    Quantidade no carrinho
                    </label>
                    <input :ref="'quantityInput-' + pid + additionalTag" class="add-to-cart-quantity form-control ct-form-input text-center" inputmode="numeric" :class="{'is-invalid': isInvalid}" :data-pid="pid + additionalTag" :name="'quantity-' + pid + additionalTag" type="text" aria-label="Insira a quantidade" title="" v-model="displayValue" @change="updateQuantity" @focus="updateQtyFormat" @blur="restoreQtyFormat" :disabled="!isPriceAvailable">
                    <span class="quantity-icon quantity-icon--minus">
                    <button class="decrease-quantity-btn" @click="updateQuantity" :disabled="!isPriceAvailable" role="button" aria-label="Reduzir quantidade">
                    <i class="css-math-minus"></i>
                    </button>
                    </span>
                    <span class="quantity-icon quantity-icon--plus">
                    <button class="increase-quantity-btn" @click="updateQuantity" :disabled="isMaxQtyReached || !isPriceAvailable" role="button" aria-label="Aumentar quantidade">
                    <i class="css-math-plus"></i>
                    </button>
                    <span class="quantity-btn-disabled-placeholder"></span>
                    </span>
                    <template v-if="isPDP">
                    <span class="quantity-error ct-span-error text-sm-center product-max-allocation" v-if="isMaxQtyReached">
                    Quantidade máxima atingida
                    </span>
                    <span class="quantity-error ct-span-product text-sm-center product-allocation" v-if="!isMinQtyReached &amp;&amp; !isMaxQtyReached">
                    {{quantitySelected}} no carrinho
                    </span>
                    <span class="quantity-error ct-span-error text-sm-center product-min-allocation" :data-pid="pid" v-if="isMinQtyReached &amp;&amp; !isMaxQtyReached">
                    Quantidade mínima atingida
                    </span>
                    </template>
                    </div>
                    <template v-if="showNotes">
                    <div class="add-note-link-container ">
                    <div class="add-note">
                    <a href="/produto/salada-aromatica-continente-4349742.html?showNote=true" class="ct-add-note-redirect-pdp" aria-label="Adicionar comentário">
                    <span class="svg-wrapper svg-icon-notes" style="width:19px; height:20px">
                    <svg class="svg-inline icon-notes" viewBox="0 0 28 30" xmlns="http://www.w3.org/2000/svg" width="100%" height="100%"><path d="M21.738 0C22.985 0 24 1.04 24 2.319V12.47c0 .469-.37.848-.828.848-.457 0-.827-.38-.827-.848V2.32c0-.343-.273-.622-.607-.622H2.262c-.334 0-.607.279-.607.622V27.68c0 .343.273.622.607.622h7.81c.457 0 .827.38.827.849 0 .468-.37.848-.827.848h-7.81C1.015 30 0 28.96 0 27.681V2.32C0 1.04 1.015 0 2.262 0h19.476zm2.844 16.004l.227.007c.823.053 1.589.39 2.176.964.64.627.993 1.46.993 2.349 0 .888-.353 1.722-.993 2.348l-6.83 6.665c-.11.108-.247.186-.397.226l-5.032 1.363c-.078.021-.16.032-.241.032-.242 0-.478-.097-.647-.266-.23-.231-.314-.566-.218-.874l1.49-4.798c.044-.139.122-.266.227-.369l6.844-6.677c.64-.625 1.493-.97 2.401-.97zm-2.886 3.94l-4.922 4.802-.947 3.048 3.22-.872 4.897-4.78-2.248-2.197zm2.887-2.174c-.425 0-.824.162-1.124.455l-.484.472 2.248 2.197.484-.472c.62-.606.62-1.591 0-2.197l-.117-.104c-.283-.227-.636-.35-1.007-.35zm-10.839.022c.498 0 .904.396.904.883 0 .488-.406.884-.904.884H5.946c-.499 0-.904-.396-.904-.884 0-.487.405-.883.904-.883zm5.042-4.876c.498 0 .904.397.904.884s-.406.884-.904.884H5.946c-.499 0-.904-.397-.904-.884s.405-.884.904-.884zm0-4.875c.498 0 .904.396.904.884 0 .487-.406.883-.904.883H5.946c-.499 0-.904-.396-.904-.883 0-.488.405-.884.904-.884z" fill="#EB0203" fill-rule="evenodd"></path></svg>
                    </span>
                    <div class="available-note d-none"></div>
                    </a>
                    </div>
                    </div>
                    </template>
                    <div class="measurement-unit-section" v-if="isPriceAvailable &amp;&amp; prodUnits ? prodUnits.hasAlternativeUnit : false">
                    <div class="ct-form-radio" @click="setDimension">
                    <input type="radio" title="" class="ct-form-check-input product-measurement-unit" :data-type="prodUnits.selectedUnit == prodUnits.secondaryUnit ? 'primary' : ''" :id="prodUnits.secondaryUnit + '-' + pid + '-measurement-unit-ptile' + additionalTag" :name="'measurement-unit-' + pid + '-ptile' + additionalTag" :value="prodUnits.secondaryUnit" v-model="prodUnits.selectedUnit">
                    <label :class="prodUnits.secondaryUnit + '-label ct-form-check-label mb-0'" :for="prodUnits.secondaryUnit + '-' + pid + '-measurement-unit-ptile' + additionalTag">
                    {{prodUnits.secondaryUnit}}
                    </label>
                    <span class="checkmark"></span>
                    </div>
                    <div class="ct-form-radio" @click="setDimension">
                    <input type="radio" title="" class="ct-form-check-input product-measurement-unit" :data-type="prodUnits.selectedUnit == prodUnits.primaryUnit ? 'primary' : ''" :id="prodUnits.primaryUnit + '-' + pid + '-measurement-unit-ptile' + additionalTag" :name="'measurement-unit-' + pid + '-ptile' + additionalTag" :value="prodUnits.primaryUnit" v-model="prodUnits.selectedUnit">
                    <label :class="prodUnits.primaryUnit + '-label ct-form-check-label mb-0'" :for="prodUnits.primaryUnit + '-' + pid + '-measurement-unit-ptile' + additionalTag">
                    {{prodUnits.primaryUnit}}
                    </label>
                    <span class="checkmark"></span>
                    </div>
                    </div>
                    <template v-if="!isPDP &amp;&amp; isPriceAvailable">
                    <span class="quantity-error ct-span-error product-max-allocation" v-if="isMaxQtyReached">
                    Quantidade máxima atingida
                    </span>
                    <span class="quantity-error ct-span-product product-allocation" v-if="!isMinQtyReached &amp;&amp; !isMaxQtyReached">
                    {{quantitySelected}} no carrinho
                    </span>
                    <span class="quantity-error ct-span-error product-min-allocation" :data-pid="pid" v-if="isMinQtyReached &amp;&amp; !isMaxQtyReached">
                    Quantidade mínima atingida
                    </span>
                    </template>
                    </template>
                    </div>
                    <input class="quantity-value-mask d-none" name="quantity" type="number" min="0" value="">
                    </div>
                    <button type="button" class="add-to-cart button js-add-to-cart js-add-to-cart-tile 4349742 button--primary dynamic-layout-btn" data-toggle="modal" data-target="#chooseBonusProductModal" data-pid="4349742" data-quantity-value="null" aria-label="Carrinho">
                    <span class="d-block d-sm-none">
                    <span class="svg-wrapper svg-icon-cart" style="width:20px; height:20px">
                    <svg class="svg-inline icon-cart" xmlns="http://www.w3.org/2000/svg" viewBox="0 0 500 500" width="100%" height="100%"><path fill="#EB0203" fill-rule="evenodd" d="M 485.67317,94.386311 C 476.37798,83.847129 463.09468,78.03348 448.30404,78.03348 H 90.690813 L 87.079511,51.327997 C 83.185582,22.539551 62.962285,0 41.011841,0 H 14.727836 C 6.563151,0 0,6.5286975 0,14.580758 c 0,8.05206 6.5945535,14.580758 14.727836,14.580758 h 26.284005 c 4.710398,0 14.696435,9.855222 16.894619,26.021523 L 100.01739,368.0631 c 1.88416,13.77244 9.01256,26.70549 20.1605,36.37417 8.25889,7.15046 18.02511,11.9071 28.26237,13.89679 -4.17655,7.58572 -6.53175,16.25957 -6.53175,25.493 0,29.53459 24.27424,53.59751 54.13815,53.59751 29.8325,0 54.13814,-24.03184 54.13814,-53.59751 0,-8.79818 -2.19818,-17.09897 -5.9979,-24.43598 h 77.12488 c -3.79973,7.33701 -5.96652,15.6378 -5.96652,24.43598 0,29.53459 24.27424,53.59751 54.13817,53.59751 29.83249,0 54.13814,-24.03184 54.13814,-53.59751 0,-8.79818 -2.1982,-17.09897 -5.9979,-24.43598 h 38.56243 c 8.13328,0 14.72783,-6.5287 14.72783,-14.61183 0,-8.02098 -6.59455,-14.54967 -14.72783,-14.54967 H 159.24277 c -14.38241,0 -28.13677,-11.90711 -30.02092,-26.02153 l -3.07746,-22.88154 h 290.6314 c 14.03698,0 27.94834,-5.28513 39.06488,-14.95381 11.11652,-9.6376 18.27632,-22.57065 20.16048,-36.37417 l 21.10259,-156.78201 c 1.94694,-14.51858 -2.10398,-28.29103 -11.43057,-38.861299 z M 220.76053,443.82706 c 0,13.49265 -11.08513,24.46709 -24.68247,24.46709 -13.62874,0 -24.71387,-10.97444 -24.71387,-24.46709 0,-13.49262 11.08513,-24.43598 24.71387,-24.43598 13.59734,0 24.68247,10.94336 24.68247,24.43598 z m 173.43675,0 c 0,13.49265 -11.08512,24.46709 -24.68245,24.46709 -13.62876,0 -24.71388,-10.97444 -24.71388,-24.46709 0,-13.49262 11.08512,-24.43598 24.71388,-24.43598 13.59733,0 24.68245,10.94336 24.68245,24.43598 z m 73.7648,-314.46558 -21.13397,156.782 c -1.88416,14.11442 -15.63851,26.05261 -30.02091,26.05261 H 122.25046 L 94.616142,107.19499 H 448.33544 c 6.18632,0 11.61896,2.2695 15.23028,6.37326 3.64269,4.13484 5.21283,9.73086 4.39636,15.79323 z"></path></svg>
                    </span>
                    </span>
                    <span class="add-to-cart--text d-none d-sm-block">Carrinho</span>
                    </button>
                    </div>
                    </div>
                    </div>
                    </div>
                    
                    <div class="col-12 d-sm-none">
                    </div>
                    </div>
                    </div>
                    </div>
                    </div>
                    <div class="col-12 col-sm-3 col-lg-2 productTile" data-idx="3">
                    
                    <script type="text/javascript">//<!--
                    /* <![CDATA[ */
                    (function(){
                    try {
                        if(window.CQuotient) {
                        var cq_params = {};
                        
                        cq_params.cookieId = window.CQuotient.getCQCookieId();
                        cq_params.userId = window.CQuotient.getCQUserId();
                        cq_params.emailId = CQuotient.getCQHashedEmail();
                        cq_params.loginId = CQuotient.getCQHashedLogin();
                        cq_params.accumulate = true;
                        cq_params.products = [{
                            id: '7187991',
                            sku: ''
                        }];
                        cq_params.categoryId = 'refeicoes-faceis';
                        cq_params.refinements = '[{\"name\":\"priceMin\",\"value\":\"0.01\"},{\"name\":\"priceMax\",\"value\":\"null\"},{\"name\":\"curr\",\"value\":\"EUR\"},{\"name\":\"Category\",\"value\":\"refeicoes-faceis\"}]';
                        cq_params.personalized = 'false';
                        cq_params.sortingRule = 'FRESH-Refei\u00E7\u00F5es F\u00E1ceis';
                        cq_params.imageUUID = '__UNDEFINED__';
                        cq_params.realm = "BDVS";
                        cq_params.siteId = "continente";
                        cq_params.instanceType = "prd";
                        cq_params.queryLocale = "default";
                        cq_params.locale = window.CQuotient.locale;
                        
                        if(window.CQuotient.sendActivity)
                            window.CQuotient.sendActivity(CQuotient.clientId, 'viewCategory', cq_params);
                        else
                            window.CQuotient.activities.push({
                                activityType: 'viewCategory',
                                parameters: cq_params
                            });
                      }
                    } catch(err) {}
                    })();
                    /* ]]> */
                    // -->
                    </script>
                    <script type="text/javascript">//<!--
                    /* <![CDATA[ (viewCategoryProduct-active_data.js) */
                    (function(){
                    try {
                        if (dw.ac) {
                            var search_params = {};
                            search_params.persd = 'false';
                            search_params.refs = '[{\"name\":\"priceMin\",\"value\":\"0.01\"},{\"name\":\"priceMax\",\"value\":\"null\"},{\"name\":\"curr\",\"value\":\"EUR\"},{\"name\":\"Category\",\"value\":\"refeicoes-faceis\"}]';
                            search_params.sort = 'FRESH-Refei\u00E7\u00F5es F\u00E1ceis';
                            search_params.imageUUID = '';
                            search_params.searchID = 'adc2ebee-ded6-4d71-a833-c4f63de27d3e';
                            search_params.locale = 'default';
                            search_params.queryLocale = 'default';
                            search_params.showProducts = 'true';
                            dw.ac.applyContext({category: "refeicoes-faceis", searchData: search_params});
                            if (typeof dw.ac._scheduleDataSubmission === "function") {
                                dw.ac._scheduleDataSubmission();
                            }
                        }
                    } catch(err) {}
                    })();
                    /* ]]> */
                    // -->
                    </script>
                    <script type="text/javascript">//<!--
                    /* <![CDATA[ (viewProduct-active_data.js) */
                    dw.ac._capture({id: "7187991", type: "searchhit"});
                    /* ]]> */
                    // -->
                    </script>
                    <div class="product" data-pid="7187991">
                    <div class="product-tile pid-7187991 ct-product-tile data-layer-pushed" data-delay-time="3000" data-variants-mapping="[]" data-in-cart-msg="no carrinho" data-one-product-added="Adicionado ao carrinho" data-remove-from-cart-msg="Removido do carrinho" data-stay-open="6000.0" data-product-tile-impression="{&quot;name&quot;:&quot;7187991&quot;,&quot;id&quot;:&quot;7187991&quot;,&quot;price&quot;:1.99,&quot;brand&quot;:&quot;Continente Fácil &amp; Bom&quot;,&quot;category&quot;:[{&quot;category_level_1&quot;:&quot;Take-Away&quot;},{&quot;category_level_2&quot;:&quot;Sopas&quot;},{&quot;category_level_3&quot;:&quot;Tradicionais&quot;}],&quot;variant&quot;:&quot;&quot;}">
                    <div class="ct-inner-tile-wrap row no-gutters justify-content-center align-content-start">
                    
                    <div class="ct-image-container col-4 col-sm" data-confirmation-image="{&quot;url&quot;:&quot;https://www.continente.pt/dw/image/v2/BDVS_PRD/on/demandware.static/-/Sites-col-master-catalog/default/dw7a8ce933/images/col/718/7187991-frente.jpg?sw=87&amp;sh=80&quot;,&quot;fallbackimage&quot;:{&quot;url&quot;:&quot;https://www.continente.pt/dw/image/v2/BDVS_PRD/on/demandware.static/Sites-continente-Site/-/default/dw7c42b4da/images/noimagelarge_product.png?sw=87&amp;sh=80&quot;,&quot;title&quot;:&quot;Sopa de Feijão Verde&quot;,&quot;alt&quot;:&quot;Sopa de Feijão Verde&quot;},&quot;title&quot;:&quot;Sopa de Feijão Verde&quot;,&quot;alt&quot;:&quot;Sopa de Feijão Verde&quot;}">
                    <a href="https://www.continente.pt/produto/sopa-de-feijao-verde-continente-facil-bom-7187991.html?cgid=refeicoes-faceis">
                    <picture class="intrinsic intrinsic--square">
                    <img class="ct-tile-image lazyloaded" loading="lazy" onerror="this.onerror=null;this.src='/on/demandware.static/Sites-continente-Site/-/default/dw7c42b4da/images/noimagelarge_product.png';" data-src="https://www.continente.pt/dw/image/v2/BDVS_PRD/on/demandware.static/-/Sites-col-master-catalog/default/dw7a8ce933/images/col/718/7187991-frente.jpg?sw=280&amp;sh=280" alt="Sopa de Feijão Verde" title="Sopa de Feijão Verde" src="https://www.continente.pt/dw/image/v2/BDVS_PRD/on/demandware.static/-/Sites-col-master-catalog/default/dw7a8ce933/images/col/718/7187991-frente.jpg?sw=280&amp;sh=280">
                    </picture>
                    </a>
                    <div class="color-swatches d-flex" style="margin-left: 5px;">
                    <div class="swatches d-flex">
                    </div>
                    </div>
                    </div>
                    <div class="ct-tile-body col col-sm-auto ">
                    <div class="ct-pdp-details">
                    <div class="ct-pdp-link">
                    <a class="ct-tile--description" href="https://www.continente.pt/produto/sopa-de-feijao-verde-continente-facil-bom-7187991.html?cgid=refeicoes-faceis">Sopa de Feijão Verde</a>
                    <div class="ct-tile--favorite-top d-sm-none">
                    <button class="wishlist-toggler guest-mode inactive button button--tertiary" data-pid="7187991" data-add-url="https://www.continente.pt/on/demandware.store/Sites-continente-Site/default/Wishlist-AddProduct?pid=7187991" data-toggle="tooltip" aria-label="Adicionar aos favoritos " data-original-title="Adicionar aos favoritos" data-placement="top">
                    <svg class="active-content" width="100%" height="100%" viewBox="0 0 20 22" fill="none" xmlns="http://www.w3.org/2000/svg">
                    <path fill-rule="evenodd" clip-rule="evenodd" d="M0 1.53052C0 0.685236 0.692171 0 1.54601 0H15.0736C15.9274 0 16.6196 0.685235 16.6196 1.53052V13.4064L15.8127 13.922L14.2658 14.2658L12.7189 13.4064L10.6054 14.3818C10.4994 14.2451 10.3327 14.157 10.1452 14.157H6.76329C6.4431 14.157 6.18354 14.414 6.18354 14.731C6.18354 15.0479 6.4431 15.3049 6.76329 15.3049H10.1452C10.2478 15.3049 10.3441 15.2785 10.4277 15.2322L10.3126 16.8439L13.2345 20.2793H1.54601C0.69217 20.2793 0 19.5941 0 18.7488V1.53052ZM6.18354 5.5483C6.18354 5.23132 6.4431 4.97436 6.76329 4.97436H12.3676C12.6878 4.97436 12.9473 5.23132 12.9473 5.5483C12.9473 5.86528 12.6878 6.12224 12.3676 6.12224H6.76329C6.4431 6.12224 6.18354 5.86528 6.18354 5.5483ZM6.76329 11.0961C6.4431 11.0961 6.18354 11.3531 6.18354 11.6701C6.18354 11.987 6.4431 12.244 6.76329 12.244H12.3676C12.6878 12.244 12.9473 11.987 12.9473 11.6701C12.9473 11.3531 12.6878 11.0961 12.3676 11.0961H6.76329ZM6.18354 8.60985C6.18354 8.29287 6.4431 8.03591 6.76329 8.03591H12.3676C12.6878 8.03591 12.9473 8.29287 12.9473 8.60985C12.9473 8.92684 12.6878 9.1838 12.3676 9.1838H6.76329C6.4431 9.1838 6.18354 8.92684 6.18354 8.60985ZM3.67118 5.5483C3.67118 5.23132 3.93075 4.97436 4.25093 4.97436H4.63743C4.95762 4.97436 5.21719 5.23132 5.21719 5.5483C5.21719 5.86528 4.95762 6.12224 4.63743 6.12224H4.25093C3.93075 6.12224 3.67118 5.86528 3.67118 5.5483ZM4.25093 11.0961C3.93075 11.0961 3.67118 11.3531 3.67118 11.6701C3.67118 11.987 3.93075 12.244 4.25093 12.244H4.63743C4.95762 12.244 5.21719 11.987 5.21719 11.6701C5.21719 11.3531 4.95762 11.0961 4.63743 11.0961H4.25093ZM3.67118 8.60985C3.67118 8.29287 3.93075 8.03591 4.25093 8.03591H4.63743C4.95762 8.03591 5.21719 8.29287 5.21719 8.60985C5.21719 8.92684 4.95762 9.1838 4.63743 9.1838H4.25093C3.93075 9.1838 3.67118 8.92684 3.67118 8.60985ZM4.25093 14.157C3.93075 14.157 3.67118 14.414 3.67118 14.731C3.67118 15.0479 3.93075 15.3049 4.25093 15.3049H4.63743C4.95762 15.3049 5.21719 15.0479 5.21719 14.731C5.21719 14.414 4.95762 14.157 4.63743 14.157H4.25093Z" fill="#EB0203"></path>
                    <path fill-rule="evenodd" clip-rule="evenodd" d="M14.6252 13.6363C13.4918 12.6215 11.7817 12.5264 10.6569 13.4792C9.12421 14.7764 9.34841 16.8912 10.4409 18.0122L14.0159 21.6742C14.2197 21.8832 14.4928 22 14.7822 22C15.0737 22 15.3448 21.8852 15.5486 21.6762L19.1236 18.0142C20.214 16.8933 20.4423 14.7785 18.9075 13.4792C17.7827 12.5283 16.0724 12.6217 14.9391 13.6365C14.8855 13.6845 14.8331 13.7345 14.7822 13.7866C14.7313 13.7345 14.6789 13.6843 14.6252 13.6363ZM18.1546 14.3522C19.0973 15.1508 18.9962 16.4896 18.2891 17.2173C18.2888 17.2175 18.2886 17.2177 18.2884 17.218L14.7832 20.8084L11.2753 17.2151C11.2752 17.215 11.2751 17.2149 11.2749 17.2148C10.5677 16.4887 10.4678 15.1495 11.4104 14.3518L11.4108 14.3514C12.0745 13.7892 13.2018 13.82 13.9488 14.5846L14.7822 15.4378L15.6157 14.5846C16.3617 13.8211 17.4896 13.79 18.1545 14.3521" fill="#EB0203"></path>
                    </svg>
                    <svg class="inactive-content" width="100%" height="100%" viewBox="0 0 20 23" fill="none" xmlns="http://www.w3.org/2000/svg">
                    <path fill-rule="evenodd" clip-rule="evenodd" d="M6.18408 5.77914C6.18408 5.46223 6.44363 5.20532 6.7638 5.20532H12.3678C12.6879 5.20532 12.9475 5.46223 12.9475 5.77914C12.9475 6.09606 12.6879 6.35297 12.3678 6.35297H6.7638C6.44363 6.35297 6.18408 6.09606 6.18408 5.77914Z" fill="#EB0203"></path>
                    <path fill-rule="evenodd" clip-rule="evenodd" d="M6.18408 11.9034C6.18408 11.5865 6.44363 11.3296 6.7638 11.3296H12.3678C12.6879 11.3296 12.9475 11.5865 12.9475 11.9034C12.9475 12.2202 12.6879 12.4771 12.3678 12.4771H6.7638C6.44363 12.4771 6.18408 12.2202 6.18408 11.9034Z" fill="#EB0203"></path>
                    <path fill-rule="evenodd" clip-rule="evenodd" d="M6.18408 8.84116C6.18408 8.52424 6.44363 8.26733 6.7638 8.26733H12.3678C12.6879 8.26733 12.9475 8.52424 12.9475 8.84116C12.9475 9.15807 12.6879 9.41498 12.3678 9.41498H6.7638C6.44363 9.41498 6.18408 9.15807 6.18408 8.84116Z" fill="#EB0203"></path>
                    <path fill-rule="evenodd" clip-rule="evenodd" d="M6.18408 14.9655C6.18408 14.6486 6.44363 14.3917 6.7638 14.3917H10.1455C10.4657 14.3917 10.7252 14.6486 10.7252 14.9655C10.7252 15.2825 10.4657 15.5394 10.1455 15.5394H6.7638C6.44363 15.5394 6.18408 15.2825 6.18408 14.9655Z" fill="#EB0203"></path>
                    <path fill-rule="evenodd" clip-rule="evenodd" d="M3.67139 5.77914C3.67139 5.46223 3.93094 5.20532 4.25111 5.20532H4.63759C4.95776 5.20532 5.21731 5.46223 5.21731 5.77914C5.21731 6.09606 4.95776 6.35297 4.63759 6.35297H4.25111C3.93094 6.35297 3.67139 6.09606 3.67139 5.77914Z" fill="#EB0203"></path>
                    <path fill-rule="evenodd" clip-rule="evenodd" d="M3.67139 11.9034C3.67139 11.5865 3.93094 11.3296 4.25111 11.3296H4.63759C4.95776 11.3296 5.21731 11.5865 5.21731 11.9034C5.21731 12.2202 4.95776 12.4771 4.63759 12.4771H4.25111C3.93094 12.4771 3.67139 12.2202 3.67139 11.9034Z" fill="#EB0203"></path>
                    <path fill-rule="evenodd" clip-rule="evenodd" d="M3.67139 8.84116C3.67139 8.52424 3.93094 8.26733 4.25111 8.26733H4.63759C4.95776 8.26733 5.21731 8.52424 5.21731 8.84116C5.21731 9.15807 4.95776 9.41498 4.63759 9.41498H4.25111C3.93094 9.41498 3.67139 9.15807 3.67139 8.84116Z" fill="#EB0203"></path>
                    <path fill-rule="evenodd" clip-rule="evenodd" d="M3.67139 14.9655C3.67139 14.6486 3.93094 14.3917 4.25111 14.3917H4.63759C4.95776 14.3917 5.21731 14.6486 5.21731 14.9655C5.21731 15.2825 4.95776 15.5394 4.63759 15.5394H4.25111C3.93094 15.5394 3.67139 15.2825 3.67139 14.9655Z" fill="#EB0203"></path>
                    <path fill-rule="evenodd" clip-rule="evenodd" d="M0 1.76033C0 0.914738 0.692131 0.229248 1.54592 0.229248H15.0727C15.9265 0.229248 16.6186 0.914738 16.6186 1.76033V11.2818C16.6186 11.5989 16.3591 11.8559 16.0389 11.8559C15.7187 11.8559 15.4592 11.5989 15.4592 11.2818V1.76033C15.4592 1.54893 15.2862 1.37756 15.0727 1.37756H1.54592C1.33247 1.37756 1.15944 1.54893 1.15944 1.76033V18.985C1.15944 19.1964 1.33247 19.3678 1.54592 19.3678H9.27551C9.59568 19.3678 9.85523 19.6249 9.85523 19.942C9.85523 20.2591 9.59568 20.5161 9.27551 20.5161H1.54592C0.692131 20.5161 0 19.8306 0 18.985V1.76033Z" fill="#EB0203"></path>
                    <path fill-rule="evenodd" clip-rule="evenodd" d="M14.6254 13.8718C13.4921 12.8567 11.7821 12.7615 10.6574 13.7147C9.12472 15.0124 9.34891 17.128 10.4413 18.2493L14.0161 21.9126C14.2199 22.1217 14.493 22.2386 14.7824 22.2386C15.0739 22.2386 15.3449 22.1238 15.5487 21.9147L19.1235 18.2514C20.2139 17.13 20.4422 15.0144 18.9075 13.7147C17.7827 12.7634 16.0726 12.8569 14.9392 13.872C14.8856 13.92 14.8333 13.9701 14.7824 14.0222C14.7314 13.97 14.6791 13.9199 14.6254 13.8718ZM18.1546 14.588C19.0972 15.3869 18.9961 16.7262 18.2891 17.4541C18.2888 17.4543 18.2886 17.4546 18.2884 17.4548L14.7834 21.0466L11.2757 17.452C11.2756 17.4519 11.2755 17.4517 11.2753 17.4516C10.5681 16.7252 10.4682 15.3856 11.4108 14.5876L11.4112 14.5872C12.0748 14.0248 13.202 14.0556 13.949 14.8205L14.7824 15.674L15.6158 14.8205C16.3618 14.0567 17.4896 14.0256 18.1545 14.5879" fill="#EB0203"></path>
                    </svg>
                    </button>
                    </div>
                    </div>
                    <p class="ct-tile--brand">Continente Fácil &amp; Bom</p>
                    <p class="ct-tile--quantity">emb. 800 gr</p>
                    </div>
                    <div class="ct-tile-bottom row no-gutters justify-content-between">
                    <div class="ct-price-wrap col-8 col-sm-12">
                    <div class="price js-product-price">
                    <div class="prices-wrapper">
                    <span class="sales ct-tile--price-primary ">
                    <span class="value" content="1.99">
                    <span class="ct-price-formatted">
                    €1,99
                    </span>
                    <span class="ct-m-unit">
                    /un
                    </span>
                    </span>
                    </span>
                    </div>
                    <div class="ct-tile--price-secondary">
                    <span class="ct-price-value">
                    €2,40
                    </span>
                    <span class="ct-m-unit">
                    /kg
                    </span>
                    </div>
                    </div>
                    </div>
                    <div class="ct-tile-buy-section d-flex justify-content-center no-gutters col-auto col-sm-12">
                    <div class="col-2 d-sm-flex d-none">
                    <button class="wishlist-toggler guest-mode inactive button button--tertiary" data-pid="7187991" data-add-url="https://www.continente.pt/on/demandware.store/Sites-continente-Site/default/Wishlist-AddProduct?pid=7187991" data-toggle="tooltip" aria-label="Adicionar aos favoritos " data-original-title="Adicionar aos favoritos" data-placement="top">
                    <svg class="active-content" width="100%" height="100%" viewBox="0 0 20 22" fill="none" xmlns="http://www.w3.org/2000/svg">
                    <path fill-rule="evenodd" clip-rule="evenodd" d="M0 1.53052C0 0.685236 0.692171 0 1.54601 0H15.0736C15.9274 0 16.6196 0.685235 16.6196 1.53052V13.4064L15.8127 13.922L14.2658 14.2658L12.7189 13.4064L10.6054 14.3818C10.4994 14.2451 10.3327 14.157 10.1452 14.157H6.76329C6.4431 14.157 6.18354 14.414 6.18354 14.731C6.18354 15.0479 6.4431 15.3049 6.76329 15.3049H10.1452C10.2478 15.3049 10.3441 15.2785 10.4277 15.2322L10.3126 16.8439L13.2345 20.2793H1.54601C0.69217 20.2793 0 19.5941 0 18.7488V1.53052ZM6.18354 5.5483C6.18354 5.23132 6.4431 4.97436 6.76329 4.97436H12.3676C12.6878 4.97436 12.9473 5.23132 12.9473 5.5483C12.9473 5.86528 12.6878 6.12224 12.3676 6.12224H6.76329C6.4431 6.12224 6.18354 5.86528 6.18354 5.5483ZM6.76329 11.0961C6.4431 11.0961 6.18354 11.3531 6.18354 11.6701C6.18354 11.987 6.4431 12.244 6.76329 12.244H12.3676C12.6878 12.244 12.9473 11.987 12.9473 11.6701C12.9473 11.3531 12.6878 11.0961 12.3676 11.0961H6.76329ZM6.18354 8.60985C6.18354 8.29287 6.4431 8.03591 6.76329 8.03591H12.3676C12.6878 8.03591 12.9473 8.29287 12.9473 8.60985C12.9473 8.92684 12.6878 9.1838 12.3676 9.1838H6.76329C6.4431 9.1838 6.18354 8.92684 6.18354 8.60985ZM3.67118 5.5483C3.67118 5.23132 3.93075 4.97436 4.25093 4.97436H4.63743C4.95762 4.97436 5.21719 5.23132 5.21719 5.5483C5.21719 5.86528 4.95762 6.12224 4.63743 6.12224H4.25093C3.93075 6.12224 3.67118 5.86528 3.67118 5.5483ZM4.25093 11.0961C3.93075 11.0961 3.67118 11.3531 3.67118 11.6701C3.67118 11.987 3.93075 12.244 4.25093 12.244H4.63743C4.95762 12.244 5.21719 11.987 5.21719 11.6701C5.21719 11.3531 4.95762 11.0961 4.63743 11.0961H4.25093ZM3.67118 8.60985C3.67118 8.29287 3.93075 8.03591 4.25093 8.03591H4.63743C4.95762 8.03591 5.21719 8.29287 5.21719 8.60985C5.21719 8.92684 4.95762 9.1838 4.63743 9.1838H4.25093C3.93075 9.1838 3.67118 8.92684 3.67118 8.60985ZM4.25093 14.157C3.93075 14.157 3.67118 14.414 3.67118 14.731C3.67118 15.0479 3.93075 15.3049 4.25093 15.3049H4.63743C4.95762 15.3049 5.21719 15.0479 5.21719 14.731C5.21719 14.414 4.95762 14.157 4.63743 14.157H4.25093Z" fill="#EB0203"></path>
                    <path fill-rule="evenodd" clip-rule="evenodd" d="M14.6252 13.6363C13.4918 12.6215 11.7817 12.5264 10.6569 13.4792C9.12421 14.7764 9.34841 16.8912 10.4409 18.0122L14.0159 21.6742C14.2197 21.8832 14.4928 22 14.7822 22C15.0737 22 15.3448 21.8852 15.5486 21.6762L19.1236 18.0142C20.214 16.8933 20.4423 14.7785 18.9075 13.4792C17.7827 12.5283 16.0724 12.6217 14.9391 13.6365C14.8855 13.6845 14.8331 13.7345 14.7822 13.7866C14.7313 13.7345 14.6789 13.6843 14.6252 13.6363ZM18.1546 14.3522C19.0973 15.1508 18.9962 16.4896 18.2891 17.2173C18.2888 17.2175 18.2886 17.2177 18.2884 17.218L14.7832 20.8084L11.2753 17.2151C11.2752 17.215 11.2751 17.2149 11.2749 17.2148C10.5677 16.4887 10.4678 15.1495 11.4104 14.3518L11.4108 14.3514C12.0745 13.7892 13.2018 13.82 13.9488 14.5846L14.7822 15.4378L15.6157 14.5846C16.3617 13.8211 17.4896 13.79 18.1545 14.3521" fill="#EB0203"></path>
                    </svg>
                    <svg class="inactive-content" width="100%" height="100%" viewBox="0 0 20 23" fill="none" xmlns="http://www.w3.org/2000/svg">
                    <path fill-rule="evenodd" clip-rule="evenodd" d="M6.18408 5.77914C6.18408 5.46223 6.44363 5.20532 6.7638 5.20532H12.3678C12.6879 5.20532 12.9475 5.46223 12.9475 5.77914C12.9475 6.09606 12.6879 6.35297 12.3678 6.35297H6.7638C6.44363 6.35297 6.18408 6.09606 6.18408 5.77914Z" fill="#EB0203"></path>
                    <path fill-rule="evenodd" clip-rule="evenodd" d="M6.18408 11.9034C6.18408 11.5865 6.44363 11.3296 6.7638 11.3296H12.3678C12.6879 11.3296 12.9475 11.5865 12.9475 11.9034C12.9475 12.2202 12.6879 12.4771 12.3678 12.4771H6.7638C6.44363 12.4771 6.18408 12.2202 6.18408 11.9034Z" fill="#EB0203"></path>
                    <path fill-rule="evenodd" clip-rule="evenodd" d="M6.18408 8.84116C6.18408 8.52424 6.44363 8.26733 6.7638 8.26733H12.3678C12.6879 8.26733 12.9475 8.52424 12.9475 8.84116C12.9475 9.15807 12.6879 9.41498 12.3678 9.41498H6.7638C6.44363 9.41498 6.18408 9.15807 6.18408 8.84116Z" fill="#EB0203"></path>
                    <path fill-rule="evenodd" clip-rule="evenodd" d="M6.18408 14.9655C6.18408 14.6486 6.44363 14.3917 6.7638 14.3917H10.1455C10.4657 14.3917 10.7252 14.6486 10.7252 14.9655C10.7252 15.2825 10.4657 15.5394 10.1455 15.5394H6.7638C6.44363 15.5394 6.18408 15.2825 6.18408 14.9655Z" fill="#EB0203"></path>
                    <path fill-rule="evenodd" clip-rule="evenodd" d="M3.67139 5.77914C3.67139 5.46223 3.93094 5.20532 4.25111 5.20532H4.63759C4.95776 5.20532 5.21731 5.46223 5.21731 5.77914C5.21731 6.09606 4.95776 6.35297 4.63759 6.35297H4.25111C3.93094 6.35297 3.67139 6.09606 3.67139 5.77914Z" fill="#EB0203"></path>
                    <path fill-rule="evenodd" clip-rule="evenodd" d="M3.67139 11.9034C3.67139 11.5865 3.93094 11.3296 4.25111 11.3296H4.63759C4.95776 11.3296 5.21731 11.5865 5.21731 11.9034C5.21731 12.2202 4.95776 12.4771 4.63759 12.4771H4.25111C3.93094 12.4771 3.67139 12.2202 3.67139 11.9034Z" fill="#EB0203"></path>
                    <path fill-rule="evenodd" clip-rule="evenodd" d="M3.67139 8.84116C3.67139 8.52424 3.93094 8.26733 4.25111 8.26733H4.63759C4.95776 8.26733 5.21731 8.52424 5.21731 8.84116C5.21731 9.15807 4.95776 9.41498 4.63759 9.41498H4.25111C3.93094 9.41498 3.67139 9.15807 3.67139 8.84116Z" fill="#EB0203"></path>
                    <path fill-rule="evenodd" clip-rule="evenodd" d="M3.67139 14.9655C3.67139 14.6486 3.93094 14.3917 4.25111 14.3917H4.63759C4.95776 14.3917 5.21731 14.6486 5.21731 14.9655C5.21731 15.2825 4.95776 15.5394 4.63759 15.5394H4.25111C3.93094 15.5394 3.67139 15.2825 3.67139 14.9655Z" fill="#EB0203"></path>
                    <path fill-rule="evenodd" clip-rule="evenodd" d="M0 1.76033C0 0.914738 0.692131 0.229248 1.54592 0.229248H15.0727C15.9265 0.229248 16.6186 0.914738 16.6186 1.76033V11.2818C16.6186 11.5989 16.3591 11.8559 16.0389 11.8559C15.7187 11.8559 15.4592 11.5989 15.4592 11.2818V1.76033C15.4592 1.54893 15.2862 1.37756 15.0727 1.37756H1.54592C1.33247 1.37756 1.15944 1.54893 1.15944 1.76033V18.985C1.15944 19.1964 1.33247 19.3678 1.54592 19.3678H9.27551C9.59568 19.3678 9.85523 19.6249 9.85523 19.942C9.85523 20.2591 9.59568 20.5161 9.27551 20.5161H1.54592C0.692131 20.5161 0 19.8306 0 18.985V1.76033Z" fill="#EB0203"></path>
                    <path fill-rule="evenodd" clip-rule="evenodd" d="M14.6254 13.8718C13.4921 12.8567 11.7821 12.7615 10.6574 13.7147C9.12472 15.0124 9.34891 17.128 10.4413 18.2493L14.0161 21.9126C14.2199 22.1217 14.493 22.2386 14.7824 22.2386C15.0739 22.2386 15.3449 22.1238 15.5487 21.9147L19.1235 18.2514C20.2139 17.13 20.4422 15.0144 18.9075 13.7147C17.7827 12.7634 16.0726 12.8569 14.9392 13.872C14.8856 13.92 14.8333 13.9701 14.7824 14.0222C14.7314 13.97 14.6791 13.9199 14.6254 13.8718ZM18.1546 14.588C19.0972 15.3869 18.9961 16.7262 18.2891 17.4541C18.2888 17.4543 18.2886 17.4546 18.2884 17.4548L14.7834 21.0466L11.2757 17.452C11.2756 17.4519 11.2755 17.4517 11.2753 17.4516C10.5681 16.7252 10.4682 15.3856 11.4108 14.5876L11.4112 14.5872C12.0748 14.0248 13.202 14.0556 13.949 14.8205L14.7824 15.674L15.6158 14.8205C16.3618 14.0567 17.4896 14.0256 18.1545 14.5879" fill="#EB0203"></path>
                    </svg>
                    </button>
                    </div>
                    <div class="col-sm-10 col-12">
                    <div class="ct-tile-quantity d-none" data-pid="7187991">
                    <input type="hidden" class="add-to-cart-url" value="https://www.continente.pt/on/demandware.store/Sites-continente-Site/default/Cart-AddProduct">
                    <div class="d-none tile-delete-confirmation-btn" data-pid="7187991" data-delay-time="3000" data-in-cart-msg="no carrinho" data-one-product-added="Adicionado ao carrinho" data-remove-from-cart-msg="Removido do carrinho" data-stay-open="6000.0" data-confirmation-image="{&quot;url&quot;:&quot;https://www.continente.pt/dw/image/v2/BDVS_PRD/on/demandware.static/-/Sites-col-master-catalog/default/dw7a8ce933/images/col/718/7187991-frente.jpg?sw=87&amp;sh=80&quot;,&quot;fallbackimage&quot;:{&quot;url&quot;:&quot;https://www.continente.pt/dw/image/v2/BDVS_PRD/on/demandware.static/Sites-continente-Site/-/default/dw7c42b4da/images/noimagelarge_product.png?sw=87&amp;sh=80&quot;,&quot;title&quot;:&quot;Sopa de Feijão Verde&quot;,&quot;alt&quot;:&quot;Sopa de Feijão Verde&quot;},&quot;title&quot;:&quot;Sopa de Feijão Verde&quot;,&quot;alt&quot;:&quot;Sopa de Feijão Verde&quot;}"></div>
                    <div class="ct-tile-quantity-update quantity-update product-qty-vue" data-remove-action="https://www.continente.pt/on/demandware.store/Sites-continente-Site/default/Cart-RemoveProductLineItem" data-action="https://www.continente.pt/on/demandware.store/Sites-continente-Site/default/Cart-UpdateQuantity" data-dimension-update="https://www.continente.pt/on/demandware.store/Sites-continente-Site/default/Cart-DimensionUpdate" data-pid="7187991" data-uuid="da72d6ad3c8fa294c9c9d7d973" data-add-delay="500.0" data-measure-options="{&quot;hasConversionRate&quot;:true,&quot;hasAlternativeSaleUnit&quot;:false,&quot;primaryToSecondary&quot;:1,&quot;secondaryToPrimary&quot;:1,&quot;unitConversionRate&quot;:1,&quot;minOrderQuantity&quot;:1,&quot;stepQuantity&quot;:1,&quot;primaryunit&quot;:&quot;un&quot;,&quot;secondaryunit&quot;:&quot;kg&quot;,&quot;selectedunit&quot;:&quot;primary&quot;,&quot;maxNumberOfUnitsPerSale&quot;:50}" data-price-available="null" :data-has-error="isMaxQtyReached || isMinQtyReached || qtySelectedMoreThanOne">
                    <template v-show="prodUnits">
                    <div class="quantity-input-wrapper has-units">
                    <label class="visually-hidden" :for="'quantity-' + pid + additionalTag">
                    Quantidade no carrinho
                    </label>
                    <input :ref="'quantityInput-' + pid + additionalTag" class="add-to-cart-quantity form-control ct-form-input text-center" inputmode="numeric" :class="{'is-invalid': isInvalid}" :data-pid="pid + additionalTag" :name="'quantity-' + pid + additionalTag" type="text" aria-label="Insira a quantidade" title="" v-model="displayValue" @change="updateQuantity" @focus="updateQtyFormat" @blur="restoreQtyFormat" :disabled="!isPriceAvailable">
                    <span class="quantity-icon quantity-icon--minus">
                    <button class="decrease-quantity-btn" @click="updateQuantity" :disabled="!isPriceAvailable" role="button" aria-label="Reduzir quantidade">
                    <i class="css-math-minus"></i>
                    </button>
                    </span>
                    <span class="quantity-icon quantity-icon--plus">
                    <button class="increase-quantity-btn" @click="updateQuantity" :disabled="isMaxQtyReached || !isPriceAvailable" role="button" aria-label="Aumentar quantidade">
                    <i class="css-math-plus"></i>
                    </button>
                    <span class="quantity-btn-disabled-placeholder"></span>
                    </span>
                    <template v-if="isPDP">
                    <span class="quantity-error ct-span-error text-sm-center product-max-allocation" v-if="isMaxQtyReached">
                    Quantidade máxima atingida
                    </span>
                    <span class="quantity-error ct-span-product text-sm-center product-allocation" v-if="!isMinQtyReached &amp;&amp; !isMaxQtyReached">
                    {{quantitySelected}} no carrinho
                    </span>
                    <span class="quantity-error ct-span-error text-sm-center product-min-allocation" :data-pid="pid" v-if="isMinQtyReached &amp;&amp; !isMaxQtyReached">
                    Quantidade mínima atingida
                    </span>
                    </template>
                    </div>
                    <template v-if="showNotes">
                    <div class="add-note-link-container ">
                    <div class="add-note">
                    <a href="/produto/sopa-de-feijao-verde-continente-facil-bom-7187991.html?showNote=true" class="ct-add-note-redirect-pdp" aria-label="Adicionar comentário">
                    <span class="svg-wrapper svg-icon-notes" style="width:19px; height:20px">
                    <svg class="svg-inline icon-notes" viewBox="0 0 28 30" xmlns="http://www.w3.org/2000/svg" width="100%" height="100%"><path d="M21.738 0C22.985 0 24 1.04 24 2.319V12.47c0 .469-.37.848-.828.848-.457 0-.827-.38-.827-.848V2.32c0-.343-.273-.622-.607-.622H2.262c-.334 0-.607.279-.607.622V27.68c0 .343.273.622.607.622h7.81c.457 0 .827.38.827.849 0 .468-.37.848-.827.848h-7.81C1.015 30 0 28.96 0 27.681V2.32C0 1.04 1.015 0 2.262 0h19.476zm2.844 16.004l.227.007c.823.053 1.589.39 2.176.964.64.627.993 1.46.993 2.349 0 .888-.353 1.722-.993 2.348l-6.83 6.665c-.11.108-.247.186-.397.226l-5.032 1.363c-.078.021-.16.032-.241.032-.242 0-.478-.097-.647-.266-.23-.231-.314-.566-.218-.874l1.49-4.798c.044-.139.122-.266.227-.369l6.844-6.677c.64-.625 1.493-.97 2.401-.97zm-2.886 3.94l-4.922 4.802-.947 3.048 3.22-.872 4.897-4.78-2.248-2.197zm2.887-2.174c-.425 0-.824.162-1.124.455l-.484.472 2.248 2.197.484-.472c.62-.606.62-1.591 0-2.197l-.117-.104c-.283-.227-.636-.35-1.007-.35zm-10.839.022c.498 0 .904.396.904.883 0 .488-.406.884-.904.884H5.946c-.499 0-.904-.396-.904-.884 0-.487.405-.883.904-.883zm5.042-4.876c.498 0 .904.397.904.884s-.406.884-.904.884H5.946c-.499 0-.904-.397-.904-.884s.405-.884.904-.884zm0-4.875c.498 0 .904.396.904.884 0 .487-.406.883-.904.883H5.946c-.499 0-.904-.396-.904-.883 0-.488.405-.884.904-.884z" fill="#EB0203" fill-rule="evenodd"></path></svg>
                    </span>
                    <div class="available-note d-none"></div>
                    </a>
                    </div>
                    </div>
                    </template>
                    <div class="measurement-unit-section" v-if="isPriceAvailable &amp;&amp; prodUnits ? prodUnits.hasAlternativeUnit : false">
                    <div class="ct-form-radio" @click="setDimension">
                    <input type="radio" title="" class="ct-form-check-input product-measurement-unit" :data-type="prodUnits.selectedUnit == prodUnits.secondaryUnit ? 'primary' : ''" :id="prodUnits.secondaryUnit + '-' + pid + '-measurement-unit-ptile' + additionalTag" :name="'measurement-unit-' + pid + '-ptile' + additionalTag" :value="prodUnits.secondaryUnit" v-model="prodUnits.selectedUnit">
                    <label :class="prodUnits.secondaryUnit + '-label ct-form-check-label mb-0'" :for="prodUnits.secondaryUnit + '-' + pid + '-measurement-unit-ptile' + additionalTag">
                    {{prodUnits.secondaryUnit}}
                    </label>
                    <span class="checkmark"></span>
                    </div>
                    <div class="ct-form-radio" @click="setDimension">
                    <input type="radio" title="" class="ct-form-check-input product-measurement-unit" :data-type="prodUnits.selectedUnit == prodUnits.primaryUnit ? 'primary' : ''" :id="prodUnits.primaryUnit + '-' + pid + '-measurement-unit-ptile' + additionalTag" :name="'measurement-unit-' + pid + '-ptile' + additionalTag" :value="prodUnits.primaryUnit" v-model="prodUnits.selectedUnit">
                    <label :class="prodUnits.primaryUnit + '-label ct-form-check-label mb-0'" :for="prodUnits.primaryUnit + '-' + pid + '-measurement-unit-ptile' + additionalTag">
                    {{prodUnits.primaryUnit}}
                    </label>
                    <span class="checkmark"></span>
                    </div>
                    </div>
                    <template v-if="!isPDP &amp;&amp; isPriceAvailable">
                    <span class="quantity-error ct-span-error product-max-allocation" v-if="isMaxQtyReached">
                    Quantidade máxima atingida
                    </span>
                    <span class="quantity-error ct-span-product product-allocation" v-if="!isMinQtyReached &amp;&amp; !isMaxQtyReached">
                    {{quantitySelected}} no carrinho
                    </span>
                    <span class="quantity-error ct-span-error product-min-allocation" :data-pid="pid" v-if="isMinQtyReached &amp;&amp; !isMaxQtyReached">
                    Quantidade mínima atingida
                    </span>
                    </template>
                    </template>
                    </div>
                    <input class="quantity-value-mask d-none" name="quantity" type="number" min="0" value="">
                    </div>
                    <button type="button" class="add-to-cart button js-add-to-cart js-add-to-cart-tile 7187991 button--primary dynamic-layout-btn" data-toggle="modal" data-target="#chooseBonusProductModal" data-pid="7187991" data-quantity-value="null" aria-label="Carrinho">
                    <span class="d-block d-sm-none">
                    <span class="svg-wrapper svg-icon-cart" style="width:20px; height:20px">
                    <svg class="svg-inline icon-cart" xmlns="http://www.w3.org/2000/svg" viewBox="0 0 500 500" width="100%" height="100%"><path fill="#EB0203" fill-rule="evenodd" d="M 485.67317,94.386311 C 476.37798,83.847129 463.09468,78.03348 448.30404,78.03348 H 90.690813 L 87.079511,51.327997 C 83.185582,22.539551 62.962285,0 41.011841,0 H 14.727836 C 6.563151,0 0,6.5286975 0,14.580758 c 0,8.05206 6.5945535,14.580758 14.727836,14.580758 h 26.284005 c 4.710398,0 14.696435,9.855222 16.894619,26.021523 L 100.01739,368.0631 c 1.88416,13.77244 9.01256,26.70549 20.1605,36.37417 8.25889,7.15046 18.02511,11.9071 28.26237,13.89679 -4.17655,7.58572 -6.53175,16.25957 -6.53175,25.493 0,29.53459 24.27424,53.59751 54.13815,53.59751 29.8325,0 54.13814,-24.03184 54.13814,-53.59751 0,-8.79818 -2.19818,-17.09897 -5.9979,-24.43598 h 77.12488 c -3.79973,7.33701 -5.96652,15.6378 -5.96652,24.43598 0,29.53459 24.27424,53.59751 54.13817,53.59751 29.83249,0 54.13814,-24.03184 54.13814,-53.59751 0,-8.79818 -2.1982,-17.09897 -5.9979,-24.43598 h 38.56243 c 8.13328,0 14.72783,-6.5287 14.72783,-14.61183 0,-8.02098 -6.59455,-14.54967 -14.72783,-14.54967 H 159.24277 c -14.38241,0 -28.13677,-11.90711 -30.02092,-26.02153 l -3.07746,-22.88154 h 290.6314 c 14.03698,0 27.94834,-5.28513 39.06488,-14.95381 11.11652,-9.6376 18.27632,-22.57065 20.16048,-36.37417 l 21.10259,-156.78201 c 1.94694,-14.51858 -2.10398,-28.29103 -11.43057,-38.861299 z M 220.76053,443.82706 c 0,13.49265 -11.08513,24.46709 -24.68247,24.46709 -13.62874,0 -24.71387,-10.97444 -24.71387,-24.46709 0,-13.49262 11.08513,-24.43598 24.71387,-24.43598 13.59734,0 24.68247,10.94336 24.68247,24.43598 z m 173.43675,0 c 0,13.49265 -11.08512,24.46709 -24.68245,24.46709 -13.62876,0 -24.71388,-10.97444 -24.71388,-24.46709 0,-13.49262 11.08512,-24.43598 24.71388,-24.43598 13.59733,0 24.68245,10.94336 24.68245,24.43598 z m 73.7648,-314.46558 -21.13397,156.782 c -1.88416,14.11442 -15.63851,26.05261 -30.02091,26.05261 H 122.25046 L 94.616142,107.19499 H 448.33544 c 6.18632,0 11.61896,2.2695 15.23028,6.37326 3.64269,4.13484 5.21283,9.73086 4.39636,15.79323 z"></path></svg>
                    </span>
                    </span>
                    <span class="add-to-cart--text d-none d-sm-block">Carrinho</span>
                    </button>
                    </div>
                    </div>
                    </div>
                    </div>
                    
                    <div class="col-12 d-sm-none">
                    </div>
                    </div>
                    </div>
                    </div>
                    </div>
                    <div class="col-12 col-sm-3 col-lg-2 productTile" data-idx="4">
                    
                    <script type="text/javascript">//<!--
                    /* <![CDATA[ */
                    (function(){
                    try {
                        if(window.CQuotient) {
                        var cq_params = {};
                        
                        cq_params.cookieId = window.CQuotient.getCQCookieId();
                        cq_params.userId = window.CQuotient.getCQUserId();
                        cq_params.emailId = CQuotient.getCQHashedEmail();
                        cq_params.loginId = CQuotient.getCQHashedLogin();
                        cq_params.accumulate = true;
                        cq_params.products = [{
                            id: '5060950',
                            sku: ''
                        }];
                        cq_params.categoryId = 'refeicoes-faceis';
                        cq_params.refinements = '[{\"name\":\"priceMin\",\"value\":\"0.01\"},{\"name\":\"priceMax\",\"value\":\"null\"},{\"name\":\"curr\",\"value\":\"EUR\"},{\"name\":\"Category\",\"value\":\"refeicoes-faceis\"}]';
                        cq_params.personalized = 'false';
                        cq_params.sortingRule = 'FRESH-Refei\u00E7\u00F5es F\u00E1ceis';
                        cq_params.imageUUID = '__UNDEFINED__';
                        cq_params.realm = "BDVS";
                        cq_params.siteId = "continente";
                        cq_params.instanceType = "prd";
                        cq_params.queryLocale = "default";
                        cq_params.locale = window.CQuotient.locale;
                        
                        if(window.CQuotient.sendActivity)
                            window.CQuotient.sendActivity(CQuotient.clientId, 'viewCategory', cq_params);
                        else
                            window.CQuotient.activities.push({
                                activityType: 'viewCategory',
                                parameters: cq_params
                            });
                      }
                    } catch(err) {}
                    })();
                    /* ]]> */
                    // -->
                    </script>
                    <script type="text/javascript">//<!--
                    /* <![CDATA[ (viewCategoryProduct-active_data.js) */
                    (function(){
                    try {
                        if (dw.ac) {
                            var search_params = {};
                            search_params.persd = 'false';
                            search_params.refs = '[{\"name\":\"priceMin\",\"value\":\"0.01\"},{\"name\":\"priceMax\",\"value\":\"null\"},{\"name\":\"curr\",\"value\":\"EUR\"},{\"name\":\"Category\",\"value\":\"refeicoes-faceis\"}]';
                            search_params.sort = 'FRESH-Refei\u00E7\u00F5es F\u00E1ceis';
                            search_params.imageUUID = '';
                            search_params.searchID = 'adc2ebee-ded6-4d71-a833-c4f63de27d3e';
                            search_params.locale = 'default';
                            search_params.queryLocale = 'default';
                            search_params.showProducts = 'true';
                            dw.ac.applyContext({category: "refeicoes-faceis", searchData: search_params});
                            if (typeof dw.ac._scheduleDataSubmission === "function") {
                                dw.ac._scheduleDataSubmission();
                            }
                        }
                    } catch(err) {}
                    })();
                    /* ]]> */
                    // -->
                    </script>
                    <script type="text/javascript">//<!--
                    /* <![CDATA[ (viewProduct-active_data.js) */
                    dw.ac._capture({id: "5060950", type: "searchhit"});
                    /* ]]> */
                    // -->
                    </script>
                    <div class="product" data-pid="5060950">
                    <div class="product-tile pid-5060950 ct-product-tile data-layer-pushed" data-delay-time="3000" data-variants-mapping="[]" data-in-cart-msg="no carrinho" data-one-product-added="Adicionado ao carrinho" data-remove-from-cart-msg="Removido do carrinho" data-stay-open="6000.0" data-product-tile-impression="{&quot;name&quot;:&quot;5060950&quot;,&quot;id&quot;:&quot;5060950&quot;,&quot;price&quot;:3.99,&quot;brand&quot;:&quot;Rana&quot;,&quot;category&quot;:[{&quot;category_level_1&quot;:&quot;Take-Away&quot;},{&quot;category_level_2&quot;:&quot;Massas Frescas e Noodles&quot;},{&quot;category_level_3&quot;:&quot;Massas Simples e Recheadas&quot;}],&quot;variant&quot;:&quot;&quot;}">
                    <div class="ct-inner-tile-wrap row no-gutters justify-content-center align-content-start">
                    
                    <div class="ct-image-container col-4 col-sm" data-confirmation-image="{&quot;url&quot;:&quot;https://www.continente.pt/dw/image/v2/BDVS_PRD/on/demandware.static/-/Sites-col-master-catalog/default/dw3eda2385/images/col/506/5060950-frente.jpg?sw=87&amp;sh=80&quot;,&quot;fallbackimage&quot;:{&quot;url&quot;:&quot;https://www.continente.pt/dw/image/v2/BDVS_PRD/on/demandware.static/Sites-continente-Site/-/default/dw7c42b4da/images/noimagelarge_product.png?sw=87&amp;sh=80&quot;,&quot;title&quot;:&quot;Ravioli Fresco de Queijo de Cabra e Cebola Caramelizada&quot;,&quot;alt&quot;:&quot;Ravioli Fresco de Queijo de Cabra e Cebola Caramelizada&quot;},&quot;title&quot;:&quot;Ravioli Fresco de Queijo de Cabra e Cebola Caramelizada&quot;,&quot;alt&quot;:&quot;Ravioli Fresco de Queijo de Cabra e Cebola Caramelizada&quot;}">
                    <a href="https://www.continente.pt/produto/ravioli-fresco-de-queijo-de-cabra-e-cebola-caramelizada-rana-5060950.html?cgid=refeicoes-faceis">
                    <picture class="intrinsic intrinsic--square">
                    <img class="ct-tile-image lazyloaded" loading="lazy" onerror="this.onerror=null;this.src='/on/demandware.static/Sites-continente-Site/-/default/dw7c42b4da/images/noimagelarge_product.png';" data-src="https://www.continente.pt/dw/image/v2/BDVS_PRD/on/demandware.static/-/Sites-col-master-catalog/default/dw3eda2385/images/col/506/5060950-frente.jpg?sw=280&amp;sh=280" alt="Ravioli Fresco de Queijo de Cabra e Cebola Caramelizada" title="Ravioli Fresco de Queijo de Cabra e Cebola Caramelizada" src="https://www.continente.pt/dw/image/v2/BDVS_PRD/on/demandware.static/-/Sites-col-master-catalog/default/dw3eda2385/images/col/506/5060950-frente.jpg?sw=280&amp;sh=280">
                    </picture>
                    </a>
                    <div class="color-swatches d-flex" style="margin-left: 5px;">
                    <div class="swatches d-flex">
                    </div>
                    </div>
                    </div>
                    <div class="ct-tile-body col col-sm-auto ">
                    <div class="ct-pdp-details">
                    <div class="ct-pdp-link">
                    <a class="ct-tile--description" href="https://www.continente.pt/produto/ravioli-fresco-de-queijo-de-cabra-e-cebola-caramelizada-rana-5060950.html?cgid=refeicoes-faceis">Ravioli Fresco de Queijo de Cabra e Cebola Caramelizada</a>
                    <div class="ct-tile--favorite-top d-sm-none">
                    <button class="wishlist-toggler guest-mode inactive button button--tertiary" data-pid="5060950" data-add-url="https://www.continente.pt/on/demandware.store/Sites-continente-Site/default/Wishlist-AddProduct?pid=5060950" data-toggle="tooltip" aria-label="Adicionar aos favoritos " data-original-title="Adicionar aos favoritos" data-placement="top">
                    <svg class="active-content" width="100%" height="100%" viewBox="0 0 20 22" fill="none" xmlns="http://www.w3.org/2000/svg">
                    <path fill-rule="evenodd" clip-rule="evenodd" d="M0 1.53052C0 0.685236 0.692171 0 1.54601 0H15.0736C15.9274 0 16.6196 0.685235 16.6196 1.53052V13.4064L15.8127 13.922L14.2658 14.2658L12.7189 13.4064L10.6054 14.3818C10.4994 14.2451 10.3327 14.157 10.1452 14.157H6.76329C6.4431 14.157 6.18354 14.414 6.18354 14.731C6.18354 15.0479 6.4431 15.3049 6.76329 15.3049H10.1452C10.2478 15.3049 10.3441 15.2785 10.4277 15.2322L10.3126 16.8439L13.2345 20.2793H1.54601C0.69217 20.2793 0 19.5941 0 18.7488V1.53052ZM6.18354 5.5483C6.18354 5.23132 6.4431 4.97436 6.76329 4.97436H12.3676C12.6878 4.97436 12.9473 5.23132 12.9473 5.5483C12.9473 5.86528 12.6878 6.12224 12.3676 6.12224H6.76329C6.4431 6.12224 6.18354 5.86528 6.18354 5.5483ZM6.76329 11.0961C6.4431 11.0961 6.18354 11.3531 6.18354 11.6701C6.18354 11.987 6.4431 12.244 6.76329 12.244H12.3676C12.6878 12.244 12.9473 11.987 12.9473 11.6701C12.9473 11.3531 12.6878 11.0961 12.3676 11.0961H6.76329ZM6.18354 8.60985C6.18354 8.29287 6.4431 8.03591 6.76329 8.03591H12.3676C12.6878 8.03591 12.9473 8.29287 12.9473 8.60985C12.9473 8.92684 12.6878 9.1838 12.3676 9.1838H6.76329C6.4431 9.1838 6.18354 8.92684 6.18354 8.60985ZM3.67118 5.5483C3.67118 5.23132 3.93075 4.97436 4.25093 4.97436H4.63743C4.95762 4.97436 5.21719 5.23132 5.21719 5.5483C5.21719 5.86528 4.95762 6.12224 4.63743 6.12224H4.25093C3.93075 6.12224 3.67118 5.86528 3.67118 5.5483ZM4.25093 11.0961C3.93075 11.0961 3.67118 11.3531 3.67118 11.6701C3.67118 11.987 3.93075 12.244 4.25093 12.244H4.63743C4.95762 12.244 5.21719 11.987 5.21719 11.6701C5.21719 11.3531 4.95762 11.0961 4.63743 11.0961H4.25093ZM3.67118 8.60985C3.67118 8.29287 3.93075 8.03591 4.25093 8.03591H4.63743C4.95762 8.03591 5.21719 8.29287 5.21719 8.60985C5.21719 8.92684 4.95762 9.1838 4.63743 9.1838H4.25093C3.93075 9.1838 3.67118 8.92684 3.67118 8.60985ZM4.25093 14.157C3.93075 14.157 3.67118 14.414 3.67118 14.731C3.67118 15.0479 3.93075 15.3049 4.25093 15.3049H4.63743C4.95762 15.3049 5.21719 15.0479 5.21719 14.731C5.21719 14.414 4.95762 14.157 4.63743 14.157H4.25093Z" fill="#EB0203"></path>
                    <path fill-rule="evenodd" clip-rule="evenodd" d="M14.6252 13.6363C13.4918 12.6215 11.7817 12.5264 10.6569 13.4792C9.12421 14.7764 9.34841 16.8912 10.4409 18.0122L14.0159 21.6742C14.2197 21.8832 14.4928 22 14.7822 22C15.0737 22 15.3448 21.8852 15.5486 21.6762L19.1236 18.0142C20.214 16.8933 20.4423 14.7785 18.9075 13.4792C17.7827 12.5283 16.0724 12.6217 14.9391 13.6365C14.8855 13.6845 14.8331 13.7345 14.7822 13.7866C14.7313 13.7345 14.6789 13.6843 14.6252 13.6363ZM18.1546 14.3522C19.0973 15.1508 18.9962 16.4896 18.2891 17.2173C18.2888 17.2175 18.2886 17.2177 18.2884 17.218L14.7832 20.8084L11.2753 17.2151C11.2752 17.215 11.2751 17.2149 11.2749 17.2148C10.5677 16.4887 10.4678 15.1495 11.4104 14.3518L11.4108 14.3514C12.0745 13.7892 13.2018 13.82 13.9488 14.5846L14.7822 15.4378L15.6157 14.5846C16.3617 13.8211 17.4896 13.79 18.1545 14.3521" fill="#EB0203"></path>
                    </svg>
                    <svg class="inactive-content" width="100%" height="100%" viewBox="0 0 20 23" fill="none" xmlns="http://www.w3.org/2000/svg">
                    <path fill-rule="evenodd" clip-rule="evenodd" d="M6.18408 5.77914C6.18408 5.46223 6.44363 5.20532 6.7638 5.20532H12.3678C12.6879 5.20532 12.9475 5.46223 12.9475 5.77914C12.9475 6.09606 12.6879 6.35297 12.3678 6.35297H6.7638C6.44363 6.35297 6.18408 6.09606 6.18408 5.77914Z" fill="#EB0203"></path>
                    <path fill-rule="evenodd" clip-rule="evenodd" d="M6.18408 11.9034C6.18408 11.5865 6.44363 11.3296 6.7638 11.3296H12.3678C12.6879 11.3296 12.9475 11.5865 12.9475 11.9034C12.9475 12.2202 12.6879 12.4771 12.3678 12.4771H6.7638C6.44363 12.4771 6.18408 12.2202 6.18408 11.9034Z" fill="#EB0203"></path>
                    <path fill-rule="evenodd" clip-rule="evenodd" d="M6.18408 8.84116C6.18408 8.52424 6.44363 8.26733 6.7638 8.26733H12.3678C12.6879 8.26733 12.9475 8.52424 12.9475 8.84116C12.9475 9.15807 12.6879 9.41498 12.3678 9.41498H6.7638C6.44363 9.41498 6.18408 9.15807 6.18408 8.84116Z" fill="#EB0203"></path>
                    <path fill-rule="evenodd" clip-rule="evenodd" d="M6.18408 14.9655C6.18408 14.6486 6.44363 14.3917 6.7638 14.3917H10.1455C10.4657 14.3917 10.7252 14.6486 10.7252 14.9655C10.7252 15.2825 10.4657 15.5394 10.1455 15.5394H6.7638C6.44363 15.5394 6.18408 15.2825 6.18408 14.9655Z" fill="#EB0203"></path>
                    <path fill-rule="evenodd" clip-rule="evenodd" d="M3.67139 5.77914C3.67139 5.46223 3.93094 5.20532 4.25111 5.20532H4.63759C4.95776 5.20532 5.21731 5.46223 5.21731 5.77914C5.21731 6.09606 4.95776 6.35297 4.63759 6.35297H4.25111C3.93094 6.35297 3.67139 6.09606 3.67139 5.77914Z" fill="#EB0203"></path>
                    <path fill-rule="evenodd" clip-rule="evenodd" d="M3.67139 11.9034C3.67139 11.5865 3.93094 11.3296 4.25111 11.3296H4.63759C4.95776 11.3296 5.21731 11.5865 5.21731 11.9034C5.21731 12.2202 4.95776 12.4771 4.63759 12.4771H4.25111C3.93094 12.4771 3.67139 12.2202 3.67139 11.9034Z" fill="#EB0203"></path>
                    <path fill-rule="evenodd" clip-rule="evenodd" d="M3.67139 8.84116C3.67139 8.52424 3.93094 8.26733 4.25111 8.26733H4.63759C4.95776 8.26733 5.21731 8.52424 5.21731 8.84116C5.21731 9.15807 4.95776 9.41498 4.63759 9.41498H4.25111C3.93094 9.41498 3.67139 9.15807 3.67139 8.84116Z" fill="#EB0203"></path>
                    <path fill-rule="evenodd" clip-rule="evenodd" d="M3.67139 14.9655C3.67139 14.6486 3.93094 14.3917 4.25111 14.3917H4.63759C4.95776 14.3917 5.21731 14.6486 5.21731 14.9655C5.21731 15.2825 4.95776 15.5394 4.63759 15.5394H4.25111C3.93094 15.5394 3.67139 15.2825 3.67139 14.9655Z" fill="#EB0203"></path>
                    <path fill-rule="evenodd" clip-rule="evenodd" d="M0 1.76033C0 0.914738 0.692131 0.229248 1.54592 0.229248H15.0727C15.9265 0.229248 16.6186 0.914738 16.6186 1.76033V11.2818C16.6186 11.5989 16.3591 11.8559 16.0389 11.8559C15.7187 11.8559 15.4592 11.5989 15.4592 11.2818V1.76033C15.4592 1.54893 15.2862 1.37756 15.0727 1.37756H1.54592C1.33247 1.37756 1.15944 1.54893 1.15944 1.76033V18.985C1.15944 19.1964 1.33247 19.3678 1.54592 19.3678H9.27551C9.59568 19.3678 9.85523 19.6249 9.85523 19.942C9.85523 20.2591 9.59568 20.5161 9.27551 20.5161H1.54592C0.692131 20.5161 0 19.8306 0 18.985V1.76033Z" fill="#EB0203"></path>
                    <path fill-rule="evenodd" clip-rule="evenodd" d="M14.6254 13.8718C13.4921 12.8567 11.7821 12.7615 10.6574 13.7147C9.12472 15.0124 9.34891 17.128 10.4413 18.2493L14.0161 21.9126C14.2199 22.1217 14.493 22.2386 14.7824 22.2386C15.0739 22.2386 15.3449 22.1238 15.5487 21.9147L19.1235 18.2514C20.2139 17.13 20.4422 15.0144 18.9075 13.7147C17.7827 12.7634 16.0726 12.8569 14.9392 13.872C14.8856 13.92 14.8333 13.9701 14.7824 14.0222C14.7314 13.97 14.6791 13.9199 14.6254 13.8718ZM18.1546 14.588C19.0972 15.3869 18.9961 16.7262 18.2891 17.4541C18.2888 17.4543 18.2886 17.4546 18.2884 17.4548L14.7834 21.0466L11.2757 17.452C11.2756 17.4519 11.2755 17.4517 11.2753 17.4516C10.5681 16.7252 10.4682 15.3856 11.4108 14.5876L11.4112 14.5872C12.0748 14.0248 13.202 14.0556 13.949 14.8205L14.7824 15.674L15.6158 14.8205C16.3618 14.0567 17.4896 14.0256 18.1545 14.5879" fill="#EB0203"></path>
                    </svg>
                    </button>
                    </div>
                    </div>
                    <p class="ct-tile--brand">Rana</p>
                    <p class="ct-tile--quantity">emb. 250 gr</p>
                    </div>
                    <div class="ct-tile-bottom row no-gutters justify-content-between">
                    <div class="ct-price-wrap col-8 col-sm-12">
                    <div class="price js-product-price">
                    <div class="prices-wrapper">
                    <span class="sales ct-tile--price-primary ">
                    <span class="value" content="3.99">
                    <span class="ct-price-formatted">
                    €3,99
                    </span>
                    <span class="ct-m-unit">
                    /un
                    </span>
                    
                    </span>
                    </span>
                    </div>
                    <div class="ct-tile--price-secondary">
                    <span class="ct-price-value">
                    €15,96
                    </span>
                    <span class="ct-m-unit">
                    /kg
                    </span>
                    </div>
                    </div>
                    </div>
                    <div class="ct-tile-buy-section d-flex justify-content-center no-gutters col-auto col-sm-12">
                    <div class="col-2 d-sm-flex d-none">
                    <button class="wishlist-toggler guest-mode inactive button button--tertiary" data-pid="5060950" data-add-url="https://www.continente.pt/on/demandware.store/Sites-continente-Site/default/Wishlist-AddProduct?pid=5060950" data-toggle="tooltip" aria-label="Adicionar aos favoritos " data-original-title="Adicionar aos favoritos" data-placement="top">
                    <svg class="active-content" width="100%" height="100%" viewBox="0 0 20 22" fill="none" xmlns="http://www.w3.org/2000/svg">
                    <path fill-rule="evenodd" clip-rule="evenodd" d="M0 1.53052C0 0.685236 0.692171 0 1.54601 0H15.0736C15.9274 0 16.6196 0.685235 16.6196 1.53052V13.4064L15.8127 13.922L14.2658 14.2658L12.7189 13.4064L10.6054 14.3818C10.4994 14.2451 10.3327 14.157 10.1452 14.157H6.76329C6.4431 14.157 6.18354 14.414 6.18354 14.731C6.18354 15.0479 6.4431 15.3049 6.76329 15.3049H10.1452C10.2478 15.3049 10.3441 15.2785 10.4277 15.2322L10.3126 16.8439L13.2345 20.2793H1.54601C0.69217 20.2793 0 19.5941 0 18.7488V1.53052ZM6.18354 5.5483C6.18354 5.23132 6.4431 4.97436 6.76329 4.97436H12.3676C12.6878 4.97436 12.9473 5.23132 12.9473 5.5483C12.9473 5.86528 12.6878 6.12224 12.3676 6.12224H6.76329C6.4431 6.12224 6.18354 5.86528 6.18354 5.5483ZM6.76329 11.0961C6.4431 11.0961 6.18354 11.3531 6.18354 11.6701C6.18354 11.987 6.4431 12.244 6.76329 12.244H12.3676C12.6878 12.244 12.9473 11.987 12.9473 11.6701C12.9473 11.3531 12.6878 11.0961 12.3676 11.0961H6.76329ZM6.18354 8.60985C6.18354 8.29287 6.4431 8.03591 6.76329 8.03591H12.3676C12.6878 8.03591 12.9473 8.29287 12.9473 8.60985C12.9473 8.92684 12.6878 9.1838 12.3676 9.1838H6.76329C6.4431 9.1838 6.18354 8.92684 6.18354 8.60985ZM3.67118 5.5483C3.67118 5.23132 3.93075 4.97436 4.25093 4.97436H4.63743C4.95762 4.97436 5.21719 5.23132 5.21719 5.5483C5.21719 5.86528 4.95762 6.12224 4.63743 6.12224H4.25093C3.93075 6.12224 3.67118 5.86528 3.67118 5.5483ZM4.25093 11.0961C3.93075 11.0961 3.67118 11.3531 3.67118 11.6701C3.67118 11.987 3.93075 12.244 4.25093 12.244H4.63743C4.95762 12.244 5.21719 11.987 5.21719 11.6701C5.21719 11.3531 4.95762 11.0961 4.63743 11.0961H4.25093ZM3.67118 8.60985C3.67118 8.29287 3.93075 8.03591 4.25093 8.03591H4.63743C4.95762 8.03591 5.21719 8.29287 5.21719 8.60985C5.21719 8.92684 4.95762 9.1838 4.63743 9.1838H4.25093C3.93075 9.1838 3.67118 8.92684 3.67118 8.60985ZM4.25093 14.157C3.93075 14.157 3.67118 14.414 3.67118 14.731C3.67118 15.0479 3.93075 15.3049 4.25093 15.3049H4.63743C4.95762 15.3049 5.21719 15.0479 5.21719 14.731C5.21719 14.414 4.95762 14.157 4.63743 14.157H4.25093Z" fill="#EB0203"></path>
                    <path fill-rule="evenodd" clip-rule="evenodd" d="M14.6252 13.6363C13.4918 12.6215 11.7817 12.5264 10.6569 13.4792C9.12421 14.7764 9.34841 16.8912 10.4409 18.0122L14.0159 21.6742C14.2197 21.8832 14.4928 22 14.7822 22C15.0737 22 15.3448 21.8852 15.5486 21.6762L19.1236 18.0142C20.214 16.8933 20.4423 14.7785 18.9075 13.4792C17.7827 12.5283 16.0724 12.6217 14.9391 13.6365C14.8855 13.6845 14.8331 13.7345 14.7822 13.7866C14.7313 13.7345 14.6789 13.6843 14.6252 13.6363ZM18.1546 14.3522C19.0973 15.1508 18.9962 16.4896 18.2891 17.2173C18.2888 17.2175 18.2886 17.2177 18.2884 17.218L14.7832 20.8084L11.2753 17.2151C11.2752 17.215 11.2751 17.2149 11.2749 17.2148C10.5677 16.4887 10.4678 15.1495 11.4104 14.3518L11.4108 14.3514C12.0745 13.7892 13.2018 13.82 13.9488 14.5846L14.7822 15.4378L15.6157 14.5846C16.3617 13.8211 17.4896 13.79 18.1545 14.3521" fill="#EB0203"></path>
                    </svg>
                    <svg class="inactive-content" width="100%" height="100%" viewBox="0 0 20 23" fill="none" xmlns="http://www.w3.org/2000/svg">
                    <path fill-rule="evenodd" clip-rule="evenodd" d="M6.18408 5.77914C6.18408 5.46223 6.44363 5.20532 6.7638 5.20532H12.3678C12.6879 5.20532 12.9475 5.46223 12.9475 5.77914C12.9475 6.09606 12.6879 6.35297 12.3678 6.35297H6.7638C6.44363 6.35297 6.18408 6.09606 6.18408 5.77914Z" fill="#EB0203"></path>
                    <path fill-rule="evenodd" clip-rule="evenodd" d="M6.18408 11.9034C6.18408 11.5865 6.44363 11.3296 6.7638 11.3296H12.3678C12.6879 11.3296 12.9475 11.5865 12.9475 11.9034C12.9475 12.2202 12.6879 12.4771 12.3678 12.4771H6.7638C6.44363 12.4771 6.18408 12.2202 6.18408 11.9034Z" fill="#EB0203"></path>
                    <path fill-rule="evenodd" clip-rule="evenodd" d="M6.18408 8.84116C6.18408 8.52424 6.44363 8.26733 6.7638 8.26733H12.3678C12.6879 8.26733 12.9475 8.52424 12.9475 8.84116C12.9475 9.15807 12.6879 9.41498 12.3678 9.41498H6.7638C6.44363 9.41498 6.18408 9.15807 6.18408 8.84116Z" fill="#EB0203"></path>
                    <path fill-rule="evenodd" clip-rule="evenodd" d="M6.18408 14.9655C6.18408 14.6486 6.44363 14.3917 6.7638 14.3917H10.1455C10.4657 14.3917 10.7252 14.6486 10.7252 14.9655C10.7252 15.2825 10.4657 15.5394 10.1455 15.5394H6.7638C6.44363 15.5394 6.18408 15.2825 6.18408 14.9655Z" fill="#EB0203"></path>
                    <path fill-rule="evenodd" clip-rule="evenodd" d="M3.67139 5.77914C3.67139 5.46223 3.93094 5.20532 4.25111 5.20532H4.63759C4.95776 5.20532 5.21731 5.46223 5.21731 5.77914C5.21731 6.09606 4.95776 6.35297 4.63759 6.35297H4.25111C3.93094 6.35297 3.67139 6.09606 3.67139 5.77914Z" fill="#EB0203"></path>
                    <path fill-rule="evenodd" clip-rule="evenodd" d="M3.67139 11.9034C3.67139 11.5865 3.93094 11.3296 4.25111 11.3296H4.63759C4.95776 11.3296 5.21731 11.5865 5.21731 11.9034C5.21731 12.2202 4.95776 12.4771 4.63759 12.4771H4.25111C3.93094 12.4771 3.67139 12.2202 3.67139 11.9034Z" fill="#EB0203"></path>
                    <path fill-rule="evenodd" clip-rule="evenodd" d="M3.67139 8.84116C3.67139 8.52424 3.93094 8.26733 4.25111 8.26733H4.63759C4.95776 8.26733 5.21731 8.52424 5.21731 8.84116C5.21731 9.15807 4.95776 9.41498 4.63759 9.41498H4.25111C3.93094 9.41498 3.67139 9.15807 3.67139 8.84116Z" fill="#EB0203"></path>
                    <path fill-rule="evenodd" clip-rule="evenodd" d="M3.67139 14.9655C3.67139 14.6486 3.93094 14.3917 4.25111 14.3917H4.63759C4.95776 14.3917 5.21731 14.6486 5.21731 14.9655C5.21731 15.2825 4.95776 15.5394 4.63759 15.5394H4.25111C3.93094 15.5394 3.67139 15.2825 3.67139 14.9655Z" fill="#EB0203"></path>
                    <path fill-rule="evenodd" clip-rule="evenodd" d="M0 1.76033C0 0.914738 0.692131 0.229248 1.54592 0.229248H15.0727C15.9265 0.229248 16.6186 0.914738 16.6186 1.76033V11.2818C16.6186 11.5989 16.3591 11.8559 16.0389 11.8559C15.7187 11.8559 15.4592 11.5989 15.4592 11.2818V1.76033C15.4592 1.54893 15.2862 1.37756 15.0727 1.37756H1.54592C1.33247 1.37756 1.15944 1.54893 1.15944 1.76033V18.985C1.15944 19.1964 1.33247 19.3678 1.54592 19.3678H9.27551C9.59568 19.3678 9.85523 19.6249 9.85523 19.942C9.85523 20.2591 9.59568 20.5161 9.27551 20.5161H1.54592C0.692131 20.5161 0 19.8306 0 18.985V1.76033Z" fill="#EB0203"></path>
                    <path fill-rule="evenodd" clip-rule="evenodd" d="M14.6254 13.8718C13.4921 12.8567 11.7821 12.7615 10.6574 13.7147C9.12472 15.0124 9.34891 17.128 10.4413 18.2493L14.0161 21.9126C14.2199 22.1217 14.493 22.2386 14.7824 22.2386C15.0739 22.2386 15.3449 22.1238 15.5487 21.9147L19.1235 18.2514C20.2139 17.13 20.4422 15.0144 18.9075 13.7147C17.7827 12.7634 16.0726 12.8569 14.9392 13.872C14.8856 13.92 14.8333 13.9701 14.7824 14.0222C14.7314 13.97 14.6791 13.9199 14.6254 13.8718ZM18.1546 14.588C19.0972 15.3869 18.9961 16.7262 18.2891 17.4541C18.2888 17.4543 18.2886 17.4546 18.2884 17.4548L14.7834 21.0466L11.2757 17.452C11.2756 17.4519 11.2755 17.4517 11.2753 17.4516C10.5681 16.7252 10.4682 15.3856 11.4108 14.5876L11.4112 14.5872C12.0748 14.0248 13.202 14.0556 13.949 14.8205L14.7824 15.674L15.6158 14.8205C16.3618 14.0567 17.4896 14.0256 18.1545 14.5879" fill="#EB0203"></path>
                    </svg>
                    </button>
                    </div>
                     <div class="col-sm-10 col-12">
                    <div class="ct-tile-quantity d-none" data-pid="5060950">
                    <input type="hidden" class="add-to-cart-url" value="https://www.continente.pt/on/demandware.store/Sites-continente-Site/default/Cart-AddProduct">
                    <div class="d-none tile-delete-confirmation-btn" data-pid="5060950" data-delay-time="3000" data-in-cart-msg="no carrinho" data-one-product-added="Adicionado ao carrinho" data-remove-from-cart-msg="Removido do carrinho" data-stay-open="6000.0" data-confirmation-image="{&quot;url&quot;:&quot;https://www.continente.pt/dw/image/v2/BDVS_PRD/on/demandware.static/-/Sites-col-master-catalog/default/dw3eda2385/images/col/506/5060950-frente.jpg?sw=87&amp;sh=80&quot;,&quot;fallbackimage&quot;:{&quot;url&quot;:&quot;https://www.continente.pt/dw/image/v2/BDVS_PRD/on/demandware.static/Sites-continente-Site/-/default/dw7c42b4da/images/noimagelarge_product.png?sw=87&amp;sh=80&quot;,&quot;title&quot;:&quot;Ravioli Fresco de Queijo de Cabra e Cebola Caramelizada&quot;,&quot;alt&quot;:&quot;Ravioli Fresco de Queijo de Cabra e Cebola Caramelizada&quot;},&quot;title&quot;:&quot;Ravioli Fresco de Queijo de Cabra e Cebola Caramelizada&quot;,&quot;alt&quot;:&quot;Ravioli Fresco de Queijo de Cabra e Cebola Caramelizada&quot;}"></div>
                    <div class="ct-tile-quantity-update quantity-update product-qty-vue" data-remove-action="https://www.continente.pt/on/demandware.store/Sites-continente-Site/default/Cart-RemoveProductLineItem" data-action="https://www.continente.pt/on/demandware.store/Sites-continente-Site/default/Cart-UpdateQuantity" data-dimension-update="https://www.continente.pt/on/demandware.store/Sites-continente-Site/default/Cart-DimensionUpdate" data-pid="5060950" data-uuid="a5ccb2890ada8191886c8b1a1a" data-add-delay="500.0" data-measure-options="{&quot;hasConversionRate&quot;:true,&quot;hasAlternativeSaleUnit&quot;:false,&quot;primaryToSecondary&quot;:1,&quot;secondaryToPrimary&quot;:1,&quot;unitConversionRate&quot;:1,&quot;minOrderQuantity&quot;:1,&quot;stepQuantity&quot;:1,&quot;primaryunit&quot;:&quot;un&quot;,&quot;secondaryunit&quot;:&quot;kg&quot;,&quot;selectedunit&quot;:&quot;primary&quot;,&quot;maxNumberOfUnitsPerSale&quot;:50}" data-price-available="null" :data-has-error="isMaxQtyReached || isMinQtyReached || qtySelectedMoreThanOne">
                    <template v-show="prodUnits">
                    <div class="quantity-input-wrapper has-units">
                    <label class="visually-hidden" :for="'quantity-' + pid + additionalTag">
                    Quantidade no carrinho
                    </label>
                    <input :ref="'quantityInput-' + pid + additionalTag" class="add-to-cart-quantity form-control ct-form-input text-center" inputmode="numeric" :class="{'is-invalid': isInvalid}" :data-pid="pid + additionalTag" :name="'quantity-' + pid + additionalTag" type="text" aria-label="Insira a quantidade" title="" v-model="displayValue" @change="updateQuantity" @focus="updateQtyFormat" @blur="restoreQtyFormat" :disabled="!isPriceAvailable">
                    <span class="quantity-icon quantity-icon--minus">
                    <button class="decrease-quantity-btn" @click="updateQuantity" :disabled="!isPriceAvailable" role="button" aria-label="Reduzir quantidade">
                    <i class="css-math-minus"></i>
                    </button>
                    </span>
                    <span class="quantity-icon quantity-icon--plus">
                    <button class="increase-quantity-btn" @click="updateQuantity" :disabled="isMaxQtyReached || !isPriceAvailable" role="button" aria-label="Aumentar quantidade">
                    <i class="css-math-plus"></i>
                    </button>
                    <span class="quantity-btn-disabled-placeholder"></span>
                    </span>
                    <template v-if="isPDP">
                    <span class="quantity-error ct-span-error text-sm-center product-max-allocation" v-if="isMaxQtyReached">
                    Quantidade máxima atingida
                    </span>
                    <span class="quantity-error ct-span-product text-sm-center product-allocation" v-if="!isMinQtyReached &amp;&amp; !isMaxQtyReached">
                    {{quantitySelected}} no carrinho
                    </span>
                    <span class="quantity-error ct-span-error text-sm-center product-min-allocation" :data-pid="pid" v-if="isMinQtyReached &amp;&amp; !isMaxQtyReached">
                    Quantidade mínima atingida
                    </span>
                    </template>
                    </div>
                    <template v-if="showNotes">
                    <div class="add-note-link-container ">
                    <div class="add-note">
                    <a href="/produto/ravioli-fresco-de-queijo-de-cabra-e-cebola-caramelizada-rana-5060950.html?showNote=true" class="ct-add-note-redirect-pdp" aria-label="Adicionar comentário">
                    <span class="svg-wrapper svg-icon-notes" style="width:19px; height:20px">
                    <svg class="svg-inline icon-notes" viewBox="0 0 28 30" xmlns="http://www.w3.org/2000/svg" width="100%" height="100%"><path d="M21.738 0C22.985 0 24 1.04 24 2.319V12.47c0 .469-.37.848-.828.848-.457 0-.827-.38-.827-.848V2.32c0-.343-.273-.622-.607-.622H2.262c-.334 0-.607.279-.607.622V27.68c0 .343.273.622.607.622h7.81c.457 0 .827.38.827.849 0 .468-.37.848-.827.848h-7.81C1.015 30 0 28.96 0 27.681V2.32C0 1.04 1.015 0 2.262 0h19.476zm2.844 16.004l.227.007c.823.053 1.589.39 2.176.964.64.627.993 1.46.993 2.349 0 .888-.353 1.722-.993 2.348l-6.83 6.665c-.11.108-.247.186-.397.226l-5.032 1.363c-.078.021-.16.032-.241.032-.242 0-.478-.097-.647-.266-.23-.231-.314-.566-.218-.874l1.49-4.798c.044-.139.122-.266.227-.369l6.844-6.677c.64-.625 1.493-.97 2.401-.97zm-2.886 3.94l-4.922 4.802-.947 3.048 3.22-.872 4.897-4.78-2.248-2.197zm2.887-2.174c-.425 0-.824.162-1.124.455l-.484.472 2.248 2.197.484-.472c.62-.606.62-1.591 0-2.197l-.117-.104c-.283-.227-.636-.35-1.007-.35zm-10.839.022c.498 0 .904.396.904.883 0 .488-.406.884-.904.884H5.946c-.499 0-.904-.396-.904-.884 0-.487.405-.883.904-.883zm5.042-4.876c.498 0 .904.397.904.884s-.406.884-.904.884H5.946c-.499 0-.904-.397-.904-.884s.405-.884.904-.884zm0-4.875c.498 0 .904.396.904.884 0 .487-.406.883-.904.883H5.946c-.499 0-.904-.396-.904-.883 0-.488.405-.884.904-.884z" fill="#EB0203" fill-rule="evenodd"></path></svg>
                    </span>
                    <div class="available-note d-none"></div>
                    </a>
                    </div>
                    </div>
                    </template>
                    <div class="measurement-unit-section" v-if="isPriceAvailable &amp;&amp; prodUnits ? prodUnits.hasAlternativeUnit : false">
                    <div class="ct-form-radio" @click="setDimension">
                    <input type="radio" title="" class="ct-form-check-input product-measurement-unit" :data-type="prodUnits.selectedUnit == prodUnits.secondaryUnit ? 'primary' : ''" :id="prodUnits.secondaryUnit + '-' + pid + '-measurement-unit-ptile' + additionalTag" :name="'measurement-unit-' + pid + '-ptile' + additionalTag" :value="prodUnits.secondaryUnit" v-model="prodUnits.selectedUnit">
                    <label :class="prodUnits.secondaryUnit + '-label ct-form-check-label mb-0'" :for="prodUnits.secondaryUnit + '-' + pid + '-measurement-unit-ptile' + additionalTag">
                    {{prodUnits.secondaryUnit}}
                    </label>
                    <span class="checkmark"></span>
                    </div>
                    <div class="ct-form-radio" @click="setDimension">
                    <input type="radio" title="" class="ct-form-check-input product-measurement-unit" :data-type="prodUnits.selectedUnit == prodUnits.primaryUnit ? 'primary' : ''" :id="prodUnits.primaryUnit + '-' + pid + '-measurement-unit-ptile' + additionalTag" :name="'measurement-unit-' + pid + '-ptile' + additionalTag" :value="prodUnits.primaryUnit" v-model="prodUnits.selectedUnit">
                    <label :class="prodUnits.primaryUnit + '-label ct-form-check-label mb-0'" :for="prodUnits.primaryUnit + '-' + pid + '-measurement-unit-ptile' + additionalTag">
                    {{prodUnits.primaryUnit}}
                    </label>
                    <span class="checkmark"></span>
                    </div>
                    </div>
                    <template v-if="!isPDP &amp;&amp; isPriceAvailable">
                    <span class="quantity-error ct-span-error product-max-allocation" v-if="isMaxQtyReached">
                    Quantidade máxima atingida
                    </span>
                    <span class="quantity-error ct-span-product product-allocation" v-if="!isMinQtyReached &amp;&amp; !isMaxQtyReached">
                    {{quantitySelected}} no carrinho
                    </span>
                    <span class="quantity-error ct-span-error product-min-allocation" :data-pid="pid" v-if="isMinQtyReached &amp;&amp; !isMaxQtyReached">
                    Quantidade mínima atingida
                    </span>
                    </template>
                    </template>
                    </div>
                    <input class="quantity-value-mask d-none" name="quantity" type="number" min="0" value="">
                    </div>
                    <button type="button" class="add-to-cart button js-add-to-cart js-add-to-cart-tile 5060950 button--primary dynamic-layout-btn" data-toggle="modal" data-target="#chooseBonusProductModal" data-pid="5060950" data-quantity-value="null" aria-label="Carrinho">
                    <span class="d-block d-sm-none">
                    <span class="svg-wrapper svg-icon-cart" style="width:20px; height:20px">
                    <svg class="svg-inline icon-cart" xmlns="http://www.w3.org/2000/svg" viewBox="0 0 500 500" width="100%" height="100%"><path fill="#EB0203" fill-rule="evenodd" d="M 485.67317,94.386311 C 476.37798,83.847129 463.09468,78.03348 448.30404,78.03348 H 90.690813 L 87.079511,51.327997 C 83.185582,22.539551 62.962285,0 41.011841,0 H 14.727836 C 6.563151,0 0,6.5286975 0,14.580758 c 0,8.05206 6.5945535,14.580758 14.727836,14.580758 h 26.284005 c 4.710398,0 14.696435,9.855222 16.894619,26.021523 L 100.01739,368.0631 c 1.88416,13.77244 9.01256,26.70549 20.1605,36.37417 8.25889,7.15046 18.02511,11.9071 28.26237,13.89679 -4.17655,7.58572 -6.53175,16.25957 -6.53175,25.493 0,29.53459 24.27424,53.59751 54.13815,53.59751 29.8325,0 54.13814,-24.03184 54.13814,-53.59751 0,-8.79818 -2.19818,-17.09897 -5.9979,-24.43598 h 77.12488 c -3.79973,7.33701 -5.96652,15.6378 -5.96652,24.43598 0,29.53459 24.27424,53.59751 54.13817,53.59751 29.83249,0 54.13814,-24.03184 54.13814,-53.59751 0,-8.79818 -2.1982,-17.09897 -5.9979,-24.43598 h 38.56243 c 8.13328,0 14.72783,-6.5287 14.72783,-14.61183 0,-8.02098 -6.59455,-14.54967 -14.72783,-14.54967 H 159.24277 c -14.38241,0 -28.13677,-11.90711 -30.02092,-26.02153 l -3.07746,-22.88154 h 290.6314 c 14.03698,0 27.94834,-5.28513 39.06488,-14.95381 11.11652,-9.6376 18.27632,-22.57065 20.16048,-36.37417 l 21.10259,-156.78201 c 1.94694,-14.51858 -2.10398,-28.29103 -11.43057,-38.861299 z M 220.76053,443.82706 c 0,13.49265 -11.08513,24.46709 -24.68247,24.46709 -13.62874,0 -24.71387,-10.97444 -24.71387,-24.46709 0,-13.49262 11.08513,-24.43598 24.71387,-24.43598 13.59734,0 24.68247,10.94336 24.68247,24.43598 z m 173.43675,0 c 0,13.49265 -11.08512,24.46709 -24.68245,24.46709 -13.62876,0 -24.71388,-10.97444 -24.71388,-24.46709 0,-13.49262 11.08512,-24.43598 24.71388,-24.43598 13.59733,0 24.68245,10.94336 24.68245,24.43598 z m 73.7648,-314.46558 -21.13397,156.782 c -1.88416,14.11442 -15.63851,26.05261 -30.02091,26.05261 H 122.25046 L 94.616142,107.19499 H 448.33544 c 6.18632,0 11.61896,2.2695 15.23028,6.37326 3.64269,4.13484 5.21283,9.73086 4.39636,15.79323 z"></path></svg>
                    </span>
                    </span>
                    <span class="add-to-cart--text d-none d-sm-block">Carrinho</span>
                    </button>
                    </div>
                    </div>
                    </div>
                    </div>
                    
                    <div class="col-12 d-sm-none">
                    </div>
                    </div>
                    </div>
                    </div>
                    </div>
                    <div class="col-12 col-sm-3 col-lg-2 productTile" data-idx="5">
                    
                    <script type="text/javascript">//<!--
                    /* <![CDATA[ */
                    (function(){
                    try {
                        if(window.CQuotient) {
                        var cq_params = {};
                        
                        cq_params.cookieId = window.CQuotient.getCQCookieId();
                        cq_params.userId = window.CQuotient.getCQUserId();
                        cq_params.emailId = CQuotient.getCQHashedEmail();
                        cq_params.loginId = CQuotient.getCQHashedLogin();
                        cq_params.accumulate = true;
                        cq_params.products = [{
                            id: '6063220',
                            sku: ''
                        }];
                        cq_params.categoryId = 'refeicoes-faceis';
                        cq_params.refinements = '[{\"name\":\"priceMin\",\"value\":\"0.01\"},{\"name\":\"priceMax\",\"value\":\"null\"},{\"name\":\"curr\",\"value\":\"EUR\"},{\"name\":\"Category\",\"value\":\"refeicoes-faceis\"}]';
                        cq_params.personalized = 'false';
                        cq_params.sortingRule = 'FRESH-Refei\u00E7\u00F5es F\u00E1ceis';
                        cq_params.imageUUID = '__UNDEFINED__';
                        cq_params.realm = "BDVS";
                        cq_params.siteId = "continente";
                        cq_params.instanceType = "prd";
                        cq_params.queryLocale = "default";
                        cq_params.locale = window.CQuotient.locale;
                        
                        if(window.CQuotient.sendActivity)
                            window.CQuotient.sendActivity(CQuotient.clientId, 'viewCategory', cq_params);
                        else
                            window.CQuotient.activities.push({
                                activityType: 'viewCategory',
                                parameters: cq_params
                            });
                      }
                    } catch(err) {}
                    })();
                    /* ]]> */
                    // -->
                    </script>
                    <script type="text/javascript">//<!--
                    /* <![CDATA[ (viewCategoryProduct-active_data.js) */
                    (function(){
                    try {
                        if (dw.ac) {
                            var search_params = {};
                            search_params.persd = 'false';
                            search_params.refs = '[{\"name\":\"priceMin\",\"value\":\"0.01\"},{\"name\":\"priceMax\",\"value\":\"null\"},{\"name\":\"curr\",\"value\":\"EUR\"},{\"name\":\"Category\",\"value\":\"refeicoes-faceis\"}]';
                            search_params.sort = 'FRESH-Refei\u00E7\u00F5es F\u00E1ceis';
                            search_params.imageUUID = '';
                            search_params.searchID = 'adc2ebee-ded6-4d71-a833-c4f63de27d3e';
                            search_params.locale = 'default';
                            search_params.queryLocale = 'default';
                            search_params.showProducts = 'true';
                            dw.ac.applyContext({category: "refeicoes-faceis", searchData: search_params});
                            if (typeof dw.ac._scheduleDataSubmission === "function") {
                                dw.ac._scheduleDataSubmission();
                            }
                        }
                    } catch(err) {}
                    })();
                    /* ]]> */
                    // -->
                    </script>
                    <script type="text/javascript">//<!--
                    /* <![CDATA[ (viewProduct-active_data.js) */
                    dw.ac._capture({id: "6063220", type: "searchhit"});
                    /* ]]> */
                    // -->
                    </script>
                    <div class="product" data-pid="6063220">
                    <div class="product-tile pid-6063220 ct-product-tile data-layer-pushed" data-delay-time="3000" data-variants-mapping="[]" data-in-cart-msg="no carrinho" data-one-product-added="Adicionado ao carrinho" data-remove-from-cart-msg="Removido do carrinho" data-stay-open="6000.0" data-product-tile-impression="{&quot;name&quot;:&quot;6063220&quot;,&quot;id&quot;:&quot;6063220&quot;,&quot;price&quot;:3.69,&quot;brand&quot;:&quot;Rana&quot;,&quot;category&quot;:[{&quot;category_level_1&quot;:&quot;Take-Away&quot;},{&quot;category_level_2&quot;:&quot;Massas Frescas e Noodles&quot;},{&quot;category_level_3&quot;:&quot;Massas Simples e Recheadas&quot;}],&quot;variant&quot;:&quot;&quot;}">
                    <div class="ct-inner-tile-wrap row no-gutters justify-content-center align-content-start">
                    
                    <div class="ct-image-container col-4 col-sm" data-confirmation-image="{&quot;url&quot;:&quot;https://www.continente.pt/dw/image/v2/BDVS_PRD/on/demandware.static/-/Sites-col-master-catalog/default/dw34a3aa46/images/col/606/6063220-frente.jpg?sw=87&amp;sh=80&quot;,&quot;fallbackimage&quot;:{&quot;url&quot;:&quot;https://www.continente.pt/dw/image/v2/BDVS_PRD/on/demandware.static/Sites-continente-Site/-/default/dw7c42b4da/images/noimagelarge_product.png?sw=87&amp;sh=80&quot;,&quot;title&quot;:&quot;Tortellini Fresco de Beringela e Tomate&quot;,&quot;alt&quot;:&quot;Tortellini Fresco de Beringela e Tomate&quot;},&quot;title&quot;:&quot;Tortellini Fresco de Beringela e Tomate&quot;,&quot;alt&quot;:&quot;Tortellini Fresco de Beringela e Tomate&quot;}">
                    <a href="https://www.continente.pt/produto/tortellini-fresco-de-beringela-e-tomate-rana-6063220.html?cgid=refeicoes-faceis">
                    <picture class="intrinsic intrinsic--square">
                    <img class="ct-tile-image lazyloaded" loading="lazy" onerror="this.onerror=null;this.src='/on/demandware.static/Sites-continente-Site/-/default/dw7c42b4da/images/noimagelarge_product.png';" data-src="https://www.continente.pt/dw/image/v2/BDVS_PRD/on/demandware.static/-/Sites-col-master-catalog/default/dw34a3aa46/images/col/606/6063220-frente.jpg?sw=280&amp;sh=280" alt="Tortellini Fresco de Beringela e Tomate" title="Tortellini Fresco de Beringela e Tomate" src="https://www.continente.pt/dw/image/v2/BDVS_PRD/on/demandware.static/-/Sites-col-master-catalog/default/dw34a3aa46/images/col/606/6063220-frente.jpg?sw=280&amp;sh=280">
                    </picture>
                    </a>
                    <div class="color-swatches d-flex" style="margin-left: 5px;">
                    <div class="swatches d-flex">
                    </div>
                    </div>
                    </div>
                    <div class="ct-tile-body col col-sm-auto ">
                    <div class="ct-pdp-details">
                    <div class="ct-pdp-link">
                    <a class="ct-tile--description" href="https://www.continente.pt/produto/tortellini-fresco-de-beringela-e-tomate-rana-6063220.html?cgid=refeicoes-faceis">Tortellini Fresco de Beringela e Tomate</a>
                    <div class="ct-tile--favorite-top d-sm-none">
                    <button class="wishlist-toggler guest-mode inactive button button--tertiary" data-pid="6063220" data-add-url="https://www.continente.pt/on/demandware.store/Sites-continente-Site/default/Wishlist-AddProduct?pid=6063220" data-toggle="tooltip" aria-label="Adicionar aos favoritos " data-original-title="Adicionar aos favoritos" data-placement="top">
                    <svg class="active-content" width="100%" height="100%" viewBox="0 0 20 22" fill="none" xmlns="http://www.w3.org/2000/svg">
                    <path fill-rule="evenodd" clip-rule="evenodd" d="M0 1.53052C0 0.685236 0.692171 0 1.54601 0H15.0736C15.9274 0 16.6196 0.685235 16.6196 1.53052V13.4064L15.8127 13.922L14.2658 14.2658L12.7189 13.4064L10.6054 14.3818C10.4994 14.2451 10.3327 14.157 10.1452 14.157H6.76329C6.4431 14.157 6.18354 14.414 6.18354 14.731C6.18354 15.0479 6.4431 15.3049 6.76329 15.3049H10.1452C10.2478 15.3049 10.3441 15.2785 10.4277 15.2322L10.3126 16.8439L13.2345 20.2793H1.54601C0.69217 20.2793 0 19.5941 0 18.7488V1.53052ZM6.18354 5.5483C6.18354 5.23132 6.4431 4.97436 6.76329 4.97436H12.3676C12.6878 4.97436 12.9473 5.23132 12.9473 5.5483C12.9473 5.86528 12.6878 6.12224 12.3676 6.12224H6.76329C6.4431 6.12224 6.18354 5.86528 6.18354 5.5483ZM6.76329 11.0961C6.4431 11.0961 6.18354 11.3531 6.18354 11.6701C6.18354 11.987 6.4431 12.244 6.76329 12.244H12.3676C12.6878 12.244 12.9473 11.987 12.9473 11.6701C12.9473 11.3531 12.6878 11.0961 12.3676 11.0961H6.76329ZM6.18354 8.60985C6.18354 8.29287 6.4431 8.03591 6.76329 8.03591H12.3676C12.6878 8.03591 12.9473 8.29287 12.9473 8.60985C12.9473 8.92684 12.6878 9.1838 12.3676 9.1838H6.76329C6.4431 9.1838 6.18354 8.92684 6.18354 8.60985ZM3.67118 5.5483C3.67118 5.23132 3.93075 4.97436 4.25093 4.97436H4.63743C4.95762 4.97436 5.21719 5.23132 5.21719 5.5483C5.21719 5.86528 4.95762 6.12224 4.63743 6.12224H4.25093C3.93075 6.12224 3.67118 5.86528 3.67118 5.5483ZM4.25093 11.0961C3.93075 11.0961 3.67118 11.3531 3.67118 11.6701C3.67118 11.987 3.93075 12.244 4.25093 12.244H4.63743C4.95762 12.244 5.21719 11.987 5.21719 11.6701C5.21719 11.3531 4.95762 11.0961 4.63743 11.0961H4.25093ZM3.67118 8.60985C3.67118 8.29287 3.93075 8.03591 4.25093 8.03591H4.63743C4.95762 8.03591 5.21719 8.29287 5.21719 8.60985C5.21719 8.92684 4.95762 9.1838 4.63743 9.1838H4.25093C3.93075 9.1838 3.67118 8.92684 3.67118 8.60985ZM4.25093 14.157C3.93075 14.157 3.67118 14.414 3.67118 14.731C3.67118 15.0479 3.93075 15.3049 4.25093 15.3049H4.63743C4.95762 15.3049 5.21719 15.0479 5.21719 14.731C5.21719 14.414 4.95762 14.157 4.63743 14.157H4.25093Z" fill="#EB0203"></path>
                    <path fill-rule="evenodd" clip-rule="evenodd" d="M14.6252 13.6363C13.4918 12.6215 11.7817 12.5264 10.6569 13.4792C9.12421 14.7764 9.34841 16.8912 10.4409 18.0122L14.0159 21.6742C14.2197 21.8832 14.4928 22 14.7822 22C15.0737 22 15.3448 21.8852 15.5486 21.6762L19.1236 18.0142C20.214 16.8933 20.4423 14.7785 18.9075 13.4792C17.7827 12.5283 16.0724 12.6217 14.9391 13.6365C14.8855 13.6845 14.8331 13.7345 14.7822 13.7866C14.7313 13.7345 14.6789 13.6843 14.6252 13.6363ZM18.1546 14.3522C19.0973 15.1508 18.9962 16.4896 18.2891 17.2173C18.2888 17.2175 18.2886 17.2177 18.2884 17.218L14.7832 20.8084L11.2753 17.2151C11.2752 17.215 11.2751 17.2149 11.2749 17.2148C10.5677 16.4887 10.4678 15.1495 11.4104 14.3518L11.4108 14.3514C12.0745 13.7892 13.2018 13.82 13.9488 14.5846L14.7822 15.4378L15.6157 14.5846C16.3617 13.8211 17.4896 13.79 18.1545 14.3521" fill="#EB0203"></path>
                    </svg>
                    <svg class="inactive-content" width="100%" height="100%" viewBox="0 0 20 23" fill="none" xmlns="http://www.w3.org/2000/svg">
                    <path fill-rule="evenodd" clip-rule="evenodd" d="M6.18408 5.77914C6.18408 5.46223 6.44363 5.20532 6.7638 5.20532H12.3678C12.6879 5.20532 12.9475 5.46223 12.9475 5.77914C12.9475 6.09606 12.6879 6.35297 12.3678 6.35297H6.7638C6.44363 6.35297 6.18408 6.09606 6.18408 5.77914Z" fill="#EB0203"></path>
                    <path fill-rule="evenodd" clip-rule="evenodd" d="M6.18408 11.9034C6.18408 11.5865 6.44363 11.3296 6.7638 11.3296H12.3678C12.6879 11.3296 12.9475 11.5865 12.9475 11.9034C12.9475 12.2202 12.6879 12.4771 12.3678 12.4771H6.7638C6.44363 12.4771 6.18408 12.2202 6.18408 11.9034Z" fill="#EB0203"></path>
                    <path fill-rule="evenodd" clip-rule="evenodd" d="M6.18408 8.84116C6.18408 8.52424 6.44363 8.26733 6.7638 8.26733H12.3678C12.6879 8.26733 12.9475 8.52424 12.9475 8.84116C12.9475 9.15807 12.6879 9.41498 12.3678 9.41498H6.7638C6.44363 9.41498 6.18408 9.15807 6.18408 8.84116Z" fill="#EB0203"></path>
                    <path fill-rule="evenodd" clip-rule="evenodd" d="M6.18408 14.9655C6.18408 14.6486 6.44363 14.3917 6.7638 14.3917H10.1455C10.4657 14.3917 10.7252 14.6486 10.7252 14.9655C10.7252 15.2825 10.4657 15.5394 10.1455 15.5394H6.7638C6.44363 15.5394 6.18408 15.2825 6.18408 14.9655Z" fill="#EB0203"></path>
                    <path fill-rule="evenodd" clip-rule="evenodd" d="M3.67139 5.77914C3.67139 5.46223 3.93094 5.20532 4.25111 5.20532H4.63759C4.95776 5.20532 5.21731 5.46223 5.21731 5.77914C5.21731 6.09606 4.95776 6.35297 4.63759 6.35297H4.25111C3.93094 6.35297 3.67139 6.09606 3.67139 5.77914Z" fill="#EB0203"></path>
                    <path fill-rule="evenodd" clip-rule="evenodd" d="M3.67139 11.9034C3.67139 11.5865 3.93094 11.3296 4.25111 11.3296H4.63759C4.95776 11.3296 5.21731 11.5865 5.21731 11.9034C5.21731 12.2202 4.95776 12.4771 4.63759 12.4771H4.25111C3.93094 12.4771 3.67139 12.2202 3.67139 11.9034Z" fill="#EB0203"></path>
                    <path fill-rule="evenodd" clip-rule="evenodd" d="M3.67139 8.84116C3.67139 8.52424 3.93094 8.26733 4.25111 8.26733H4.63759C4.95776 8.26733 5.21731 8.52424 5.21731 8.84116C5.21731 9.15807 4.95776 9.41498 4.63759 9.41498H4.25111C3.93094 9.41498 3.67139 9.15807 3.67139 8.84116Z" fill="#EB0203"></path>
                    <path fill-rule="evenodd" clip-rule="evenodd" d="M3.67139 14.9655C3.67139 14.6486 3.93094 14.3917 4.25111 14.3917H4.63759C4.95776 14.3917 5.21731 14.6486 5.21731 14.9655C5.21731 15.2825 4.95776 15.5394 4.63759 15.5394H4.25111C3.93094 15.5394 3.67139 15.2825 3.67139 14.9655Z" fill="#EB0203"></path>
                    <path fill-rule="evenodd" clip-rule="evenodd" d="M0 1.76033C0 0.914738 0.692131 0.229248 1.54592 0.229248H15.0727C15.9265 0.229248 16.6186 0.914738 16.6186 1.76033V11.2818C16.6186 11.5989 16.3591 11.8559 16.0389 11.8559C15.7187 11.8559 15.4592 11.5989 15.4592 11.2818V1.76033C15.4592 1.54893 15.2862 1.37756 15.0727 1.37756H1.54592C1.33247 1.37756 1.15944 1.54893 1.15944 1.76033V18.985C1.15944 19.1964 1.33247 19.3678 1.54592 19.3678H9.27551C9.59568 19.3678 9.85523 19.6249 9.85523 19.942C9.85523 20.2591 9.59568 20.5161 9.27551 20.5161H1.54592C0.692131 20.5161 0 19.8306 0 18.985V1.76033Z" fill="#EB0203"></path>
                    <path fill-rule="evenodd" clip-rule="evenodd" d="M14.6254 13.8718C13.4921 12.8567 11.7821 12.7615 10.6574 13.7147C9.12472 15.0124 9.34891 17.128 10.4413 18.2493L14.0161 21.9126C14.2199 22.1217 14.493 22.2386 14.7824 22.2386C15.0739 22.2386 15.3449 22.1238 15.5487 21.9147L19.1235 18.2514C20.2139 17.13 20.4422 15.0144 18.9075 13.7147C17.7827 12.7634 16.0726 12.8569 14.9392 13.872C14.8856 13.92 14.8333 13.9701 14.7824 14.0222C14.7314 13.97 14.6791 13.9199 14.6254 13.8718ZM18.1546 14.588C19.0972 15.3869 18.9961 16.7262 18.2891 17.4541C18.2888 17.4543 18.2886 17.4546 18.2884 17.4548L14.7834 21.0466L11.2757 17.452C11.2756 17.4519 11.2755 17.4517 11.2753 17.4516C10.5681 16.7252 10.4682 15.3856 11.4108 14.5876L11.4112 14.5872C12.0748 14.0248 13.202 14.0556 13.949 14.8205L14.7824 15.674L15.6158 14.8205C16.3618 14.0567 17.4896 14.0256 18.1545 14.5879" fill="#EB0203"></path>
                    </svg>
                    </button>
                    </div>
                    </div>
                    <p class="ct-tile--brand">Rana</p>
                    <p class="ct-tile--quantity">emb. 250 gr</p>
                    </div>
                    <div class="ct-tile-bottom row no-gutters justify-content-between">
                    <div class="ct-price-wrap col-8 col-sm-12">
                    <div class="price js-product-price">
                    <div class="prices-wrapper">
                    <span class="sales ct-tile--price-primary ">
                    <span class="value" content="3.69">
                    <span class="ct-price-formatted">
                    €3,69
                    </span>
                    <span class="ct-m-unit">
                    /un
                    </span>
                    </span>
                    </span>
                    </div>
                    <div class="ct-tile--price-secondary">
                    <span class="ct-price-value">
                    €14,76
                    </span>
                    <span class="ct-m-unit">
                    /kg
                    </span>
                    </div>
                    </div>
                    </div>
                    <div class="ct-tile-buy-section d-flex justify-content-center no-gutters col-auto col-sm-12">
                    <div class="col-2 d-sm-flex d-none">
                    <button class="wishlist-toggler guest-mode inactive button button--tertiary" data-pid="6063220" data-add-url="https://www.continente.pt/on/demandware.store/Sites-continente-Site/default/Wishlist-AddProduct?pid=6063220" data-toggle="tooltip" aria-label="Adicionar aos favoritos " data-original-title="Adicionar aos favoritos" data-placement="top">
                    <svg class="active-content" width="100%" height="100%" viewBox="0 0 20 22" fill="none" xmlns="http://www.w3.org/2000/svg">
                    <path fill-rule="evenodd" clip-rule="evenodd" d="M0 1.53052C0 0.685236 0.692171 0 1.54601 0H15.0736C15.9274 0 16.6196 0.685235 16.6196 1.53052V13.4064L15.8127 13.922L14.2658 14.2658L12.7189 13.4064L10.6054 14.3818C10.4994 14.2451 10.3327 14.157 10.1452 14.157H6.76329C6.4431 14.157 6.18354 14.414 6.18354 14.731C6.18354 15.0479 6.4431 15.3049 6.76329 15.3049H10.1452C10.2478 15.3049 10.3441 15.2785 10.4277 15.2322L10.3126 16.8439L13.2345 20.2793H1.54601C0.69217 20.2793 0 19.5941 0 18.7488V1.53052ZM6.18354 5.5483C6.18354 5.23132 6.4431 4.97436 6.76329 4.97436H12.3676C12.6878 4.97436 12.9473 5.23132 12.9473 5.5483C12.9473 5.86528 12.6878 6.12224 12.3676 6.12224H6.76329C6.4431 6.12224 6.18354 5.86528 6.18354 5.5483ZM6.76329 11.0961C6.4431 11.0961 6.18354 11.3531 6.18354 11.6701C6.18354 11.987 6.4431 12.244 6.76329 12.244H12.3676C12.6878 12.244 12.9473 11.987 12.9473 11.6701C12.9473 11.3531 12.6878 11.0961 12.3676 11.0961H6.76329ZM6.18354 8.60985C6.18354 8.29287 6.4431 8.03591 6.76329 8.03591H12.3676C12.6878 8.03591 12.9473 8.29287 12.9473 8.60985C12.9473 8.92684 12.6878 9.1838 12.3676 9.1838H6.76329C6.4431 9.1838 6.18354 8.92684 6.18354 8.60985ZM3.67118 5.5483C3.67118 5.23132 3.93075 4.97436 4.25093 4.97436H4.63743C4.95762 4.97436 5.21719 5.23132 5.21719 5.5483C5.21719 5.86528 4.95762 6.12224 4.63743 6.12224H4.25093C3.93075 6.12224 3.67118 5.86528 3.67118 5.5483ZM4.25093 11.0961C3.93075 11.0961 3.67118 11.3531 3.67118 11.6701C3.67118 11.987 3.93075 12.244 4.25093 12.244H4.63743C4.95762 12.244 5.21719 11.987 5.21719 11.6701C5.21719 11.3531 4.95762 11.0961 4.63743 11.0961H4.25093ZM3.67118 8.60985C3.67118 8.29287 3.93075 8.03591 4.25093 8.03591H4.63743C4.95762 8.03591 5.21719 8.29287 5.21719 8.60985C5.21719 8.92684 4.95762 9.1838 4.63743 9.1838H4.25093C3.93075 9.1838 3.67118 8.92684 3.67118 8.60985ZM4.25093 14.157C3.93075 14.157 3.67118 14.414 3.67118 14.731C3.67118 15.0479 3.93075 15.3049 4.25093 15.3049H4.63743C4.95762 15.3049 5.21719 15.0479 5.21719 14.731C5.21719 14.414 4.95762 14.157 4.63743 14.157H4.25093Z" fill="#EB0203"></path>
                    <path fill-rule="evenodd" clip-rule="evenodd" d="M14.6252 13.6363C13.4918 12.6215 11.7817 12.5264 10.6569 13.4792C9.12421 14.7764 9.34841 16.8912 10.4409 18.0122L14.0159 21.6742C14.2197 21.8832 14.4928 22 14.7822 22C15.0737 22 15.3448 21.8852 15.5486 21.6762L19.1236 18.0142C20.214 16.8933 20.4423 14.7785 18.9075 13.4792C17.7827 12.5283 16.0724 12.6217 14.9391 13.6365C14.8855 13.6845 14.8331 13.7345 14.7822 13.7866C14.7313 13.7345 14.6789 13.6843 14.6252 13.6363ZM18.1546 14.3522C19.0973 15.1508 18.9962 16.4896 18.2891 17.2173C18.2888 17.2175 18.2886 17.2177 18.2884 17.218L14.7832 20.8084L11.2753 17.2151C11.2752 17.215 11.2751 17.2149 11.2749 17.2148C10.5677 16.4887 10.4678 15.1495 11.4104 14.3518L11.4108 14.3514C12.0745 13.7892 13.2018 13.82 13.9488 14.5846L14.7822 15.4378L15.6157 14.5846C16.3617 13.8211 17.4896 13.79 18.1545 14.3521" fill="#EB0203"></path>
                    </svg>
                    <svg class="inactive-content" width="100%" height="100%" viewBox="0 0 20 23" fill="none" xmlns="http://www.w3.org/2000/svg">
                    <path fill-rule="evenodd" clip-rule="evenodd" d="M6.18408 5.77914C6.18408 5.46223 6.44363 5.20532 6.7638 5.20532H12.3678C12.6879 5.20532 12.9475 5.46223 12.9475 5.77914C12.9475 6.09606 12.6879 6.35297 12.3678 6.35297H6.7638C6.44363 6.35297 6.18408 6.09606 6.18408 5.77914Z" fill="#EB0203"></path>
                    <path fill-rule="evenodd" clip-rule="evenodd" d="M6.18408 11.9034C6.18408 11.5865 6.44363 11.3296 6.7638 11.3296H12.3678C12.6879 11.3296 12.9475 11.5865 12.9475 11.9034C12.9475 12.2202 12.6879 12.4771 12.3678 12.4771H6.7638C6.44363 12.4771 6.18408 12.2202 6.18408 11.9034Z" fill="#EB0203"></path>
                    <path fill-rule="evenodd" clip-rule="evenodd" d="M6.18408 8.84116C6.18408 8.52424 6.44363 8.26733 6.7638 8.26733H12.3678C12.6879 8.26733 12.9475 8.52424 12.9475 8.84116C12.9475 9.15807 12.6879 9.41498 12.3678 9.41498H6.7638C6.44363 9.41498 6.18408 9.15807 6.18408 8.84116Z" fill="#EB0203"></path>
                    <path fill-rule="evenodd" clip-rule="evenodd" d="M6.18408 14.9655C6.18408 14.6486 6.44363 14.3917 6.7638 14.3917H10.1455C10.4657 14.3917 10.7252 14.6486 10.7252 14.9655C10.7252 15.2825 10.4657 15.5394 10.1455 15.5394H6.7638C6.44363 15.5394 6.18408 15.2825 6.18408 14.9655Z" fill="#EB0203"></path>
                    <path fill-rule="evenodd" clip-rule="evenodd" d="M3.67139 5.77914C3.67139 5.46223 3.93094 5.20532 4.25111 5.20532H4.63759C4.95776 5.20532 5.21731 5.46223 5.21731 5.77914C5.21731 6.09606 4.95776 6.35297 4.63759 6.35297H4.25111C3.93094 6.35297 3.67139 6.09606 3.67139 5.77914Z" fill="#EB0203"></path>
                    <path fill-rule="evenodd" clip-rule="evenodd" d="M3.67139 11.9034C3.67139 11.5865 3.93094 11.3296 4.25111 11.3296H4.63759C4.95776 11.3296 5.21731 11.5865 5.21731 11.9034C5.21731 12.2202 4.95776 12.4771 4.63759 12.4771H4.25111C3.93094 12.4771 3.67139 12.2202 3.67139 11.9034Z" fill="#EB0203"></path>
                    <path fill-rule="evenodd" clip-rule="evenodd" d="M3.67139 8.84116C3.67139 8.52424 3.93094 8.26733 4.25111 8.26733H4.63759C4.95776 8.26733 5.21731 8.52424 5.21731 8.84116C5.21731 9.15807 4.95776 9.41498 4.63759 9.41498H4.25111C3.93094 9.41498 3.67139 9.15807 3.67139 8.84116Z" fill="#EB0203"></path>
                    <path fill-rule="evenodd" clip-rule="evenodd" d="M3.67139 14.9655C3.67139 14.6486 3.93094 14.3917 4.25111 14.3917H4.63759C4.95776 14.3917 5.21731 14.6486 5.21731 14.9655C5.21731 15.2825 4.95776 15.5394 4.63759 15.5394H4.25111C3.93094 15.5394 3.67139 15.2825 3.67139 14.9655Z" fill="#EB0203"></path>
                    <path fill-rule="evenodd" clip-rule="evenodd" d="M0 1.76033C0 0.914738 0.692131 0.229248 1.54592 0.229248H15.0727C15.9265 0.229248 16.6186 0.914738 16.6186 1.76033V11.2818C16.6186 11.5989 16.3591 11.8559 16.0389 11.8559C15.7187 11.8559 15.4592 11.5989 15.4592 11.2818V1.76033C15.4592 1.54893 15.2862 1.37756 15.0727 1.37756H1.54592C1.33247 1.37756 1.15944 1.54893 1.15944 1.76033V18.985C1.15944 19.1964 1.33247 19.3678 1.54592 19.3678H9.27551C9.59568 19.3678 9.85523 19.6249 9.85523 19.942C9.85523 20.2591 9.59568 20.5161 9.27551 20.5161H1.54592C0.692131 20.5161 0 19.8306 0 18.985V1.76033Z" fill="#EB0203"></path>
                    <path fill-rule="evenodd" clip-rule="evenodd" d="M14.6254 13.8718C13.4921 12.8567 11.7821 12.7615 10.6574 13.7147C9.12472 15.0124 9.34891 17.128 10.4413 18.2493L14.0161 21.9126C14.2199 22.1217 14.493 22.2386 14.7824 22.2386C15.0739 22.2386 15.3449 22.1238 15.5487 21.9147L19.1235 18.2514C20.2139 17.13 20.4422 15.0144 18.9075 13.7147C17.7827 12.7634 16.0726 12.8569 14.9392 13.872C14.8856 13.92 14.8333 13.9701 14.7824 14.0222C14.7314 13.97 14.6791 13.9199 14.6254 13.8718ZM18.1546 14.588C19.0972 15.3869 18.9961 16.7262 18.2891 17.4541C18.2888 17.4543 18.2886 17.4546 18.2884 17.4548L14.7834 21.0466L11.2757 17.452C11.2756 17.4519 11.2755 17.4517 11.2753 17.4516C10.5681 16.7252 10.4682 15.3856 11.4108 14.5876L11.4112 14.5872C12.0748 14.0248 13.202 14.0556 13.949 14.8205L14.7824 15.674L15.6158 14.8205C16.3618 14.0567 17.4896 14.0256 18.1545 14.5879" fill="#EB0203"></path>
                    </svg>
                    </button>
                    </div>
                    <div class="col-sm-10 col-12">
                    <div class="ct-tile-quantity d-none" data-pid="6063220">
                    <input type="hidden" class="add-to-cart-url" value="https://www.continente.pt/on/demandware.store/Sites-continente-Site/default/Cart-AddProduct">
                    <div class="d-none tile-delete-confirmation-btn" data-pid="6063220" data-delay-time="3000" data-in-cart-msg="no carrinho" data-one-product-added="Adicionado ao carrinho" data-remove-from-cart-msg="Removido do carrinho" data-stay-open="6000.0" data-confirmation-image="{&quot;url&quot;:&quot;https://www.continente.pt/dw/image/v2/BDVS_PRD/on/demandware.static/-/Sites-col-master-catalog/default/dw34a3aa46/images/col/606/6063220-frente.jpg?sw=87&amp;sh=80&quot;,&quot;fallbackimage&quot;:{&quot;url&quot;:&quot;https://www.continente.pt/dw/image/v2/BDVS_PRD/on/demandware.static/Sites-continente-Site/-/default/dw7c42b4da/images/noimagelarge_product.png?sw=87&amp;sh=80&quot;,&quot;title&quot;:&quot;Tortellini Fresco de Beringela e Tomate&quot;,&quot;alt&quot;:&quot;Tortellini Fresco de Beringela e Tomate&quot;},&quot;title&quot;:&quot;Tortellini Fresco de Beringela e Tomate&quot;,&quot;alt&quot;:&quot;Tortellini Fresco de Beringela e Tomate&quot;}"></div>
                    <div class="ct-tile-quantity-update quantity-update product-qty-vue" data-remove-action="https://www.continente.pt/on/demandware.store/Sites-continente-Site/default/Cart-RemoveProductLineItem" data-action="https://www.continente.pt/on/demandware.store/Sites-continente-Site/default/Cart-UpdateQuantity" data-dimension-update="https://www.continente.pt/on/demandware.store/Sites-continente-Site/default/Cart-DimensionUpdate" data-pid="6063220" data-uuid="18295f8e6f3e004c05d7534696" data-add-delay="500.0" data-measure-options="{&quot;hasConversionRate&quot;:true,&quot;hasAlternativeSaleUnit&quot;:false,&quot;primaryToSecondary&quot;:1,&quot;secondaryToPrimary&quot;:1,&quot;unitConversionRate&quot;:1,&quot;minOrderQuantity&quot;:1,&quot;stepQuantity&quot;:1,&quot;primaryunit&quot;:&quot;un&quot;,&quot;secondaryunit&quot;:&quot;kg&quot;,&quot;selectedunit&quot;:&quot;primary&quot;,&quot;maxNumberOfUnitsPerSale&quot;:50}" data-price-available="null" :data-has-error="isMaxQtyReached || isMinQtyReached || qtySelectedMoreThanOne">
                    <template v-show="prodUnits">
                    <div class="quantity-input-wrapper has-units">
                    <label class="visually-hidden" :for="'quantity-' + pid + additionalTag">
                    Quantidade no carrinho
                    </label>
                    <input :ref="'quantityInput-' + pid + additionalTag" class="add-to-cart-quantity form-control ct-form-input text-center" inputmode="numeric" :class="{'is-invalid': isInvalid}" :data-pid="pid + additionalTag" :name="'quantity-' + pid + additionalTag" type="text" aria-label="Insira a quantidade" title="" v-model="displayValue" @change="updateQuantity" @focus="updateQtyFormat" @blur="restoreQtyFormat" :disabled="!isPriceAvailable">
                    <span class="quantity-icon quantity-icon--minus">
                    <button class="decrease-quantity-btn" @click="updateQuantity" :disabled="!isPriceAvailable" role="button" aria-label="Reduzir quantidade">
                    <i class="css-math-minus"></i>
                    </button>
                    </span>
                    <span class="quantity-icon quantity-icon--plus">
                    <button class="increase-quantity-btn" @click="updateQuantity" :disabled="isMaxQtyReached || !isPriceAvailable" role="button" aria-label="Aumentar quantidade">
                    <i class="css-math-plus"></i>
                    </button>
                    <span class="quantity-btn-disabled-placeholder"></span>
                    </span>
                    <template v-if="isPDP">
                    <span class="quantity-error ct-span-error text-sm-center product-max-allocation" v-if="isMaxQtyReached">
                    Quantidade máxima atingida
                    </span>
                    <span class="quantity-error ct-span-product text-sm-center product-allocation" v-if="!isMinQtyReached &amp;&amp; !isMaxQtyReached">
                    {{quantitySelected}} no carrinho
                    </span>
                    <span class="quantity-error ct-span-error text-sm-center product-min-allocation" :data-pid="pid" v-if="isMinQtyReached &amp;&amp; !isMaxQtyReached">
                    Quantidade mínima atingida
                    </span>
                    </template>
                    </div>
                    <template v-if="showNotes">
                    <div class="add-note-link-container ">
                    <div class="add-note">
                    <a href="/produto/tortellini-fresco-de-beringela-e-tomate-rana-6063220.html?showNote=true" class="ct-add-note-redirect-pdp" aria-label="Adicionar comentário">
                    <span class="svg-wrapper svg-icon-notes" style="width:19px; height:20px">
                    <svg class="svg-inline icon-notes" viewBox="0 0 28 30" xmlns="http://www.w3.org/2000/svg" width="100%" height="100%"><path d="M21.738 0C22.985 0 24 1.04 24 2.319V12.47c0 .469-.37.848-.828.848-.457 0-.827-.38-.827-.848V2.32c0-.343-.273-.622-.607-.622H2.262c-.334 0-.607.279-.607.622V27.68c0 .343.273.622.607.622h7.81c.457 0 .827.38.827.849 0 .468-.37.848-.827.848h-7.81C1.015 30 0 28.96 0 27.681V2.32C0 1.04 1.015 0 2.262 0h19.476zm2.844 16.004l.227.007c.823.053 1.589.39 2.176.964.64.627.993 1.46.993 2.349 0 .888-.353 1.722-.993 2.348l-6.83 6.665c-.11.108-.247.186-.397.226l-5.032 1.363c-.078.021-.16.032-.241.032-.242 0-.478-.097-.647-.266-.23-.231-.314-.566-.218-.874l1.49-4.798c.044-.139.122-.266.227-.369l6.844-6.677c.64-.625 1.493-.97 2.401-.97zm-2.886 3.94l-4.922 4.802-.947 3.048 3.22-.872 4.897-4.78-2.248-2.197zm2.887-2.174c-.425 0-.824.162-1.124.455l-.484.472 2.248 2.197.484-.472c.62-.606.62-1.591 0-2.197l-.117-.104c-.283-.227-.636-.35-1.007-.35zm-10.839.022c.498 0 .904.396.904.883 0 .488-.406.884-.904.884H5.946c-.499 0-.904-.396-.904-.884 0-.487.405-.883.904-.883zm5.042-4.876c.498 0 .904.397.904.884s-.406.884-.904.884H5.946c-.499 0-.904-.397-.904-.884s.405-.884.904-.884zm0-4.875c.498 0 .904.396.904.884 0 .487-.406.883-.904.883H5.946c-.499 0-.904-.396-.904-.883 0-.488.405-.884.904-.884z" fill="#EB0203" fill-rule="evenodd"></path></svg>
                    </span>
                    <div class="available-note d-none"></div>
                    </a>
                    </div>
                    </div>
                    </template>
                    <div class="measurement-unit-section" v-if="isPriceAvailable &amp;&amp; prodUnits ? prodUnits.hasAlternativeUnit : false">
                    <div class="ct-form-radio" @click="setDimension">
                    <input type="radio" title="" class="ct-form-check-input product-measurement-unit" :data-type="prodUnits.selectedUnit == prodUnits.secondaryUnit ? 'primary' : ''" :id="prodUnits.secondaryUnit + '-' + pid + '-measurement-unit-ptile' + additionalTag" :name="'measurement-unit-' + pid + '-ptile' + additionalTag" :value="prodUnits.secondaryUnit" v-model="prodUnits.selectedUnit">
                    <label :class="prodUnits.secondaryUnit + '-label ct-form-check-label mb-0'" :for="prodUnits.secondaryUnit + '-' + pid + '-measurement-unit-ptile' + additionalTag">
                    {{prodUnits.secondaryUnit}}
                    </label>
                    <span class="checkmark"></span>
                    </div>
                    <div class="ct-form-radio" @click="setDimension">
                    <input type="radio" title="" class="ct-form-check-input product-measurement-unit" :data-type="prodUnits.selectedUnit == prodUnits.primaryUnit ? 'primary' : ''" :id="prodUnits.primaryUnit + '-' + pid + '-measurement-unit-ptile' + additionalTag" :name="'measurement-unit-' + pid + '-ptile' + additionalTag" :value="prodUnits.primaryUnit" v-model="prodUnits.selectedUnit">
                    <label :class="prodUnits.primaryUnit + '-label ct-form-check-label mb-0'" :for="prodUnits.primaryUnit + '-' + pid + '-measurement-unit-ptile' + additionalTag">
                    {{prodUnits.primaryUnit}}
                    </label>
                    <span class="checkmark"></span>
                    </div>
                    </div>
                    <template v-if="!isPDP &amp;&amp; isPriceAvailable">
                    <span class="quantity-error ct-span-error product-max-allocation" v-if="isMaxQtyReached">
                    Quantidade máxima atingida
                    </span>
                    <span class="quantity-error ct-span-product product-allocation" v-if="!isMinQtyReached &amp;&amp; !isMaxQtyReached">
                    {{quantitySelected}} no carrinho
                    </span>
                    <span class="quantity-error ct-span-error product-min-allocation" :data-pid="pid" v-if="isMinQtyReached &amp;&amp; !isMaxQtyReached">
                    Quantidade mínima atingida
                    </span>
                    </template>
                    </template>
                    </div>
                    <input class="quantity-value-mask d-none" name="quantity" type="number" min="0" value="">
                    </div>
                    <button type="button" class="add-to-cart button js-add-to-cart js-add-to-cart-tile 6063220 button--primary dynamic-layout-btn" data-toggle="modal" data-target="#chooseBonusProductModal" data-pid="6063220" data-quantity-value="null" aria-label="Carrinho">
                    <span class="d-block d-sm-none">
                    <span class="svg-wrapper svg-icon-cart" style="width:20px; height:20px">
                    <svg class="svg-inline icon-cart" xmlns="http://www.w3.org/2000/svg" viewBox="0 0 500 500" width="100%" height="100%"><path fill="#EB0203" fill-rule="evenodd" d="M 485.67317,94.386311 C 476.37798,83.847129 463.09468,78.03348 448.30404,78.03348 H 90.690813 L 87.079511,51.327997 C 83.185582,22.539551 62.962285,0 41.011841,0 H 14.727836 C 6.563151,0 0,6.5286975 0,14.580758 c 0,8.05206 6.5945535,14.580758 14.727836,14.580758 h 26.284005 c 4.710398,0 14.696435,9.855222 16.894619,26.021523 L 100.01739,368.0631 c 1.88416,13.77244 9.01256,26.70549 20.1605,36.37417 8.25889,7.15046 18.02511,11.9071 28.26237,13.89679 -4.17655,7.58572 -6.53175,16.25957 -6.53175,25.493 0,29.53459 24.27424,53.59751 54.13815,53.59751 29.8325,0 54.13814,-24.03184 54.13814,-53.59751 0,-8.79818 -2.19818,-17.09897 -5.9979,-24.43598 h 77.12488 c -3.79973,7.33701 -5.96652,15.6378 -5.96652,24.43598 0,29.53459 24.27424,53.59751 54.13817,53.59751 29.83249,0 54.13814,-24.03184 54.13814,-53.59751 0,-8.79818 -2.1982,-17.09897 -5.9979,-24.43598 h 38.56243 c 8.13328,0 14.72783,-6.5287 14.72783,-14.61183 0,-8.02098 -6.59455,-14.54967 -14.72783,-14.54967 H 159.24277 c -14.38241,0 -28.13677,-11.90711 -30.02092,-26.02153 l -3.07746,-22.88154 h 290.6314 c 14.03698,0 27.94834,-5.28513 39.06488,-14.95381 11.11652,-9.6376 18.27632,-22.57065 20.16048,-36.37417 l 21.10259,-156.78201 c 1.94694,-14.51858 -2.10398,-28.29103 -11.43057,-38.861299 z M 220.76053,443.82706 c 0,13.49265 -11.08513,24.46709 -24.68247,24.46709 -13.62874,0 -24.71387,-10.97444 -24.71387,-24.46709 0,-13.49262 11.08513,-24.43598 24.71387,-24.43598 13.59734,0 24.68247,10.94336 24.68247,24.43598 z m 173.43675,0 c 0,13.49265 -11.08512,24.46709 -24.68245,24.46709 -13.62876,0 -24.71388,-10.97444 -24.71388,-24.46709 0,-13.49262 11.08512,-24.43598 24.71388,-24.43598 13.59733,0 24.68245,10.94336 24.68245,24.43598 z m 73.7648,-314.46558 -21.13397,156.782 c -1.88416,14.11442 -15.63851,26.05261 -30.02091,26.05261 H 122.25046 L 94.616142,107.19499 H 448.33544 c 6.18632,0 11.61896,2.2695 15.23028,6.37326 3.64269,4.13484 5.21283,9.73086 4.39636,15.79323 z"></path></svg>
                    </span>
                    </span>
                    <span class="add-to-cart--text d-none d-sm-block">Carrinho</span>
                     </button>
                    </div>
                    </div>
                    </div>
                    </div>
                    
                    <div class="col-12 d-sm-none">
                    </div>
                    </div>
                    </div>
                    </div>
                    </div>
                    <div class="col-12 col-sm-3 col-lg-2 productTile" data-idx="6">
                    
                    <script type="text/javascript">//<!--
                    /* <![CDATA[ */
                    (function(){
                    try {
                        if(window.CQuotient) {
                        var cq_params = {};
                        
                        cq_params.cookieId = window.CQuotient.getCQCookieId();
                        cq_params.userId = window.CQuotient.getCQUserId();
                        cq_params.emailId = CQuotient.getCQHashedEmail();
                        cq_params.loginId = CQuotient.getCQHashedLogin();
                        cq_params.accumulate = true;
                        cq_params.products = [{
                            id: '4388643',
                            sku: ''
                        }];
                        cq_params.categoryId = 'refeicoes-faceis';
                        cq_params.refinements = '[{\"name\":\"priceMin\",\"value\":\"0.01\"},{\"name\":\"priceMax\",\"value\":\"null\"},{\"name\":\"curr\",\"value\":\"EUR\"},{\"name\":\"Category\",\"value\":\"refeicoes-faceis\"}]';
                        cq_params.personalized = 'false';
                        cq_params.sortingRule = 'FRESH-Refei\u00E7\u00F5es F\u00E1ceis';
                        cq_params.imageUUID = '__UNDEFINED__';
                        cq_params.realm = "BDVS";
                        cq_params.siteId = "continente";
                        cq_params.instanceType = "prd";
                        cq_params.queryLocale = "default";
                        cq_params.locale = window.CQuotient.locale;
                        
                        if(window.CQuotient.sendActivity)
                            window.CQuotient.sendActivity(CQuotient.clientId, 'viewCategory', cq_params);
                        else
                            window.CQuotient.activities.push({
                                activityType: 'viewCategory',
                                parameters: cq_params
                            });
                      }
                    } catch(err) {}
                    })();
                    /* ]]> */
                    // -->
                    </script>
                    <script type="text/javascript">//<!--
                    /* <![CDATA[ (viewCategoryProduct-active_data.js) */
                    (function(){
                    try {
                        if (dw.ac) {
                            var search_params = {};
                            search_params.persd = 'false';
                            search_params.refs = '[{\"name\":\"priceMin\",\"value\":\"0.01\"},{\"name\":\"priceMax\",\"value\":\"null\"},{\"name\":\"curr\",\"value\":\"EUR\"},{\"name\":\"Category\",\"value\":\"refeicoes-faceis\"}]';
                            search_params.sort = 'FRESH-Refei\u00E7\u00F5es F\u00E1ceis';
                            search_params.imageUUID = '';
                            search_params.searchID = 'adc2ebee-ded6-4d71-a833-c4f63de27d3e';
                            search_params.locale = 'default';
                            search_params.queryLocale = 'default';
                            search_params.showProducts = 'true';
                            dw.ac.applyContext({category: "refeicoes-faceis", searchData: search_params});
                            if (typeof dw.ac._scheduleDataSubmission === "function") {
                                dw.ac._scheduleDataSubmission();
                            }
                        }
                    } catch(err) {}
                    })();
                    /* ]]> */
                    // -->
                    </script>
                    <script type="text/javascript">//<!--
                    /* <![CDATA[ (viewProduct-active_data.js) */
                    dw.ac._capture({id: "4388643", type: "searchhit"});
                    /* ]]> */
                    // -->
                    </script>
                    <div class="product" data-pid="4388643">
                    <div class="product-tile pid-4388643 ct-product-tile data-layer-pushed" data-delay-time="3000" data-variants-mapping="[]" data-in-cart-msg="no carrinho" data-one-product-added="Adicionado ao carrinho" data-remove-from-cart-msg="Removido do carrinho" data-stay-open="6000.0" data-product-tile-impression="{&quot;name&quot;:&quot;4388643&quot;,&quot;id&quot;:&quot;4388643&quot;,&quot;price&quot;:1.29,&quot;brand&quot;:&quot;Continente Fácil &amp; Bom&quot;,&quot;category&quot;:[{&quot;category_level_1&quot;:&quot;Take-Away&quot;},{&quot;category_level_2&quot;:&quot;Sopas&quot;},{&quot;category_level_3&quot;:&quot;Tradicionais&quot;}],&quot;variant&quot;:&quot;&quot;}">
                    <div class="ct-inner-tile-wrap row no-gutters justify-content-center align-content-start">
                    
                    <div class="ct-image-container col-4 col-sm" data-confirmation-image="{&quot;url&quot;:&quot;https://www.continente.pt/dw/image/v2/BDVS_PRD/on/demandware.static/-/Sites-col-master-catalog/default/dw9b8466f2/images/col/438/4388643-cima.jpg?sw=87&amp;sh=80&quot;,&quot;fallbackimage&quot;:{&quot;url&quot;:&quot;https://www.continente.pt/dw/image/v2/BDVS_PRD/on/demandware.static/Sites-continente-Site/-/default/dw7c42b4da/images/noimagelarge_product.png?sw=87&amp;sh=80&quot;,&quot;title&quot;:&quot;Sopa de Feijão Verde&quot;,&quot;alt&quot;:&quot;Sopa de Feijão Verde&quot;},&quot;title&quot;:&quot;Sopa de Feijão Verde&quot;,&quot;alt&quot;:&quot;Sopa de Feijão Verde&quot;}">
                    <a href="https://www.continente.pt/produto/sopa-de-feijao-verde-continente-facil-bom-4388643.html?cgid=refeicoes-faceis">
                    <picture class="intrinsic intrinsic--square">
                    <img class="ct-tile-image lazyloaded" loading="lazy" onerror="this.onerror=null;this.src='/on/demandware.static/Sites-continente-Site/-/default/dw7c42b4da/images/noimagelarge_product.png';" data-src="https://www.continente.pt/dw/image/v2/BDVS_PRD/on/demandware.static/-/Sites-col-master-catalog/default/dw9b8466f2/images/col/438/4388643-cima.jpg?sw=280&amp;sh=280" alt="Sopa de Feijão Verde" title="Sopa de Feijão Verde" src="https://www.continente.pt/dw/image/v2/BDVS_PRD/on/demandware.static/-/Sites-col-master-catalog/default/dw9b8466f2/images/col/438/4388643-cima.jpg?sw=280&amp;sh=280">
                    </picture>
                    </a>
                    <div class="color-swatches d-flex" style="margin-left: 5px;">
                    <div class="swatches d-flex">
                    </div>
                    </div>
                    </div>
                    <div class="ct-tile-body col col-sm-auto ">
                    <div class="ct-pdp-details">
                    <div class="ct-pdp-link">
                    <a class="ct-tile--description" href="https://www.continente.pt/produto/sopa-de-feijao-verde-continente-facil-bom-4388643.html?cgid=refeicoes-faceis">Sopa de Feijão Verde</a>
                    <div class="ct-tile--favorite-top d-sm-none">
                    <button class="wishlist-toggler guest-mode inactive button button--tertiary" data-pid="4388643" data-add-url="https://www.continente.pt/on/demandware.store/Sites-continente-Site/default/Wishlist-AddProduct?pid=4388643" data-toggle="tooltip" aria-label="Adicionar aos favoritos " data-original-title="Adicionar aos favoritos" data-placement="top">
                    <svg class="active-content" width="100%" height="100%" viewBox="0 0 20 22" fill="none" xmlns="http://www.w3.org/2000/svg">
                    <path fill-rule="evenodd" clip-rule="evenodd" d="M0 1.53052C0 0.685236 0.692171 0 1.54601 0H15.0736C15.9274 0 16.6196 0.685235 16.6196 1.53052V13.4064L15.8127 13.922L14.2658 14.2658L12.7189 13.4064L10.6054 14.3818C10.4994 14.2451 10.3327 14.157 10.1452 14.157H6.76329C6.4431 14.157 6.18354 14.414 6.18354 14.731C6.18354 15.0479 6.4431 15.3049 6.76329 15.3049H10.1452C10.2478 15.3049 10.3441 15.2785 10.4277 15.2322L10.3126 16.8439L13.2345 20.2793H1.54601C0.69217 20.2793 0 19.5941 0 18.7488V1.53052ZM6.18354 5.5483C6.18354 5.23132 6.4431 4.97436 6.76329 4.97436H12.3676C12.6878 4.97436 12.9473 5.23132 12.9473 5.5483C12.9473 5.86528 12.6878 6.12224 12.3676 6.12224H6.76329C6.4431 6.12224 6.18354 5.86528 6.18354 5.5483ZM6.76329 11.0961C6.4431 11.0961 6.18354 11.3531 6.18354 11.6701C6.18354 11.987 6.4431 12.244 6.76329 12.244H12.3676C12.6878 12.244 12.9473 11.987 12.9473 11.6701C12.9473 11.3531 12.6878 11.0961 12.3676 11.0961H6.76329ZM6.18354 8.60985C6.18354 8.29287 6.4431 8.03591 6.76329 8.03591H12.3676C12.6878 8.03591 12.9473 8.29287 12.9473 8.60985C12.9473 8.92684 12.6878 9.1838 12.3676 9.1838H6.76329C6.4431 9.1838 6.18354 8.92684 6.18354 8.60985ZM3.67118 5.5483C3.67118 5.23132 3.93075 4.97436 4.25093 4.97436H4.63743C4.95762 4.97436 5.21719 5.23132 5.21719 5.5483C5.21719 5.86528 4.95762 6.12224 4.63743 6.12224H4.25093C3.93075 6.12224 3.67118 5.86528 3.67118 5.5483ZM4.25093 11.0961C3.93075 11.0961 3.67118 11.3531 3.67118 11.6701C3.67118 11.987 3.93075 12.244 4.25093 12.244H4.63743C4.95762 12.244 5.21719 11.987 5.21719 11.6701C5.21719 11.3531 4.95762 11.0961 4.63743 11.0961H4.25093ZM3.67118 8.60985C3.67118 8.29287 3.93075 8.03591 4.25093 8.03591H4.63743C4.95762 8.03591 5.21719 8.29287 5.21719 8.60985C5.21719 8.92684 4.95762 9.1838 4.63743 9.1838H4.25093C3.93075 9.1838 3.67118 8.92684 3.67118 8.60985ZM4.25093 14.157C3.93075 14.157 3.67118 14.414 3.67118 14.731C3.67118 15.0479 3.93075 15.3049 4.25093 15.3049H4.63743C4.95762 15.3049 5.21719 15.0479 5.21719 14.731C5.21719 14.414 4.95762 14.157 4.63743 14.157H4.25093Z" fill="#EB0203"></path>
                    <path fill-rule="evenodd" clip-rule="evenodd" d="M14.6252 13.6363C13.4918 12.6215 11.7817 12.5264 10.6569 13.4792C9.12421 14.7764 9.34841 16.8912 10.4409 18.0122L14.0159 21.6742C14.2197 21.8832 14.4928 22 14.7822 22C15.0737 22 15.3448 21.8852 15.5486 21.6762L19.1236 18.0142C20.214 16.8933 20.4423 14.7785 18.9075 13.4792C17.7827 12.5283 16.0724 12.6217 14.9391 13.6365C14.8855 13.6845 14.8331 13.7345 14.7822 13.7866C14.7313 13.7345 14.6789 13.6843 14.6252 13.6363ZM18.1546 14.3522C19.0973 15.1508 18.9962 16.4896 18.2891 17.2173C18.2888 17.2175 18.2886 17.2177 18.2884 17.218L14.7832 20.8084L11.2753 17.2151C11.2752 17.215 11.2751 17.2149 11.2749 17.2148C10.5677 16.4887 10.4678 15.1495 11.4104 14.3518L11.4108 14.3514C12.0745 13.7892 13.2018 13.82 13.9488 14.5846L14.7822 15.4378L15.6157 14.5846C16.3617 13.8211 17.4896 13.79 18.1545 14.3521" fill="#EB0203"></path>
                    </svg>
                    <svg class="inactive-content" width="100%" height="100%" viewBox="0 0 20 23" fill="none" xmlns="http://www.w3.org/2000/svg">
                    <path fill-rule="evenodd" clip-rule="evenodd" d="M6.18408 5.77914C6.18408 5.46223 6.44363 5.20532 6.7638 5.20532H12.3678C12.6879 5.20532 12.9475 5.46223 12.9475 5.77914C12.9475 6.09606 12.6879 6.35297 12.3678 6.35297H6.7638C6.44363 6.35297 6.18408 6.09606 6.18408 5.77914Z" fill="#EB0203"></path>
                    <path fill-rule="evenodd" clip-rule="evenodd" d="M6.18408 11.9034C6.18408 11.5865 6.44363 11.3296 6.7638 11.3296H12.3678C12.6879 11.3296 12.9475 11.5865 12.9475 11.9034C12.9475 12.2202 12.6879 12.4771 12.3678 12.4771H6.7638C6.44363 12.4771 6.18408 12.2202 6.18408 11.9034Z" fill="#EB0203"></path>
                    <path fill-rule="evenodd" clip-rule="evenodd" d="M6.18408 8.84116C6.18408 8.52424 6.44363 8.26733 6.7638 8.26733H12.3678C12.6879 8.26733 12.9475 8.52424 12.9475 8.84116C12.9475 9.15807 12.6879 9.41498 12.3678 9.41498H6.7638C6.44363 9.41498 6.18408 9.15807 6.18408 8.84116Z" fill="#EB0203"></path>
                    <path fill-rule="evenodd" clip-rule="evenodd" d="M6.18408 14.9655C6.18408 14.6486 6.44363 14.3917 6.7638 14.3917H10.1455C10.4657 14.3917 10.7252 14.6486 10.7252 14.9655C10.7252 15.2825 10.4657 15.5394 10.1455 15.5394H6.7638C6.44363 15.5394 6.18408 15.2825 6.18408 14.9655Z" fill="#EB0203"></path>
                    <path fill-rule="evenodd" clip-rule="evenodd" d="M3.67139 5.77914C3.67139 5.46223 3.93094 5.20532 4.25111 5.20532H4.63759C4.95776 5.20532 5.21731 5.46223 5.21731 5.77914C5.21731 6.09606 4.95776 6.35297 4.63759 6.35297H4.25111C3.93094 6.35297 3.67139 6.09606 3.67139 5.77914Z" fill="#EB0203"></path>
                    <path fill-rule="evenodd" clip-rule="evenodd" d="M3.67139 11.9034C3.67139 11.5865 3.93094 11.3296 4.25111 11.3296H4.63759C4.95776 11.3296 5.21731 11.5865 5.21731 11.9034C5.21731 12.2202 4.95776 12.4771 4.63759 12.4771H4.25111C3.93094 12.4771 3.67139 12.2202 3.67139 11.9034Z" fill="#EB0203"></path>
                    <path fill-rule="evenodd" clip-rule="evenodd" d="M3.67139 8.84116C3.67139 8.52424 3.93094 8.26733 4.25111 8.26733H4.63759C4.95776 8.26733 5.21731 8.52424 5.21731 8.84116C5.21731 9.15807 4.95776 9.41498 4.63759 9.41498H4.25111C3.93094 9.41498 3.67139 9.15807 3.67139 8.84116Z" fill="#EB0203"></path>
                    <path fill-rule="evenodd" clip-rule="evenodd" d="M3.67139 14.9655C3.67139 14.6486 3.93094 14.3917 4.25111 14.3917H4.63759C4.95776 14.3917 5.21731 14.6486 5.21731 14.9655C5.21731 15.2825 4.95776 15.5394 4.63759 15.5394H4.25111C3.93094 15.5394 3.67139 15.2825 3.67139 14.9655Z" fill="#EB0203"></path>
                    <path fill-rule="evenodd" clip-rule="evenodd" d="M0 1.76033C0 0.914738 0.692131 0.229248 1.54592 0.229248H15.0727C15.9265 0.229248 16.6186 0.914738 16.6186 1.76033V11.2818C16.6186 11.5989 16.3591 11.8559 16.0389 11.8559C15.7187 11.8559 15.4592 11.5989 15.4592 11.2818V1.76033C15.4592 1.54893 15.2862 1.37756 15.0727 1.37756H1.54592C1.33247 1.37756 1.15944 1.54893 1.15944 1.76033V18.985C1.15944 19.1964 1.33247 19.3678 1.54592 19.3678H9.27551C9.59568 19.3678 9.85523 19.6249 9.85523 19.942C9.85523 20.2591 9.59568 20.5161 9.27551 20.5161H1.54592C0.692131 20.5161 0 19.8306 0 18.985V1.76033Z" fill="#EB0203"></path>
                    <path fill-rule="evenodd" clip-rule="evenodd" d="M14.6254 13.8718C13.4921 12.8567 11.7821 12.7615 10.6574 13.7147C9.12472 15.0124 9.34891 17.128 10.4413 18.2493L14.0161 21.9126C14.2199 22.1217 14.493 22.2386 14.7824 22.2386C15.0739 22.2386 15.3449 22.1238 15.5487 21.9147L19.1235 18.2514C20.2139 17.13 20.4422 15.0144 18.9075 13.7147C17.7827 12.7634 16.0726 12.8569 14.9392 13.872C14.8856 13.92 14.8333 13.9701 14.7824 14.0222C14.7314 13.97 14.6791 13.9199 14.6254 13.8718ZM18.1546 14.588C19.0972 15.3869 18.9961 16.7262 18.2891 17.4541C18.2888 17.4543 18.2886 17.4546 18.2884 17.4548L14.7834 21.0466L11.2757 17.452C11.2756 17.4519 11.2755 17.4517 11.2753 17.4516C10.5681 16.7252 10.4682 15.3856 11.4108 14.5876L11.4112 14.5872C12.0748 14.0248 13.202 14.0556 13.949 14.8205L14.7824 15.674L15.6158 14.8205C16.3618 14.0567 17.4896 14.0256 18.1545 14.5879" fill="#EB0203"></path>
                    </svg>
                    </button>
                    </div>
                    </div>
                    <p class="ct-tile--brand">Continente Fácil &amp; Bom</p>
                    <p class="ct-tile--quantity">emb. 400 gr</p>
                    </div>
                    <div class="ct-tile-bottom row no-gutters justify-content-between">
                    <div class="ct-price-wrap col-8 col-sm-12">
                    <div class="price js-product-price">
                    <div class="prices-wrapper">
                    <span class="sales ct-tile--price-primary ">
                    <span class="value" content="1.29">
                    <span class="ct-price-formatted">
                    €1,29
                    </span>
                    <span class="ct-m-unit">
                    /un
                    </span>
                    </span>
                    </span>
                    </div>
                    <div class="ct-tile--price-secondary">
                    <span class="ct-price-value">
                    €3,23
                    </span>
                    <span class="ct-m-unit">
                    /kg
                    </span>
                    </div>
                    </div>
                    </div>
                    <div class="ct-tile-buy-section d-flex justify-content-center no-gutters col-auto col-sm-12">
                    <div class="col-2 d-sm-flex d-none">
                    <button class="wishlist-toggler guest-mode inactive button button--tertiary" data-pid="4388643" data-add-url="https://www.continente.pt/on/demandware.store/Sites-continente-Site/default/Wishlist-AddProduct?pid=4388643" data-toggle="tooltip" aria-label="Adicionar aos favoritos " data-original-title="Adicionar aos favoritos" data-placement="top">
                    <svg class="active-content" width="100%" height="100%" viewBox="0 0 20 22" fill="none" xmlns="http://www.w3.org/2000/svg">
                    <path fill-rule="evenodd" clip-rule="evenodd" d="M0 1.53052C0 0.685236 0.692171 0 1.54601 0H15.0736C15.9274 0 16.6196 0.685235 16.6196 1.53052V13.4064L15.8127 13.922L14.2658 14.2658L12.7189 13.4064L10.6054 14.3818C10.4994 14.2451 10.3327 14.157 10.1452 14.157H6.76329C6.4431 14.157 6.18354 14.414 6.18354 14.731C6.18354 15.0479 6.4431 15.3049 6.76329 15.3049H10.1452C10.2478 15.3049 10.3441 15.2785 10.4277 15.2322L10.3126 16.8439L13.2345 20.2793H1.54601C0.69217 20.2793 0 19.5941 0 18.7488V1.53052ZM6.18354 5.5483C6.18354 5.23132 6.4431 4.97436 6.76329 4.97436H12.3676C12.6878 4.97436 12.9473 5.23132 12.9473 5.5483C12.9473 5.86528 12.6878 6.12224 12.3676 6.12224H6.76329C6.4431 6.12224 6.18354 5.86528 6.18354 5.5483ZM6.76329 11.0961C6.4431 11.0961 6.18354 11.3531 6.18354 11.6701C6.18354 11.987 6.4431 12.244 6.76329 12.244H12.3676C12.6878 12.244 12.9473 11.987 12.9473 11.6701C12.9473 11.3531 12.6878 11.0961 12.3676 11.0961H6.76329ZM6.18354 8.60985C6.18354 8.29287 6.4431 8.03591 6.76329 8.03591H12.3676C12.6878 8.03591 12.9473 8.29287 12.9473 8.60985C12.9473 8.92684 12.6878 9.1838 12.3676 9.1838H6.76329C6.4431 9.1838 6.18354 8.92684 6.18354 8.60985ZM3.67118 5.5483C3.67118 5.23132 3.93075 4.97436 4.25093 4.97436H4.63743C4.95762 4.97436 5.21719 5.23132 5.21719 5.5483C5.21719 5.86528 4.95762 6.12224 4.63743 6.12224H4.25093C3.93075 6.12224 3.67118 5.86528 3.67118 5.5483ZM4.25093 11.0961C3.93075 11.0961 3.67118 11.3531 3.67118 11.6701C3.67118 11.987 3.93075 12.244 4.25093 12.244H4.63743C4.95762 12.244 5.21719 11.987 5.21719 11.6701C5.21719 11.3531 4.95762 11.0961 4.63743 11.0961H4.25093ZM3.67118 8.60985C3.67118 8.29287 3.93075 8.03591 4.25093 8.03591H4.63743C4.95762 8.03591 5.21719 8.29287 5.21719 8.60985C5.21719 8.92684 4.95762 9.1838 4.63743 9.1838H4.25093C3.93075 9.1838 3.67118 8.92684 3.67118 8.60985ZM4.25093 14.157C3.93075 14.157 3.67118 14.414 3.67118 14.731C3.67118 15.0479 3.93075 15.3049 4.25093 15.3049H4.63743C4.95762 15.3049 5.21719 15.0479 5.21719 14.731C5.21719 14.414 4.95762 14.157 4.63743 14.157H4.25093Z" fill="#EB0203"></path>
                    <path fill-rule="evenodd" clip-rule="evenodd" d="M14.6252 13.6363C13.4918 12.6215 11.7817 12.5264 10.6569 13.4792C9.12421 14.7764 9.34841 16.8912 10.4409 18.0122L14.0159 21.6742C14.2197 21.8832 14.4928 22 14.7822 22C15.0737 22 15.3448 21.8852 15.5486 21.6762L19.1236 18.0142C20.214 16.8933 20.4423 14.7785 18.9075 13.4792C17.7827 12.5283 16.0724 12.6217 14.9391 13.6365C14.8855 13.6845 14.8331 13.7345 14.7822 13.7866C14.7313 13.7345 14.6789 13.6843 14.6252 13.6363ZM18.1546 14.3522C19.0973 15.1508 18.9962 16.4896 18.2891 17.2173C18.2888 17.2175 18.2886 17.2177 18.2884 17.218L14.7832 20.8084L11.2753 17.2151C11.2752 17.215 11.2751 17.2149 11.2749 17.2148C10.5677 16.4887 10.4678 15.1495 11.4104 14.3518L11.4108 14.3514C12.0745 13.7892 13.2018 13.82 13.9488 14.5846L14.7822 15.4378L15.6157 14.5846C16.3617 13.8211 17.4896 13.79 18.1545 14.3521" fill="#EB0203"></path>
                    </svg>
                    <svg class="inactive-content" width="100%" height="100%" viewBox="0 0 20 23" fill="none" xmlns="http://www.w3.org/2000/svg">
                    <path fill-rule="evenodd" clip-rule="evenodd" d="M6.18408 5.77914C6.18408 5.46223 6.44363 5.20532 6.7638 5.20532H12.3678C12.6879 5.20532 12.9475 5.46223 12.9475 5.77914C12.9475 6.09606 12.6879 6.35297 12.3678 6.35297H6.7638C6.44363 6.35297 6.18408 6.09606 6.18408 5.77914Z" fill="#EB0203"></path>
                    <path fill-rule="evenodd" clip-rule="evenodd" d="M6.18408 11.9034C6.18408 11.5865 6.44363 11.3296 6.7638 11.3296H12.3678C12.6879 11.3296 12.9475 11.5865 12.9475 11.9034C12.9475 12.2202 12.6879 12.4771 12.3678 12.4771H6.7638C6.44363 12.4771 6.18408 12.2202 6.18408 11.9034Z" fill="#EB0203"></path>
                    <path fill-rule="evenodd" clip-rule="evenodd" d="M6.18408 8.84116C6.18408 8.52424 6.44363 8.26733 6.7638 8.26733H12.3678C12.6879 8.26733 12.9475 8.52424 12.9475 8.84116C12.9475 9.15807 12.6879 9.41498 12.3678 9.41498H6.7638C6.44363 9.41498 6.18408 9.15807 6.18408 8.84116Z" fill="#EB0203"></path>
                    <path fill-rule="evenodd" clip-rule="evenodd" d="M6.18408 14.9655C6.18408 14.6486 6.44363 14.3917 6.7638 14.3917H10.1455C10.4657 14.3917 10.7252 14.6486 10.7252 14.9655C10.7252 15.2825 10.4657 15.5394 10.1455 15.5394H6.7638C6.44363 15.5394 6.18408 15.2825 6.18408 14.9655Z" fill="#EB0203"></path>
                    <path fill-rule="evenodd" clip-rule="evenodd" d="M3.67139 5.77914C3.67139 5.46223 3.93094 5.20532 4.25111 5.20532H4.63759C4.95776 5.20532 5.21731 5.46223 5.21731 5.77914C5.21731 6.09606 4.95776 6.35297 4.63759 6.35297H4.25111C3.93094 6.35297 3.67139 6.09606 3.67139 5.77914Z" fill="#EB0203"></path>
                    <path fill-rule="evenodd" clip-rule="evenodd" d="M3.67139 11.9034C3.67139 11.5865 3.93094 11.3296 4.25111 11.3296H4.63759C4.95776 11.3296 5.21731 11.5865 5.21731 11.9034C5.21731 12.2202 4.95776 12.4771 4.63759 12.4771H4.25111C3.93094 12.4771 3.67139 12.2202 3.67139 11.9034Z" fill="#EB0203"></path>
                    <path fill-rule="evenodd" clip-rule="evenodd" d="M3.67139 8.84116C3.67139 8.52424 3.93094 8.26733 4.25111 8.26733H4.63759C4.95776 8.26733 5.21731 8.52424 5.21731 8.84116C5.21731 9.15807 4.95776 9.41498 4.63759 9.41498H4.25111C3.93094 9.41498 3.67139 9.15807 3.67139 8.84116Z" fill="#EB0203"></path>
                    <path fill-rule="evenodd" clip-rule="evenodd" d="M3.67139 14.9655C3.67139 14.6486 3.93094 14.3917 4.25111 14.3917H4.63759C4.95776 14.3917 5.21731 14.6486 5.21731 14.9655C5.21731 15.2825 4.95776 15.5394 4.63759 15.5394H4.25111C3.93094 15.5394 3.67139 15.2825 3.67139 14.9655Z" fill="#EB0203"></path>
                    <path fill-rule="evenodd" clip-rule="evenodd" d="M0 1.76033C0 0.914738 0.692131 0.229248 1.54592 0.229248H15.0727C15.9265 0.229248 16.6186 0.914738 16.6186 1.76033V11.2818C16.6186 11.5989 16.3591 11.8559 16.0389 11.8559C15.7187 11.8559 15.4592 11.5989 15.4592 11.2818V1.76033C15.4592 1.54893 15.2862 1.37756 15.0727 1.37756H1.54592C1.33247 1.37756 1.15944 1.54893 1.15944 1.76033V18.985C1.15944 19.1964 1.33247 19.3678 1.54592 19.3678H9.27551C9.59568 19.3678 9.85523 19.6249 9.85523 19.942C9.85523 20.2591 9.59568 20.5161 9.27551 20.5161H1.54592C0.692131 20.5161 0 19.8306 0 18.985V1.76033Z" fill="#EB0203"></path>
                    <path fill-rule="evenodd" clip-rule="evenodd" d="M14.6254 13.8718C13.4921 12.8567 11.7821 12.7615 10.6574 13.7147C9.12472 15.0124 9.34891 17.128 10.4413 18.2493L14.0161 21.9126C14.2199 22.1217 14.493 22.2386 14.7824 22.2386C15.0739 22.2386 15.3449 22.1238 15.5487 21.9147L19.1235 18.2514C20.2139 17.13 20.4422 15.0144 18.9075 13.7147C17.7827 12.7634 16.0726 12.8569 14.9392 13.872C14.8856 13.92 14.8333 13.9701 14.7824 14.0222C14.7314 13.97 14.6791 13.9199 14.6254 13.8718ZM18.1546 14.588C19.0972 15.3869 18.9961 16.7262 18.2891 17.4541C18.2888 17.4543 18.2886 17.4546 18.2884 17.4548L14.7834 21.0466L11.2757 17.452C11.2756 17.4519 11.2755 17.4517 11.2753 17.4516C10.5681 16.7252 10.4682 15.3856 11.4108 14.5876L11.4112 14.5872C12.0748 14.0248 13.202 14.0556 13.949 14.8205L14.7824 15.674L15.6158 14.8205C16.3618 14.0567 17.4896 14.0256 18.1545 14.5879" fill="#EB0203"></path>
                    </svg>
                    </button>
                    </div>
                    <div class="col-sm-10 col-12">
                    <div class="ct-tile-quantity d-none" data-pid="4388643">
                    <input type="hidden" class="add-to-cart-url" value="https://www.continente.pt/on/demandware.store/Sites-continente-Site/default/Cart-AddProduct">
                    <div class="d-none tile-delete-confirmation-btn" data-pid="4388643" data-delay-time="3000" data-in-cart-msg="no carrinho" data-one-product-added="Adicionado ao carrinho" data-remove-from-cart-msg="Removido do carrinho" data-stay-open="6000.0" data-confirmation-image="{&quot;url&quot;:&quot;https://www.continente.pt/dw/image/v2/BDVS_PRD/on/demandware.static/-/Sites-col-master-catalog/default/dw9b8466f2/images/col/438/4388643-cima.jpg?sw=87&amp;sh=80&quot;,&quot;fallbackimage&quot;:{&quot;url&quot;:&quot;https://www.continente.pt/dw/image/v2/BDVS_PRD/on/demandware.static/Sites-continente-Site/-/default/dw7c42b4da/images/noimagelarge_product.png?sw=87&amp;sh=80&quot;,&quot;title&quot;:&quot;Sopa de Feijão Verde&quot;,&quot;alt&quot;:&quot;Sopa de Feijão Verde&quot;},&quot;title&quot;:&quot;Sopa de Feijão Verde&quot;,&quot;alt&quot;:&quot;Sopa de Feijão Verde&quot;}"></div>
                    <div class="ct-tile-quantity-update quantity-update product-qty-vue" data-remove-action="https://www.continente.pt/on/demandware.store/Sites-continente-Site/default/Cart-RemoveProductLineItem" data-action="https://www.continente.pt/on/demandware.store/Sites-continente-Site/default/Cart-UpdateQuantity" data-dimension-update="https://www.continente.pt/on/demandware.store/Sites-continente-Site/default/Cart-DimensionUpdate" data-pid="4388643" data-uuid="2e073dafc723b03344a0e5cbc8" data-add-delay="500.0" data-measure-options="{&quot;hasConversionRate&quot;:true,&quot;hasAlternativeSaleUnit&quot;:false,&quot;primaryToSecondary&quot;:1,&quot;secondaryToPrimary&quot;:1,&quot;unitConversionRate&quot;:1,&quot;minOrderQuantity&quot;:1,&quot;stepQuantity&quot;:1,&quot;primaryunit&quot;:&quot;un&quot;,&quot;secondaryunit&quot;:&quot;kg&quot;,&quot;selectedunit&quot;:&quot;primary&quot;,&quot;maxNumberOfUnitsPerSale&quot;:50}" data-price-available="null" :data-has-error="isMaxQtyReached || isMinQtyReached || qtySelectedMoreThanOne">
                    <template v-show="prodUnits">
                    <div class="quantity-input-wrapper has-units">
                    <label class="visually-hidden" :for="'quantity-' + pid + additionalTag">
                    Quantidade no carrinho
                    </label>
                    <input :ref="'quantityInput-' + pid + additionalTag" class="add-to-cart-quantity form-control ct-form-input text-center" inputmode="numeric" :class="{'is-invalid': isInvalid}" :data-pid="pid + additionalTag" :name="'quantity-' + pid + additionalTag" type="text" aria-label="Insira a quantidade" title="" v-model="displayValue" @change="updateQuantity" @focus="updateQtyFormat" @blur="restoreQtyFormat" :disabled="!isPriceAvailable">
                    <span class="quantity-icon quantity-icon--minus">
                    <button class="decrease-quantity-btn" @click="updateQuantity" :disabled="!isPriceAvailable" role="button" aria-label="Reduzir quantidade">
                    <i class="css-math-minus"></i>
                    </button>
                    </span>
                    <span class="quantity-icon quantity-icon--plus">
                    <button class="increase-quantity-btn" @click="updateQuantity" :disabled="isMaxQtyReached || !isPriceAvailable" role="button" aria-label="Aumentar quantidade">
                    <i class="css-math-plus"></i>
                    </button>
                    <span class="quantity-btn-disabled-placeholder"></span>
                    </span>
                    <template v-if="isPDP">
                    <span class="quantity-error ct-span-error text-sm-center product-max-allocation" v-if="isMaxQtyReached">
                    Quantidade máxima atingida
                    </span>
                    <span class="quantity-error ct-span-product text-sm-center product-allocation" v-if="!isMinQtyReached &amp;&amp; !isMaxQtyReached">
                    {{quantitySelected}} no carrinho
                    </span>
                    <span class="quantity-error ct-span-error text-sm-center product-min-allocation" :data-pid="pid" v-if="isMinQtyReached &amp;&amp; !isMaxQtyReached">
                    Quantidade mínima atingida
                    </span>
                    </template>
                    </div>
                    <template v-if="showNotes">
                    <div class="add-note-link-container ">
                    <div class="add-note">
                    <a href="/produto/sopa-de-feijao-verde-continente-facil-bom-4388643.html?showNote=true" class="ct-add-note-redirect-pdp" aria-label="Adicionar comentário">
                    <span class="svg-wrapper svg-icon-notes" style="width:19px; height:20px">
                    <svg class="svg-inline icon-notes" viewBox="0 0 28 30" xmlns="http://www.w3.org/2000/svg" width="100%" height="100%"><path d="M21.738 0C22.985 0 24 1.04 24 2.319V12.47c0 .469-.37.848-.828.848-.457 0-.827-.38-.827-.848V2.32c0-.343-.273-.622-.607-.622H2.262c-.334 0-.607.279-.607.622V27.68c0 .343.273.622.607.622h7.81c.457 0 .827.38.827.849 0 .468-.37.848-.827.848h-7.81C1.015 30 0 28.96 0 27.681V2.32C0 1.04 1.015 0 2.262 0h19.476zm2.844 16.004l.227.007c.823.053 1.589.39 2.176.964.64.627.993 1.46.993 2.349 0 .888-.353 1.722-.993 2.348l-6.83 6.665c-.11.108-.247.186-.397.226l-5.032 1.363c-.078.021-.16.032-.241.032-.242 0-.478-.097-.647-.266-.23-.231-.314-.566-.218-.874l1.49-4.798c.044-.139.122-.266.227-.369l6.844-6.677c.64-.625 1.493-.97 2.401-.97zm-2.886 3.94l-4.922 4.802-.947 3.048 3.22-.872 4.897-4.78-2.248-2.197zm2.887-2.174c-.425 0-.824.162-1.124.455l-.484.472 2.248 2.197.484-.472c.62-.606.62-1.591 0-2.197l-.117-.104c-.283-.227-.636-.35-1.007-.35zm-10.839.022c.498 0 .904.396.904.883 0 .488-.406.884-.904.884H5.946c-.499 0-.904-.396-.904-.884 0-.487.405-.883.904-.883zm5.042-4.876c.498 0 .904.397.904.884s-.406.884-.904.884H5.946c-.499 0-.904-.397-.904-.884s.405-.884.904-.884zm0-4.875c.498 0 .904.396.904.884 0 .487-.406.883-.904.883H5.946c-.499 0-.904-.396-.904-.883 0-.488.405-.884.904-.884z" fill="#EB0203" fill-rule="evenodd"></path></svg>
                    </span>
                    <div class="available-note d-none"></div>
                    </a>
                    </div>
                    </div>
                    </template>
                    <div class="measurement-unit-section" v-if="isPriceAvailable &amp;&amp; prodUnits ? prodUnits.hasAlternativeUnit : false">
                    <div class="ct-form-radio" @click="setDimension">
                    <input type="radio" title="" class="ct-form-check-input product-measurement-unit" :data-type="prodUnits.selectedUnit == prodUnits.secondaryUnit ? 'primary' : ''" :id="prodUnits.secondaryUnit + '-' + pid + '-measurement-unit-ptile' + additionalTag" :name="'measurement-unit-' + pid + '-ptile' + additionalTag" :value="prodUnits.secondaryUnit" v-model="prodUnits.selectedUnit">
                    <label :class="prodUnits.secondaryUnit + '-label ct-form-check-label mb-0'" :for="prodUnits.secondaryUnit + '-' + pid + '-measurement-unit-ptile' + additionalTag">
                    {{prodUnits.secondaryUnit}}
                    </label>
                    <span class="checkmark"></span>
                    </div>
                    <div class="ct-form-radio" @click="setDimension">
                    <input type="radio" title="" class="ct-form-check-input product-measurement-unit" :data-type="prodUnits.selectedUnit == prodUnits.primaryUnit ? 'primary' : ''" :id="prodUnits.primaryUnit + '-' + pid + '-measurement-unit-ptile' + additionalTag" :name="'measurement-unit-' + pid + '-ptile' + additionalTag" :value="prodUnits.primaryUnit" v-model="prodUnits.selectedUnit">
                    <label :class="prodUnits.primaryUnit + '-label ct-form-check-label mb-0'" :for="prodUnits.primaryUnit + '-' + pid + '-measurement-unit-ptile' + additionalTag">
                    {{prodUnits.primaryUnit}}
                    </label>
                    <span class="checkmark"></span>
                    </div>
                    </div>
                    <template v-if="!isPDP &amp;&amp; isPriceAvailable">
                    <span class="quantity-error ct-span-error product-max-allocation" v-if="isMaxQtyReached">
                    Quantidade máxima atingida
                    </span>
                    <span class="quantity-error ct-span-product product-allocation" v-if="!isMinQtyReached &amp;&amp; !isMaxQtyReached">
                    {{quantitySelected}} no carrinho
                    </span>
                    <span class="quantity-error ct-span-error product-min-allocation" :data-pid="pid" v-if="isMinQtyReached &amp;&amp; !isMaxQtyReached">
                    Quantidade mínima atingida
                    </span>
                    </template>
                    </template>
                    </div>
                    <input class="quantity-value-mask d-none" name="quantity" type="number" min="0" value="">
                    </div>
                    <button type="button" class="add-to-cart button js-add-to-cart js-add-to-cart-tile 4388643 button--primary dynamic-layout-btn" data-toggle="modal" data-target="#chooseBonusProductModal" data-pid="4388643" data-quantity-value="null" aria-label="Carrinho">
                    <span class="d-block d-sm-none">
                    <span class="svg-wrapper svg-icon-cart" style="width:20px; height:20px">
                    <svg class="svg-inline icon-cart" xmlns="http://www.w3.org/2000/svg" viewBox="0 0 500 500" width="100%" height="100%"><path fill="#EB0203" fill-rule="evenodd" d="M 485.67317,94.386311 C 476.37798,83.847129 463.09468,78.03348 448.30404,78.03348 H 90.690813 L 87.079511,51.327997 C 83.185582,22.539551 62.962285,0 41.011841,0 H 14.727836 C 6.563151,0 0,6.5286975 0,14.580758 c 0,8.05206 6.5945535,14.580758 14.727836,14.580758 h 26.284005 c 4.710398,0 14.696435,9.855222 16.894619,26.021523 L 100.01739,368.0631 c 1.88416,13.77244 9.01256,26.70549 20.1605,36.37417 8.25889,7.15046 18.02511,11.9071 28.26237,13.89679 -4.17655,7.58572 -6.53175,16.25957 -6.53175,25.493 0,29.53459 24.27424,53.59751 54.13815,53.59751 29.8325,0 54.13814,-24.03184 54.13814,-53.59751 0,-8.79818 -2.19818,-17.09897 -5.9979,-24.43598 h 77.12488 c -3.79973,7.33701 -5.96652,15.6378 -5.96652,24.43598 0,29.53459 24.27424,53.59751 54.13817,53.59751 29.83249,0 54.13814,-24.03184 54.13814,-53.59751 0,-8.79818 -2.1982,-17.09897 -5.9979,-24.43598 h 38.56243 c 8.13328,0 14.72783,-6.5287 14.72783,-14.61183 0,-8.02098 -6.59455,-14.54967 -14.72783,-14.54967 H 159.24277 c -14.38241,0 -28.13677,-11.90711 -30.02092,-26.02153 l -3.07746,-22.88154 h 290.6314 c 14.03698,0 27.94834,-5.28513 39.06488,-14.95381 11.11652,-9.6376 18.27632,-22.57065 20.16048,-36.37417 l 21.10259,-156.78201 c 1.94694,-14.51858 -2.10398,-28.29103 -11.43057,-38.861299 z M 220.76053,443.82706 c 0,13.49265 -11.08513,24.46709 -24.68247,24.46709 -13.62874,0 -24.71387,-10.97444 -24.71387,-24.46709 0,-13.49262 11.08513,-24.43598 24.71387,-24.43598 13.59734,0 24.68247,10.94336 24.68247,24.43598 z m 173.43675,0 c 0,13.49265 -11.08512,24.46709 -24.68245,24.46709 -13.62876,0 -24.71388,-10.97444 -24.71388,-24.46709 0,-13.49262 11.08512,-24.43598 24.71388,-24.43598 13.59733,0 24.68245,10.94336 24.68245,24.43598 z m 73.7648,-314.46558 -21.13397,156.782 c -1.88416,14.11442 -15.63851,26.05261 -30.02091,26.05261 H 122.25046 L 94.616142,107.19499 H 448.33544 c 6.18632,0 11.61896,2.2695 15.23028,6.37326 3.64269,4.13484 5.21283,9.73086 4.39636,15.79323 z"></path></svg>
                    </span>
                    </span>
                    <span class="add-to-cart--text d-none d-sm-block">Carrinho</span>
                    </button>
                    </div>
                    </div>
                    </div>
                    </div>
                    
                    <div class="col-12 d-sm-none">
                    </div>
                    </div>
                    </div>
                    </div>
                    </div>
                    <div class="col-12 col-sm-3 col-lg-2 productTile" data-idx="7">
                    
                    <script type="text/javascript">//<!--
                    /* <![CDATA[ */
                    (function(){
                    try {
                        if(window.CQuotient) {
                        var cq_params = {};
                        
                        cq_params.cookieId = window.CQuotient.getCQCookieId();
                        cq_params.userId = window.CQuotient.getCQUserId();
                        cq_params.emailId = CQuotient.getCQHashedEmail();
                        cq_params.loginId = CQuotient.getCQHashedLogin();
                        cq_params.accumulate = true;
                        cq_params.products = [{
                            id: '6245680',
                            sku: ''
                        }];
                        cq_params.categoryId = 'refeicoes-faceis';
                        cq_params.refinements = '[{\"name\":\"priceMin\",\"value\":\"0.01\"},{\"name\":\"priceMax\",\"value\":\"null\"},{\"name\":\"curr\",\"value\":\"EUR\"},{\"name\":\"Category\",\"value\":\"refeicoes-faceis\"}]';
                        cq_params.personalized = 'false';
                        cq_params.sortingRule = 'FRESH-Refei\u00E7\u00F5es F\u00E1ceis';
                        cq_params.imageUUID = '__UNDEFINED__';
                        cq_params.realm = "BDVS";
                        cq_params.siteId = "continente";
                        cq_params.instanceType = "prd";
                        cq_params.queryLocale = "default";
                        cq_params.locale = window.CQuotient.locale;
                        
                        if(window.CQuotient.sendActivity)
                            window.CQuotient.sendActivity(CQuotient.clientId, 'viewCategory', cq_params);
                        else
                            window.CQuotient.activities.push({
                                activityType: 'viewCategory',
                                parameters: cq_params
                            });
                      }
                    } catch(err) {}
                    })();
                    /* ]]> */
                    // -->
                    </script>
                    <script type="text/javascript">//<!--
                    /* <![CDATA[ (viewCategoryProduct-active_data.js) */
                    (function(){
                    try {
                        if (dw.ac) {
                            var search_params = {};
                            search_params.persd = 'false';
                            search_params.refs = '[{\"name\":\"priceMin\",\"value\":\"0.01\"},{\"name\":\"priceMax\",\"value\":\"null\"},{\"name\":\"curr\",\"value\":\"EUR\"},{\"name\":\"Category\",\"value\":\"refeicoes-faceis\"}]';
                            search_params.sort = 'FRESH-Refei\u00E7\u00F5es F\u00E1ceis';
                            search_params.imageUUID = '';
                            search_params.searchID = 'adc2ebee-ded6-4d71-a833-c4f63de27d3e';
                            search_params.locale = 'default';
                            search_params.queryLocale = 'default';
                            search_params.showProducts = 'true';
                            dw.ac.applyContext({category: "refeicoes-faceis", searchData: search_params});
                            if (typeof dw.ac._scheduleDataSubmission === "function") {
                                dw.ac._scheduleDataSubmission();
                            }
                        }
                    } catch(err) {}
                    })();
                    /* ]]> */
                    // -->
                    </script>
                    <script type="text/javascript">//<!--
                    /* <![CDATA[ (viewProduct-active_data.js) */
                    dw.ac._capture({id: "6245680", type: "searchhit"});
                    /* ]]> */
                    // -->
                    </script>
                    <div class="product" data-pid="6245680">
                    <div class="product-tile pid-6245680 ct-product-tile data-layer-pushed" data-delay-time="3000" data-variants-mapping="[]" data-in-cart-msg="no carrinho" data-one-product-added="Adicionado ao carrinho" data-remove-from-cart-msg="Removido do carrinho" data-stay-open="6000.0" data-product-tile-impression="{&quot;name&quot;:&quot;6245680&quot;,&quot;id&quot;:&quot;6245680&quot;,&quot;price&quot;:4.99,&quot;brand&quot;:&quot;Continente Seleção Fácil &amp; Bom&quot;,&quot;category&quot;:[{&quot;category_level_1&quot;:&quot;Peixaria e Talho&quot;},{&quot;category_level_2&quot;:&quot;Talho&quot;},{&quot;category_level_3&quot;:&quot;Novilho, Vitela e Vitelão&quot;}],&quot;variant&quot;:&quot;&quot;}">
                    <div class="ct-inner-tile-wrap row no-gutters justify-content-center align-content-start">
                    
                    <div class="ct-image-container col-4 col-sm" data-confirmation-image="{&quot;url&quot;:&quot;https://www.continente.pt/dw/image/v2/BDVS_PRD/on/demandware.static/-/Sites-col-master-catalog/default/dw851369dc/images/col/624/6245680-cima.jpg?sw=87&amp;sh=80&quot;,&quot;fallbackimage&quot;:{&quot;url&quot;:&quot;https://www.continente.pt/dw/image/v2/BDVS_PRD/on/demandware.static/Sites-continente-Site/-/default/dw7c42b4da/images/noimagelarge_product.png?sw=87&amp;sh=80&quot;,&quot;title&quot;:&quot;Hambúrguer de Bovino com Picanha&quot;,&quot;alt&quot;:&quot;Hambúrguer de Bovino com Picanha&quot;},&quot;title&quot;:&quot;Hambúrguer de Bovino com Picanha&quot;,&quot;alt&quot;:&quot;Hambúrguer de Bovino com Picanha&quot;}">
                    <a href="https://www.continente.pt/produto/hamburguer-de-bovino-com-picanha-continente-selecao-facil-bom-6245680.html?cgid=refeicoes-faceis">
                    <picture class="intrinsic intrinsic--square">
                    <img class="ct-tile-image lazyloaded" loading="lazy" onerror="this.onerror=null;this.src='/on/demandware.static/Sites-continente-Site/-/default/dw7c42b4da/images/noimagelarge_product.png';" data-src="https://www.continente.pt/dw/image/v2/BDVS_PRD/on/demandware.static/-/Sites-col-master-catalog/default/dw851369dc/images/col/624/6245680-cima.jpg?sw=280&amp;sh=280" alt="Hambúrguer de Bovino com Picanha" title="Hambúrguer de Bovino com Picanha" src="https://www.continente.pt/dw/image/v2/BDVS_PRD/on/demandware.static/-/Sites-col-master-catalog/default/dw851369dc/images/col/624/6245680-cima.jpg?sw=280&amp;sh=280">
                    </picture>
                    </a>
                    <div class="color-swatches d-flex" style="margin-left: 5px;">
                    <div class="swatches d-flex">
                    </div>
                    </div>
                    </div>
                    <div class="ct-tile-body col col-sm-auto ">
                    <div class="ct-pdp-details">
                    <div class="ct-pdp-link">
                    <a class="ct-tile--description" href="https://www.continente.pt/produto/hamburguer-de-bovino-com-picanha-continente-selecao-facil-bom-6245680.html?cgid=refeicoes-faceis">Hambúrguer de Bovino com Picanha</a>
                    <div class="ct-tile--favorite-top d-sm-none">
                    <button class="wishlist-toggler guest-mode inactive button button--tertiary" data-pid="6245680" data-add-url="https://www.continente.pt/on/demandware.store/Sites-continente-Site/default/Wishlist-AddProduct?pid=6245680" data-toggle="tooltip" aria-label="Adicionar aos favoritos " data-original-title="Adicionar aos favoritos" data-placement="top">
                    <svg class="active-content" width="100%" height="100%" viewBox="0 0 20 22" fill="none" xmlns="http://www.w3.org/2000/svg">
                    <path fill-rule="evenodd" clip-rule="evenodd" d="M0 1.53052C0 0.685236 0.692171 0 1.54601 0H15.0736C15.9274 0 16.6196 0.685235 16.6196 1.53052V13.4064L15.8127 13.922L14.2658 14.2658L12.7189 13.4064L10.6054 14.3818C10.4994 14.2451 10.3327 14.157 10.1452 14.157H6.76329C6.4431 14.157 6.18354 14.414 6.18354 14.731C6.18354 15.0479 6.4431 15.3049 6.76329 15.3049H10.1452C10.2478 15.3049 10.3441 15.2785 10.4277 15.2322L10.3126 16.8439L13.2345 20.2793H1.54601C0.69217 20.2793 0 19.5941 0 18.7488V1.53052ZM6.18354 5.5483C6.18354 5.23132 6.4431 4.97436 6.76329 4.97436H12.3676C12.6878 4.97436 12.9473 5.23132 12.9473 5.5483C12.9473 5.86528 12.6878 6.12224 12.3676 6.12224H6.76329C6.4431 6.12224 6.18354 5.86528 6.18354 5.5483ZM6.76329 11.0961C6.4431 11.0961 6.18354 11.3531 6.18354 11.6701C6.18354 11.987 6.4431 12.244 6.76329 12.244H12.3676C12.6878 12.244 12.9473 11.987 12.9473 11.6701C12.9473 11.3531 12.6878 11.0961 12.3676 11.0961H6.76329ZM6.18354 8.60985C6.18354 8.29287 6.4431 8.03591 6.76329 8.03591H12.3676C12.6878 8.03591 12.9473 8.29287 12.9473 8.60985C12.9473 8.92684 12.6878 9.1838 12.3676 9.1838H6.76329C6.4431 9.1838 6.18354 8.92684 6.18354 8.60985ZM3.67118 5.5483C3.67118 5.23132 3.93075 4.97436 4.25093 4.97436H4.63743C4.95762 4.97436 5.21719 5.23132 5.21719 5.5483C5.21719 5.86528 4.95762 6.12224 4.63743 6.12224H4.25093C3.93075 6.12224 3.67118 5.86528 3.67118 5.5483ZM4.25093 11.0961C3.93075 11.0961 3.67118 11.3531 3.67118 11.6701C3.67118 11.987 3.93075 12.244 4.25093 12.244H4.63743C4.95762 12.244 5.21719 11.987 5.21719 11.6701C5.21719 11.3531 4.95762 11.0961 4.63743 11.0961H4.25093ZM3.67118 8.60985C3.67118 8.29287 3.93075 8.03591 4.25093 8.03591H4.63743C4.95762 8.03591 5.21719 8.29287 5.21719 8.60985C5.21719 8.92684 4.95762 9.1838 4.63743 9.1838H4.25093C3.93075 9.1838 3.67118 8.92684 3.67118 8.60985ZM4.25093 14.157C3.93075 14.157 3.67118 14.414 3.67118 14.731C3.67118 15.0479 3.93075 15.3049 4.25093 15.3049H4.63743C4.95762 15.3049 5.21719 15.0479 5.21719 14.731C5.21719 14.414 4.95762 14.157 4.63743 14.157H4.25093Z" fill="#EB0203"></path>
                    <path fill-rule="evenodd" clip-rule="evenodd" d="M14.6252 13.6363C13.4918 12.6215 11.7817 12.5264 10.6569 13.4792C9.12421 14.7764 9.34841 16.8912 10.4409 18.0122L14.0159 21.6742C14.2197 21.8832 14.4928 22 14.7822 22C15.0737 22 15.3448 21.8852 15.5486 21.6762L19.1236 18.0142C20.214 16.8933 20.4423 14.7785 18.9075 13.4792C17.7827 12.5283 16.0724 12.6217 14.9391 13.6365C14.8855 13.6845 14.8331 13.7345 14.7822 13.7866C14.7313 13.7345 14.6789 13.6843 14.6252 13.6363ZM18.1546 14.3522C19.0973 15.1508 18.9962 16.4896 18.2891 17.2173C18.2888 17.2175 18.2886 17.2177 18.2884 17.218L14.7832 20.8084L11.2753 17.2151C11.2752 17.215 11.2751 17.2149 11.2749 17.2148C10.5677 16.4887 10.4678 15.1495 11.4104 14.3518L11.4108 14.3514C12.0745 13.7892 13.2018 13.82 13.9488 14.5846L14.7822 15.4378L15.6157 14.5846C16.3617 13.8211 17.4896 13.79 18.1545 14.3521" fill="#EB0203"></path>
                    </svg>
                    <svg class="inactive-content" width="100%" height="100%" viewBox="0 0 20 23" fill="none" xmlns="http://www.w3.org/2000/svg">
                    <path fill-rule="evenodd" clip-rule="evenodd" d="M6.18408 5.77914C6.18408 5.46223 6.44363 5.20532 6.7638 5.20532H12.3678C12.6879 5.20532 12.9475 5.46223 12.9475 5.77914C12.9475 6.09606 12.6879 6.35297 12.3678 6.35297H6.7638C6.44363 6.35297 6.18408 6.09606 6.18408 5.77914Z" fill="#EB0203"></path>
                    <path fill-rule="evenodd" clip-rule="evenodd" d="M6.18408 11.9034C6.18408 11.5865 6.44363 11.3296 6.7638 11.3296H12.3678C12.6879 11.3296 12.9475 11.5865 12.9475 11.9034C12.9475 12.2202 12.6879 12.4771 12.3678 12.4771H6.7638C6.44363 12.4771 6.18408 12.2202 6.18408 11.9034Z" fill="#EB0203"></path>
                    <path fill-rule="evenodd" clip-rule="evenodd" d="M6.18408 8.84116C6.18408 8.52424 6.44363 8.26733 6.7638 8.26733H12.3678C12.6879 8.26733 12.9475 8.52424 12.9475 8.84116C12.9475 9.15807 12.6879 9.41498 12.3678 9.41498H6.7638C6.44363 9.41498 6.18408 9.15807 6.18408 8.84116Z" fill="#EB0203"></path>
                    <path fill-rule="evenodd" clip-rule="evenodd" d="M6.18408 14.9655C6.18408 14.6486 6.44363 14.3917 6.7638 14.3917H10.1455C10.4657 14.3917 10.7252 14.6486 10.7252 14.9655C10.7252 15.2825 10.4657 15.5394 10.1455 15.5394H6.7638C6.44363 15.5394 6.18408 15.2825 6.18408 14.9655Z" fill="#EB0203"></path>
                    <path fill-rule="evenodd" clip-rule="evenodd" d="M3.67139 5.77914C3.67139 5.46223 3.93094 5.20532 4.25111 5.20532H4.63759C4.95776 5.20532 5.21731 5.46223 5.21731 5.77914C5.21731 6.09606 4.95776 6.35297 4.63759 6.35297H4.25111C3.93094 6.35297 3.67139 6.09606 3.67139 5.77914Z" fill="#EB0203"></path>
                    <path fill-rule="evenodd" clip-rule="evenodd" d="M3.67139 11.9034C3.67139 11.5865 3.93094 11.3296 4.25111 11.3296H4.63759C4.95776 11.3296 5.21731 11.5865 5.21731 11.9034C5.21731 12.2202 4.95776 12.4771 4.63759 12.4771H4.25111C3.93094 12.4771 3.67139 12.2202 3.67139 11.9034Z" fill="#EB0203"></path>
                    <path fill-rule="evenodd" clip-rule="evenodd" d="M3.67139 8.84116C3.67139 8.52424 3.93094 8.26733 4.25111 8.26733H4.63759C4.95776 8.26733 5.21731 8.52424 5.21731 8.84116C5.21731 9.15807 4.95776 9.41498 4.63759 9.41498H4.25111C3.93094 9.41498 3.67139 9.15807 3.67139 8.84116Z" fill="#EB0203"></path>
                    <path fill-rule="evenodd" clip-rule="evenodd" d="M3.67139 14.9655C3.67139 14.6486 3.93094 14.3917 4.25111 14.3917H4.63759C4.95776 14.3917 5.21731 14.6486 5.21731 14.9655C5.21731 15.2825 4.95776 15.5394 4.63759 15.5394H4.25111C3.93094 15.5394 3.67139 15.2825 3.67139 14.9655Z" fill="#EB0203"></path>
                    <path fill-rule="evenodd" clip-rule="evenodd" d="M0 1.76033C0 0.914738 0.692131 0.229248 1.54592 0.229248H15.0727C15.9265 0.229248 16.6186 0.914738 16.6186 1.76033V11.2818C16.6186 11.5989 16.3591 11.8559 16.0389 11.8559C15.7187 11.8559 15.4592 11.5989 15.4592 11.2818V1.76033C15.4592 1.54893 15.2862 1.37756 15.0727 1.37756H1.54592C1.33247 1.37756 1.15944 1.54893 1.15944 1.76033V18.985C1.15944 19.1964 1.33247 19.3678 1.54592 19.3678H9.27551C9.59568 19.3678 9.85523 19.6249 9.85523 19.942C9.85523 20.2591 9.59568 20.5161 9.27551 20.5161H1.54592C0.692131 20.5161 0 19.8306 0 18.985V1.76033Z" fill="#EB0203"></path>
                    <path fill-rule="evenodd" clip-rule="evenodd" d="M14.6254 13.8718C13.4921 12.8567 11.7821 12.7615 10.6574 13.7147C9.12472 15.0124 9.34891 17.128 10.4413 18.2493L14.0161 21.9126C14.2199 22.1217 14.493 22.2386 14.7824 22.2386C15.0739 22.2386 15.3449 22.1238 15.5487 21.9147L19.1235 18.2514C20.2139 17.13 20.4422 15.0144 18.9075 13.7147C17.7827 12.7634 16.0726 12.8569 14.9392 13.872C14.8856 13.92 14.8333 13.9701 14.7824 14.0222C14.7314 13.97 14.6791 13.9199 14.6254 13.8718ZM18.1546 14.588C19.0972 15.3869 18.9961 16.7262 18.2891 17.4541C18.2888 17.4543 18.2886 17.4546 18.2884 17.4548L14.7834 21.0466L11.2757 17.452C11.2756 17.4519 11.2755 17.4517 11.2753 17.4516C10.5681 16.7252 10.4682 15.3856 11.4108 14.5876L11.4112 14.5872C12.0748 14.0248 13.202 14.0556 13.949 14.8205L14.7824 15.674L15.6158 14.8205C16.3618 14.0567 17.4896 14.0256 18.1545 14.5879" fill="#EB0203"></path>
                    </svg>
                    </button>
                    </div>
                    </div>
                    <p class="ct-tile--brand">Continente Seleção Fácil &amp; Bom</p>
                    <p class="ct-tile--quantity">emb. 480 gr (4 un)</p>
                    </div>
                    <div class="ct-tile-bottom row no-gutters justify-content-between">
                    <div class="ct-price-wrap col-8 col-sm-12">
                    <div class="price js-product-price">
                    <div class="prices-wrapper">
                    <span class="sales ct-tile--price-primary ">
                    <span class="value" content="4.99">
                    <span class="ct-price-formatted">
                    €4,99
                    </span>
                    <span class="ct-m-unit">
                    /un
                    </span>
                    </span>
                    </span>
                    </div>
                    <div class="ct-tile--price-secondary">
                    <span class="ct-price-value">
                    €10,40
                    </span>
                    <span class="ct-m-unit">
                    /kg
                    </span>
                    </div>
                    </div>
                    </div>
                    <div class="ct-tile-buy-section d-flex justify-content-center no-gutters col-auto col-sm-12">
                    <div class="col-2 d-sm-flex d-none">
                    <button class="wishlist-toggler guest-mode inactive button button--tertiary" data-pid="6245680" data-add-url="https://www.continente.pt/on/demandware.store/Sites-continente-Site/default/Wishlist-AddProduct?pid=6245680" data-toggle="tooltip" aria-label="Adicionar aos favoritos " data-original-title="Adicionar aos favoritos" data-placement="top">
                    <svg class="active-content" width="100%" height="100%" viewBox="0 0 20 22" fill="none" xmlns="http://www.w3.org/2000/svg">
                    <path fill-rule="evenodd" clip-rule="evenodd" d="M0 1.53052C0 0.685236 0.692171 0 1.54601 0H15.0736C15.9274 0 16.6196 0.685235 16.6196 1.53052V13.4064L15.8127 13.922L14.2658 14.2658L12.7189 13.4064L10.6054 14.3818C10.4994 14.2451 10.3327 14.157 10.1452 14.157H6.76329C6.4431 14.157 6.18354 14.414 6.18354 14.731C6.18354 15.0479 6.4431 15.3049 6.76329 15.3049H10.1452C10.2478 15.3049 10.3441 15.2785 10.4277 15.2322L10.3126 16.8439L13.2345 20.2793H1.54601C0.69217 20.2793 0 19.5941 0 18.7488V1.53052ZM6.18354 5.5483C6.18354 5.23132 6.4431 4.97436 6.76329 4.97436H12.3676C12.6878 4.97436 12.9473 5.23132 12.9473 5.5483C12.9473 5.86528 12.6878 6.12224 12.3676 6.12224H6.76329C6.4431 6.12224 6.18354 5.86528 6.18354 5.5483ZM6.76329 11.0961C6.4431 11.0961 6.18354 11.3531 6.18354 11.6701C6.18354 11.987 6.4431 12.244 6.76329 12.244H12.3676C12.6878 12.244 12.9473 11.987 12.9473 11.6701C12.9473 11.3531 12.6878 11.0961 12.3676 11.0961H6.76329ZM6.18354 8.60985C6.18354 8.29287 6.4431 8.03591 6.76329 8.03591H12.3676C12.6878 8.03591 12.9473 8.29287 12.9473 8.60985C12.9473 8.92684 12.6878 9.1838 12.3676 9.1838H6.76329C6.4431 9.1838 6.18354 8.92684 6.18354 8.60985ZM3.67118 5.5483C3.67118 5.23132 3.93075 4.97436 4.25093 4.97436H4.63743C4.95762 4.97436 5.21719 5.23132 5.21719 5.5483C5.21719 5.86528 4.95762 6.12224 4.63743 6.12224H4.25093C3.93075 6.12224 3.67118 5.86528 3.67118 5.5483ZM4.25093 11.0961C3.93075 11.0961 3.67118 11.3531 3.67118 11.6701C3.67118 11.987 3.93075 12.244 4.25093 12.244H4.63743C4.95762 12.244 5.21719 11.987 5.21719 11.6701C5.21719 11.3531 4.95762 11.0961 4.63743 11.0961H4.25093ZM3.67118 8.60985C3.67118 8.29287 3.93075 8.03591 4.25093 8.03591H4.63743C4.95762 8.03591 5.21719 8.29287 5.21719 8.60985C5.21719 8.92684 4.95762 9.1838 4.63743 9.1838H4.25093C3.93075 9.1838 3.67118 8.92684 3.67118 8.60985ZM4.25093 14.157C3.93075 14.157 3.67118 14.414 3.67118 14.731C3.67118 15.0479 3.93075 15.3049 4.25093 15.3049H4.63743C4.95762 15.3049 5.21719 15.0479 5.21719 14.731C5.21719 14.414 4.95762 14.157 4.63743 14.157H4.25093Z" fill="#EB0203"></path>
                    <path fill-rule="evenodd" clip-rule="evenodd" d="M14.6252 13.6363C13.4918 12.6215 11.7817 12.5264 10.6569 13.4792C9.12421 14.7764 9.34841 16.8912 10.4409 18.0122L14.0159 21.6742C14.2197 21.8832 14.4928 22 14.7822 22C15.0737 22 15.3448 21.8852 15.5486 21.6762L19.1236 18.0142C20.214 16.8933 20.4423 14.7785 18.9075 13.4792C17.7827 12.5283 16.0724 12.6217 14.9391 13.6365C14.8855 13.6845 14.8331 13.7345 14.7822 13.7866C14.7313 13.7345 14.6789 13.6843 14.6252 13.6363ZM18.1546 14.3522C19.0973 15.1508 18.9962 16.4896 18.2891 17.2173C18.2888 17.2175 18.2886 17.2177 18.2884 17.218L14.7832 20.8084L11.2753 17.2151C11.2752 17.215 11.2751 17.2149 11.2749 17.2148C10.5677 16.4887 10.4678 15.1495 11.4104 14.3518L11.4108 14.3514C12.0745 13.7892 13.2018 13.82 13.9488 14.5846L14.7822 15.4378L15.6157 14.5846C16.3617 13.8211 17.4896 13.79 18.1545 14.3521" fill="#EB0203"></path>
                    </svg>
                    <svg class="inactive-content" width="100%" height="100%" viewBox="0 0 20 23" fill="none" xmlns="http://www.w3.org/2000/svg">
                    <path fill-rule="evenodd" clip-rule="evenodd" d="M6.18408 5.77914C6.18408 5.46223 6.44363 5.20532 6.7638 5.20532H12.3678C12.6879 5.20532 12.9475 5.46223 12.9475 5.77914C12.9475 6.09606 12.6879 6.35297 12.3678 6.35297H6.7638C6.44363 6.35297 6.18408 6.09606 6.18408 5.77914Z" fill="#EB0203"></path>
                    <path fill-rule="evenodd" clip-rule="evenodd" d="M6.18408 11.9034C6.18408 11.5865 6.44363 11.3296 6.7638 11.3296H12.3678C12.6879 11.3296 12.9475 11.5865 12.9475 11.9034C12.9475 12.2202 12.6879 12.4771 12.3678 12.4771H6.7638C6.44363 12.4771 6.18408 12.2202 6.18408 11.9034Z" fill="#EB0203"></path>
                    <path fill-rule="evenodd" clip-rule="evenodd" d="M6.18408 8.84116C6.18408 8.52424 6.44363 8.26733 6.7638 8.26733H12.3678C12.6879 8.26733 12.9475 8.52424 12.9475 8.84116C12.9475 9.15807 12.6879 9.41498 12.3678 9.41498H6.7638C6.44363 9.41498 6.18408 9.15807 6.18408 8.84116Z" fill="#EB0203"></path>
                    <path fill-rule="evenodd" clip-rule="evenodd" d="M6.18408 14.9655C6.18408 14.6486 6.44363 14.3917 6.7638 14.3917H10.1455C10.4657 14.3917 10.7252 14.6486 10.7252 14.9655C10.7252 15.2825 10.4657 15.5394 10.1455 15.5394H6.7638C6.44363 15.5394 6.18408 15.2825 6.18408 14.9655Z" fill="#EB0203"></path>
                    <path fill-rule="evenodd" clip-rule="evenodd" d="M3.67139 5.77914C3.67139 5.46223 3.93094 5.20532 4.25111 5.20532H4.63759C4.95776 5.20532 5.21731 5.46223 5.21731 5.77914C5.21731 6.09606 4.95776 6.35297 4.63759 6.35297H4.25111C3.93094 6.35297 3.67139 6.09606 3.67139 5.77914Z" fill="#EB0203"></path>
                    <path fill-rule="evenodd" clip-rule="evenodd" d="M3.67139 11.9034C3.67139 11.5865 3.93094 11.3296 4.25111 11.3296H4.63759C4.95776 11.3296 5.21731 11.5865 5.21731 11.9034C5.21731 12.2202 4.95776 12.4771 4.63759 12.4771H4.25111C3.93094 12.4771 3.67139 12.2202 3.67139 11.9034Z" fill="#EB0203"></path>
                    <path fill-rule="evenodd" clip-rule="evenodd" d="M3.67139 8.84116C3.67139 8.52424 3.93094 8.26733 4.25111 8.26733H4.63759C4.95776 8.26733 5.21731 8.52424 5.21731 8.84116C5.21731 9.15807 4.95776 9.41498 4.63759 9.41498H4.25111C3.93094 9.41498 3.67139 9.15807 3.67139 8.84116Z" fill="#EB0203"></path>
                    <path fill-rule="evenodd" clip-rule="evenodd" d="M3.67139 14.9655C3.67139 14.6486 3.93094 14.3917 4.25111 14.3917H4.63759C4.95776 14.3917 5.21731 14.6486 5.21731 14.9655C5.21731 15.2825 4.95776 15.5394 4.63759 15.5394H4.25111C3.93094 15.5394 3.67139 15.2825 3.67139 14.9655Z" fill="#EB0203"></path>
                    <path fill-rule="evenodd" clip-rule="evenodd" d="M0 1.76033C0 0.914738 0.692131 0.229248 1.54592 0.229248H15.0727C15.9265 0.229248 16.6186 0.914738 16.6186 1.76033V11.2818C16.6186 11.5989 16.3591 11.8559 16.0389 11.8559C15.7187 11.8559 15.4592 11.5989 15.4592 11.2818V1.76033C15.4592 1.54893 15.2862 1.37756 15.0727 1.37756H1.54592C1.33247 1.37756 1.15944 1.54893 1.15944 1.76033V18.985C1.15944 19.1964 1.33247 19.3678 1.54592 19.3678H9.27551C9.59568 19.3678 9.85523 19.6249 9.85523 19.942C9.85523 20.2591 9.59568 20.5161 9.27551 20.5161H1.54592C0.692131 20.5161 0 19.8306 0 18.985V1.76033Z" fill="#EB0203"></path>
                    <path fill-rule="evenodd" clip-rule="evenodd" d="M14.6254 13.8718C13.4921 12.8567 11.7821 12.7615 10.6574 13.7147C9.12472 15.0124 9.34891 17.128 10.4413 18.2493L14.0161 21.9126C14.2199 22.1217 14.493 22.2386 14.7824 22.2386C15.0739 22.2386 15.3449 22.1238 15.5487 21.9147L19.1235 18.2514C20.2139 17.13 20.4422 15.0144 18.9075 13.7147C17.7827 12.7634 16.0726 12.8569 14.9392 13.872C14.8856 13.92 14.8333 13.9701 14.7824 14.0222C14.7314 13.97 14.6791 13.9199 14.6254 13.8718ZM18.1546 14.588C19.0972 15.3869 18.9961 16.7262 18.2891 17.4541C18.2888 17.4543 18.2886 17.4546 18.2884 17.4548L14.7834 21.0466L11.2757 17.452C11.2756 17.4519 11.2755 17.4517 11.2753 17.4516C10.5681 16.7252 10.4682 15.3856 11.4108 14.5876L11.4112 14.5872C12.0748 14.0248 13.202 14.0556 13.949 14.8205L14.7824 15.674L15.6158 14.8205C16.3618 14.0567 17.4896 14.0256 18.1545 14.5879" fill="#EB0203"></path>
                    </svg>
                    </button>
                    </div>
                    <div class="col-sm-10 col-12">
                    <div class="ct-tile-quantity d-none" data-pid="6245680">
                    <input type="hidden" class="add-to-cart-url" value="https://www.continente.pt/on/demandware.store/Sites-continente-Site/default/Cart-AddProduct">
                    <div class="d-none tile-delete-confirmation-btn" data-pid="6245680" data-delay-time="3000" data-in-cart-msg="no carrinho" data-one-product-added="Adicionado ao carrinho" data-remove-from-cart-msg="Removido do carrinho" data-stay-open="6000.0" data-confirmation-image="{&quot;url&quot;:&quot;https://www.continente.pt/dw/image/v2/BDVS_PRD/on/demandware.static/-/Sites-col-master-catalog/default/dw851369dc/images/col/624/6245680-cima.jpg?sw=87&amp;sh=80&quot;,&quot;fallbackimage&quot;:{&quot;url&quot;:&quot;https://www.continente.pt/dw/image/v2/BDVS_PRD/on/demandware.static/Sites-continente-Site/-/default/dw7c42b4da/images/noimagelarge_product.png?sw=87&amp;sh=80&quot;,&quot;title&quot;:&quot;Hambúrguer de Bovino com Picanha&quot;,&quot;alt&quot;:&quot;Hambúrguer de Bovino com Picanha&quot;},&quot;title&quot;:&quot;Hambúrguer de Bovino com Picanha&quot;,&quot;alt&quot;:&quot;Hambúrguer de Bovino com Picanha&quot;}"></div>
                    <div class="ct-tile-quantity-update quantity-update product-qty-vue" data-remove-action="https://www.continente.pt/on/demandware.store/Sites-continente-Site/default/Cart-RemoveProductLineItem" data-action="https://www.continente.pt/on/demandware.store/Sites-continente-Site/default/Cart-UpdateQuantity" data-dimension-update="https://www.continente.pt/on/demandware.store/Sites-continente-Site/default/Cart-DimensionUpdate" data-pid="6245680" data-uuid="989c5390fe17fdd29e86c26669" data-add-delay="500.0" data-measure-options="{&quot;hasConversionRate&quot;:false,&quot;hasAlternativeSaleUnit&quot;:false,&quot;unitConversionRate&quot;:0,&quot;minOrderQuantity&quot;:1,&quot;stepQuantity&quot;:1,&quot;primaryunit&quot;:&quot;un&quot;,&quot;secondaryunit&quot;:&quot;kg&quot;,&quot;selectedunit&quot;:&quot;primary&quot;,&quot;maxNumberOfUnitsPerSale&quot;:50}" data-price-available="null" :data-has-error="isMaxQtyReached || isMinQtyReached || qtySelectedMoreThanOne">
                    <template v-show="prodUnits">
                    <div class="quantity-input-wrapper has-units">
                    <label class="visually-hidden" :for="'quantity-' + pid + additionalTag">
                    Quantidade no carrinho
                    </label>
                    <input :ref="'quantityInput-' + pid + additionalTag" class="add-to-cart-quantity form-control ct-form-input text-center" inputmode="numeric" :class="{'is-invalid': isInvalid}" :data-pid="pid + additionalTag" :name="'quantity-' + pid + additionalTag" type="text" aria-label="Insira a quantidade" title="" v-model="displayValue" @change="updateQuantity" @focus="updateQtyFormat" @blur="restoreQtyFormat" :disabled="!isPriceAvailable">
                    <span class="quantity-icon quantity-icon--minus">
                    <button class="decrease-quantity-btn" @click="updateQuantity" :disabled="!isPriceAvailable" role="button" aria-label="Reduzir quantidade">
                    <i class="css-math-minus"></i>
                    </button>
                    </span>
                    <span class="quantity-icon quantity-icon--plus">
                    <button class="increase-quantity-btn" @click="updateQuantity" :disabled="isMaxQtyReached || !isPriceAvailable" role="button" aria-label="Aumentar quantidade">
                    <i class="css-math-plus"></i>
                    </button>
                    <span class="quantity-btn-disabled-placeholder"></span>
                    </span>
                    <template v-if="isPDP">
                    <span class="quantity-error ct-span-error text-sm-center product-max-allocation" v-if="isMaxQtyReached">
                    Quantidade máxima atingida
                    </span>
                    <span class="quantity-error ct-span-product text-sm-center product-allocation" v-if="!isMinQtyReached &amp;&amp; !isMaxQtyReached">
                    {{quantitySelected}} no carrinho
                    </span>
                    <span class="quantity-error ct-span-error text-sm-center product-min-allocation" :data-pid="pid" v-if="isMinQtyReached &amp;&amp; !isMaxQtyReached">
                    Quantidade mínima atingida
                    </span>
                    </template>
                    </div>
                    <template v-if="showNotes">
                    <div class="add-note-link-container ">
                    <div class="add-note">
                    <a href="/produto/hamburguer-de-bovino-com-picanha-continente-selecao-facil-bom-6245680.html?showNote=true" class="ct-add-note-redirect-pdp" aria-label="Adicionar comentário">
                    <span class="svg-wrapper svg-icon-notes" style="width:19px; height:20px">
                    <svg class="svg-inline icon-notes" viewBox="0 0 28 30" xmlns="http://www.w3.org/2000/svg" width="100%" height="100%"><path d="M21.738 0C22.985 0 24 1.04 24 2.319V12.47c0 .469-.37.848-.828.848-.457 0-.827-.38-.827-.848V2.32c0-.343-.273-.622-.607-.622H2.262c-.334 0-.607.279-.607.622V27.68c0 .343.273.622.607.622h7.81c.457 0 .827.38.827.849 0 .468-.37.848-.827.848h-7.81C1.015 30 0 28.96 0 27.681V2.32C0 1.04 1.015 0 2.262 0h19.476zm2.844 16.004l.227.007c.823.053 1.589.39 2.176.964.64.627.993 1.46.993 2.349 0 .888-.353 1.722-.993 2.348l-6.83 6.665c-.11.108-.247.186-.397.226l-5.032 1.363c-.078.021-.16.032-.241.032-.242 0-.478-.097-.647-.266-.23-.231-.314-.566-.218-.874l1.49-4.798c.044-.139.122-.266.227-.369l6.844-6.677c.64-.625 1.493-.97 2.401-.97zm-2.886 3.94l-4.922 4.802-.947 3.048 3.22-.872 4.897-4.78-2.248-2.197zm2.887-2.174c-.425 0-.824.162-1.124.455l-.484.472 2.248 2.197.484-.472c.62-.606.62-1.591 0-2.197l-.117-.104c-.283-.227-.636-.35-1.007-.35zm-10.839.022c.498 0 .904.396.904.883 0 .488-.406.884-.904.884H5.946c-.499 0-.904-.396-.904-.884 0-.487.405-.883.904-.883zm5.042-4.876c.498 0 .904.397.904.884s-.406.884-.904.884H5.946c-.499 0-.904-.397-.904-.884s.405-.884.904-.884zm0-4.875c.498 0 .904.396.904.884 0 .487-.406.883-.904.883H5.946c-.499 0-.904-.396-.904-.883 0-.488.405-.884.904-.884z" fill="#EB0203" fill-rule="evenodd"></path></svg>
                    </span>
                    <div class="available-note d-none"></div>
                    </a>
                    </div>
                    </div>
                    </template>
                    <div class="measurement-unit-section" v-if="isPriceAvailable &amp;&amp; prodUnits ? prodUnits.hasAlternativeUnit : false">
                    <div class="ct-form-radio" @click="setDimension">
                    <input type="radio" title="" class="ct-form-check-input product-measurement-unit" :data-type="prodUnits.selectedUnit == prodUnits.secondaryUnit ? 'primary' : ''" :id="prodUnits.secondaryUnit + '-' + pid + '-measurement-unit-ptile' + additionalTag" :name="'measurement-unit-' + pid + '-ptile' + additionalTag" :value="prodUnits.secondaryUnit" v-model="prodUnits.selectedUnit">
                    <label :class="prodUnits.secondaryUnit + '-label ct-form-check-label mb-0'" :for="prodUnits.secondaryUnit + '-' + pid + '-measurement-unit-ptile' + additionalTag">
                    {{prodUnits.secondaryUnit}}
                    </label>
                    <span class="checkmark"></span>
                    </div>
                    <div class="ct-form-radio" @click="setDimension">
                    <input type="radio" title="" class="ct-form-check-input product-measurement-unit" :data-type="prodUnits.selectedUnit == prodUnits.primaryUnit ? 'primary' : ''" :id="prodUnits.primaryUnit + '-' + pid + '-measurement-unit-ptile' + additionalTag" :name="'measurement-unit-' + pid + '-ptile' + additionalTag" :value="prodUnits.primaryUnit" v-model="prodUnits.selectedUnit">
                    <label :class="prodUnits.primaryUnit + '-label ct-form-check-label mb-0'" :for="prodUnits.primaryUnit + '-' + pid + '-measurement-unit-ptile' + additionalTag">
                    {{prodUnits.primaryUnit}}
                    </label>
                    <span class="checkmark"></span>
                    </div>
                    </div>
                    <template v-if="!isPDP &amp;&amp; isPriceAvailable">
                    <span class="quantity-error ct-span-error product-max-allocation" v-if="isMaxQtyReached">
                    Quantidade máxima atingida
                    </span>
                    <span class="quantity-error ct-span-product product-allocation" v-if="!isMinQtyReached &amp;&amp; !isMaxQtyReached">
                    {{quantitySelected}} no carrinho
                    </span>
                    <span class="quantity-error ct-span-error product-min-allocation" :data-pid="pid" v-if="isMinQtyReached &amp;&amp; !isMaxQtyReached">
                    Quantidade mínima atingida
                    </span>
                    </template>
                    </template>
                    </div>
                    <input class="quantity-value-mask d-none" name="quantity" type="number" min="0" value="">
                    </div>
                    <button type="button" class="add-to-cart button js-add-to-cart js-add-to-cart-tile 6245680 button--primary dynamic-layout-btn" data-toggle="modal" data-target="#chooseBonusProductModal" data-pid="6245680" data-quantity-value="null" aria-label="Carrinho">
                    <span class="d-block d-sm-none">
                    <span class="svg-wrapper svg-icon-cart" style="width:20px; height:20px">
                    <svg class="svg-inline icon-cart" xmlns="http://www.w3.org/2000/svg" viewBox="0 0 500 500" width="100%" height="100%"><path fill="#EB0203" fill-rule="evenodd" d="M 485.67317,94.386311 C 476.37798,83.847129 463.09468,78.03348 448.30404,78.03348 H 90.690813 L 87.079511,51.327997 C 83.185582,22.539551 62.962285,0 41.011841,0 H 14.727836 C 6.563151,0 0,6.5286975 0,14.580758 c 0,8.05206 6.5945535,14.580758 14.727836,14.580758 h 26.284005 c 4.710398,0 14.696435,9.855222 16.894619,26.021523 L 100.01739,368.0631 c 1.88416,13.77244 9.01256,26.70549 20.1605,36.37417 8.25889,7.15046 18.02511,11.9071 28.26237,13.89679 -4.17655,7.58572 -6.53175,16.25957 -6.53175,25.493 0,29.53459 24.27424,53.59751 54.13815,53.59751 29.8325,0 54.13814,-24.03184 54.13814,-53.59751 0,-8.79818 -2.19818,-17.09897 -5.9979,-24.43598 h 77.12488 c -3.79973,7.33701 -5.96652,15.6378 -5.96652,24.43598 0,29.53459 24.27424,53.59751 54.13817,53.59751 29.83249,0 54.13814,-24.03184 54.13814,-53.59751 0,-8.79818 -2.1982,-17.09897 -5.9979,-24.43598 h 38.56243 c 8.13328,0 14.72783,-6.5287 14.72783,-14.61183 0,-8.02098 -6.59455,-14.54967 -14.72783,-14.54967 H 159.24277 c -14.38241,0 -28.13677,-11.90711 -30.02092,-26.02153 l -3.07746,-22.88154 h 290.6314 c 14.03698,0 27.94834,-5.28513 39.06488,-14.95381 11.11652,-9.6376 18.27632,-22.57065 20.16048,-36.37417 l 21.10259,-156.78201 c 1.94694,-14.51858 -2.10398,-28.29103 -11.43057,-38.861299 z M 220.76053,443.82706 c 0,13.49265 -11.08513,24.46709 -24.68247,24.46709 -13.62874,0 -24.71387,-10.97444 -24.71387,-24.46709 0,-13.49262 11.08513,-24.43598 24.71387,-24.43598 13.59734,0 24.68247,10.94336 24.68247,24.43598 z m 173.43675,0 c 0,13.49265 -11.08512,24.46709 -24.68245,24.46709 -13.62876,0 -24.71388,-10.97444 -24.71388,-24.46709 0,-13.49262 11.08512,-24.43598 24.71388,-24.43598 13.59733,0 24.68245,10.94336 24.68245,24.43598 z m 73.7648,-314.46558 -21.13397,156.782 c -1.88416,14.11442 -15.63851,26.05261 -30.02091,26.05261 H 122.25046 L 94.616142,107.19499 H 448.33544 c 6.18632,0 11.61896,2.2695 15.23028,6.37326 3.64269,4.13484 5.21283,9.73086 4.39636,15.79323 z"></path></svg>
                    </span>
                    </span>
                    <span class="add-to-cart--text d-none d-sm-block">Carrinho</span>
                    </button>
                    </div>
                    </div>
                    </div>
                    </div>
                    
                    <div class="col-12 d-sm-none">
                    </div>
                    </div>
                    </div>
                    </div>
                    </div>
                    <div class="col-12 col-sm-3 col-lg-2 productTile" data-idx="8">
                    
                    <script type="text/javascript">//<!--
                    /* <![CDATA[ */
                    (function(){
                    try {
                        if(window.CQuotient) {
                        var cq_params = {};
                        
                        cq_params.cookieId = window.CQuotient.getCQCookieId();
                        cq_params.userId = window.CQuotient.getCQUserId();
                        cq_params.emailId = CQuotient.getCQHashedEmail();
                        cq_params.loginId = CQuotient.getCQHashedLogin();
                        cq_params.accumulate = true;
                        cq_params.products = [{
                            id: '4716698',
                            sku: ''
                        }];
                        cq_params.categoryId = 'refeicoes-faceis';
                        cq_params.refinements = '[{\"name\":\"priceMin\",\"value\":\"0.01\"},{\"name\":\"priceMax\",\"value\":\"null\"},{\"name\":\"curr\",\"value\":\"EUR\"},{\"name\":\"Category\",\"value\":\"refeicoes-faceis\"}]';
                        cq_params.personalized = 'false';
                        cq_params.sortingRule = 'FRESH-Refei\u00E7\u00F5es F\u00E1ceis';
                        cq_params.imageUUID = '__UNDEFINED__';
                        cq_params.realm = "BDVS";
                        cq_params.siteId = "continente";
                        cq_params.instanceType = "prd";
                        cq_params.queryLocale = "default";
                        cq_params.locale = window.CQuotient.locale;
                        
                        if(window.CQuotient.sendActivity)
                            window.CQuotient.sendActivity(CQuotient.clientId, 'viewCategory', cq_params);
                        else
                            window.CQuotient.activities.push({
                                activityType: 'viewCategory',
                                parameters: cq_params
                            });
                      }
                    } catch(err) {}
                    })();
                    /* ]]> */
                    // -->
                    </script>
                    <script type="text/javascript">//<!--
                    /* <![CDATA[ (viewCategoryProduct-active_data.js) */
                    (function(){
                    try {
                        if (dw.ac) {
                            var search_params = {};
                            search_params.persd = 'false';
                            search_params.refs = '[{\"name\":\"priceMin\",\"value\":\"0.01\"},{\"name\":\"priceMax\",\"value\":\"null\"},{\"name\":\"curr\",\"value\":\"EUR\"},{\"name\":\"Category\",\"value\":\"refeicoes-faceis\"}]';
                            search_params.sort = 'FRESH-Refei\u00E7\u00F5es F\u00E1ceis';
                            search_params.imageUUID = '';
                            search_params.searchID = 'adc2ebee-ded6-4d71-a833-c4f63de27d3e';
                            search_params.locale = 'default';
                            search_params.queryLocale = 'default';
                            search_params.showProducts = 'true';
                            dw.ac.applyContext({category: "refeicoes-faceis", searchData: search_params});
                            if (typeof dw.ac._scheduleDataSubmission === "function") {
                                dw.ac._scheduleDataSubmission();
                            }
                        }
                    } catch(err) {}
                    })();
                    /* ]]> */
                    // -->
                    </script>
                    <script type="text/javascript">//<!--
                    /* <![CDATA[ (viewProduct-active_data.js) */
                    dw.ac._capture({id: "4716698", type: "searchhit"});
                    /* ]]> */
                    // -->
                    </script>
                    <div class="product" data-pid="4716698">
                    <div class="product-tile pid-4716698 ct-product-tile data-layer-pushed" data-delay-time="3000" data-variants-mapping="[]" data-in-cart-msg="no carrinho" data-one-product-added="Adicionado ao carrinho" data-remove-from-cart-msg="Removido do carrinho" data-stay-open="6000.0" data-product-tile-impression="{&quot;name&quot;:&quot;4716698&quot;,&quot;id&quot;:&quot;4716698&quot;,&quot;price&quot;:1.59,&quot;brand&quot;:&quot;Vitacress&quot;,&quot;category&quot;:[{&quot;category_level_1&quot;:&quot;Frutas e Legumes&quot;},{&quot;category_level_2&quot;:&quot;Legumes&quot;},{&quot;category_level_3&quot;:&quot;Saladas, Sopas e Salteados&quot;}],&quot;variant&quot;:&quot;&quot;}">
                    <div class="ct-inner-tile-wrap row no-gutters justify-content-center align-content-start">
                    
                    <div class="ct-image-container col-4 col-sm" data-confirmation-image="{&quot;url&quot;:&quot;https://www.continente.pt/dw/image/v2/BDVS_PRD/on/demandware.static/-/Sites-col-master-catalog/default/dw5a3cfb09/images/col/471/4716698-frente.jpg?sw=87&amp;sh=80&quot;,&quot;fallbackimage&quot;:{&quot;url&quot;:&quot;https://www.continente.pt/dw/image/v2/BDVS_PRD/on/demandware.static/Sites-continente-Site/-/default/dw7c42b4da/images/noimagelarge_product.png?sw=87&amp;sh=80&quot;,&quot;title&quot;:&quot;Salada Ibérica&quot;,&quot;alt&quot;:&quot;Salada Ibérica&quot;},&quot;title&quot;:&quot;Salada Ibérica&quot;,&quot;alt&quot;:&quot;Salada Ibérica&quot;}">
                    <a href="https://www.continente.pt/produto/salada-iberica-vitacress-4716698.html?cgid=refeicoes-faceis">
                    <picture class="intrinsic intrinsic--square">
                    <img class="ct-tile-image lazyloaded" loading="lazy" onerror="this.onerror=null;this.src='/on/demandware.static/Sites-continente-Site/-/default/dw7c42b4da/images/noimagelarge_product.png';" data-src="https://www.continente.pt/dw/image/v2/BDVS_PRD/on/demandware.static/-/Sites-col-master-catalog/default/dw5a3cfb09/images/col/471/4716698-frente.jpg?sw=280&amp;sh=280" alt="Salada Ibérica" title="Salada Ibérica" src="https://www.continente.pt/dw/image/v2/BDVS_PRD/on/demandware.static/-/Sites-col-master-catalog/default/dw5a3cfb09/images/col/471/4716698-frente.jpg?sw=280&amp;sh=280">
                    </picture>
                    </a>
                    <div class=" ct-product-tile-badge ct-product-tile-badge--general">
                    <img class="img-fluid ct-tooltip-trigger lazyloaded" loading="lazy" data-src="https://www.continente.pt/dw/image/v2/BDVS_PRD/on/demandware.static/-/Sites-continente-Library/default/dw62d4c957/images/badges/general/col/madein.png?sw=25&amp;sh=25" alt="Crachá do produto" title="" data-toggle="tooltip" data-placement="right" data-original-title="Made in Portugal" src="https://www.continente.pt/dw/image/v2/BDVS_PRD/on/demandware.static/-/Sites-continente-Library/default/dw62d4c957/images/badges/general/col/madein.png?sw=25&amp;sh=25">
                    </div>
                    <div class="color-swatches d-flex" style="margin-left: 5px;">
                    <div class="swatches d-flex">
                    </div>
                    </div>
                    </div>
                    <div class="ct-tile-body col col-sm-auto ">
                    <div class="ct-pdp-details">
                    <div class="ct-pdp-link">
                    <a class="ct-tile--description" href="https://www.continente.pt/produto/salada-iberica-vitacress-4716698.html?cgid=refeicoes-faceis">Salada Ibérica</a>
                    <div class="ct-tile--favorite-top d-sm-none">
                    <button class="wishlist-toggler guest-mode inactive button button--tertiary" data-pid="4716698" data-add-url="https://www.continente.pt/on/demandware.store/Sites-continente-Site/default/Wishlist-AddProduct?pid=4716698" data-toggle="tooltip" aria-label="Adicionar aos favoritos " data-original-title="Adicionar aos favoritos" data-placement="top">
                    <svg class="active-content" width="100%" height="100%" viewBox="0 0 20 22" fill="none" xmlns="http://www.w3.org/2000/svg">
                    <path fill-rule="evenodd" clip-rule="evenodd" d="M0 1.53052C0 0.685236 0.692171 0 1.54601 0H15.0736C15.9274 0 16.6196 0.685235 16.6196 1.53052V13.4064L15.8127 13.922L14.2658 14.2658L12.7189 13.4064L10.6054 14.3818C10.4994 14.2451 10.3327 14.157 10.1452 14.157H6.76329C6.4431 14.157 6.18354 14.414 6.18354 14.731C6.18354 15.0479 6.4431 15.3049 6.76329 15.3049H10.1452C10.2478 15.3049 10.3441 15.2785 10.4277 15.2322L10.3126 16.8439L13.2345 20.2793H1.54601C0.69217 20.2793 0 19.5941 0 18.7488V1.53052ZM6.18354 5.5483C6.18354 5.23132 6.4431 4.97436 6.76329 4.97436H12.3676C12.6878 4.97436 12.9473 5.23132 12.9473 5.5483C12.9473 5.86528 12.6878 6.12224 12.3676 6.12224H6.76329C6.4431 6.12224 6.18354 5.86528 6.18354 5.5483ZM6.76329 11.0961C6.4431 11.0961 6.18354 11.3531 6.18354 11.6701C6.18354 11.987 6.4431 12.244 6.76329 12.244H12.3676C12.6878 12.244 12.9473 11.987 12.9473 11.6701C12.9473 11.3531 12.6878 11.0961 12.3676 11.0961H6.76329ZM6.18354 8.60985C6.18354 8.29287 6.4431 8.03591 6.76329 8.03591H12.3676C12.6878 8.03591 12.9473 8.29287 12.9473 8.60985C12.9473 8.92684 12.6878 9.1838 12.3676 9.1838H6.76329C6.4431 9.1838 6.18354 8.92684 6.18354 8.60985ZM3.67118 5.5483C3.67118 5.23132 3.93075 4.97436 4.25093 4.97436H4.63743C4.95762 4.97436 5.21719 5.23132 5.21719 5.5483C5.21719 5.86528 4.95762 6.12224 4.63743 6.12224H4.25093C3.93075 6.12224 3.67118 5.86528 3.67118 5.5483ZM4.25093 11.0961C3.93075 11.0961 3.67118 11.3531 3.67118 11.6701C3.67118 11.987 3.93075 12.244 4.25093 12.244H4.63743C4.95762 12.244 5.21719 11.987 5.21719 11.6701C5.21719 11.3531 4.95762 11.0961 4.63743 11.0961H4.25093ZM3.67118 8.60985C3.67118 8.29287 3.93075 8.03591 4.25093 8.03591H4.63743C4.95762 8.03591 5.21719 8.29287 5.21719 8.60985C5.21719 8.92684 4.95762 9.1838 4.63743 9.1838H4.25093C3.93075 9.1838 3.67118 8.92684 3.67118 8.60985ZM4.25093 14.157C3.93075 14.157 3.67118 14.414 3.67118 14.731C3.67118 15.0479 3.93075 15.3049 4.25093 15.3049H4.63743C4.95762 15.3049 5.21719 15.0479 5.21719 14.731C5.21719 14.414 4.95762 14.157 4.63743 14.157H4.25093Z" fill="#EB0203"></path>
                    <path fill-rule="evenodd" clip-rule="evenodd" d="M14.6252 13.6363C13.4918 12.6215 11.7817 12.5264 10.6569 13.4792C9.12421 14.7764 9.34841 16.8912 10.4409 18.0122L14.0159 21.6742C14.2197 21.8832 14.4928 22 14.7822 22C15.0737 22 15.3448 21.8852 15.5486 21.6762L19.1236 18.0142C20.214 16.8933 20.4423 14.7785 18.9075 13.4792C17.7827 12.5283 16.0724 12.6217 14.9391 13.6365C14.8855 13.6845 14.8331 13.7345 14.7822 13.7866C14.7313 13.7345 14.6789 13.6843 14.6252 13.6363ZM18.1546 14.3522C19.0973 15.1508 18.9962 16.4896 18.2891 17.2173C18.2888 17.2175 18.2886 17.2177 18.2884 17.218L14.7832 20.8084L11.2753 17.2151C11.2752 17.215 11.2751 17.2149 11.2749 17.2148C10.5677 16.4887 10.4678 15.1495 11.4104 14.3518L11.4108 14.3514C12.0745 13.7892 13.2018 13.82 13.9488 14.5846L14.7822 15.4378L15.6157 14.5846C16.3617 13.8211 17.4896 13.79 18.1545 14.3521" fill="#EB0203"></path>
                    </svg>
                    <svg class="inactive-content" width="100%" height="100%" viewBox="0 0 20 23" fill="none" xmlns="http://www.w3.org/2000/svg">
                    <path fill-rule="evenodd" clip-rule="evenodd" d="M6.18408 5.77914C6.18408 5.46223 6.44363 5.20532 6.7638 5.20532H12.3678C12.6879 5.20532 12.9475 5.46223 12.9475 5.77914C12.9475 6.09606 12.6879 6.35297 12.3678 6.35297H6.7638C6.44363 6.35297 6.18408 6.09606 6.18408 5.77914Z" fill="#EB0203"></path>
                    <path fill-rule="evenodd" clip-rule="evenodd" d="M6.18408 11.9034C6.18408 11.5865 6.44363 11.3296 6.7638 11.3296H12.3678C12.6879 11.3296 12.9475 11.5865 12.9475 11.9034C12.9475 12.2202 12.6879 12.4771 12.3678 12.4771H6.7638C6.44363 12.4771 6.18408 12.2202 6.18408 11.9034Z" fill="#EB0203"></path>
                    <path fill-rule="evenodd" clip-rule="evenodd" d="M6.18408 8.84116C6.18408 8.52424 6.44363 8.26733 6.7638 8.26733H12.3678C12.6879 8.26733 12.9475 8.52424 12.9475 8.84116C12.9475 9.15807 12.6879 9.41498 12.3678 9.41498H6.7638C6.44363 9.41498 6.18408 9.15807 6.18408 8.84116Z" fill="#EB0203"></path>
                    <path fill-rule="evenodd" clip-rule="evenodd" d="M6.18408 14.9655C6.18408 14.6486 6.44363 14.3917 6.7638 14.3917H10.1455C10.4657 14.3917 10.7252 14.6486 10.7252 14.9655C10.7252 15.2825 10.4657 15.5394 10.1455 15.5394H6.7638C6.44363 15.5394 6.18408 15.2825 6.18408 14.9655Z" fill="#EB0203"></path>
                    <path fill-rule="evenodd" clip-rule="evenodd" d="M3.67139 5.77914C3.67139 5.46223 3.93094 5.20532 4.25111 5.20532H4.63759C4.95776 5.20532 5.21731 5.46223 5.21731 5.77914C5.21731 6.09606 4.95776 6.35297 4.63759 6.35297H4.25111C3.93094 6.35297 3.67139 6.09606 3.67139 5.77914Z" fill="#EB0203"></path>
                    <path fill-rule="evenodd" clip-rule="evenodd" d="M3.67139 11.9034C3.67139 11.5865 3.93094 11.3296 4.25111 11.3296H4.63759C4.95776 11.3296 5.21731 11.5865 5.21731 11.9034C5.21731 12.2202 4.95776 12.4771 4.63759 12.4771H4.25111C3.93094 12.4771 3.67139 12.2202 3.67139 11.9034Z" fill="#EB0203"></path>
                    <path fill-rule="evenodd" clip-rule="evenodd" d="M3.67139 8.84116C3.67139 8.52424 3.93094 8.26733 4.25111 8.26733H4.63759C4.95776 8.26733 5.21731 8.52424 5.21731 8.84116C5.21731 9.15807 4.95776 9.41498 4.63759 9.41498H4.25111C3.93094 9.41498 3.67139 9.15807 3.67139 8.84116Z" fill="#EB0203"></path>
                    <path fill-rule="evenodd" clip-rule="evenodd" d="M3.67139 14.9655C3.67139 14.6486 3.93094 14.3917 4.25111 14.3917H4.63759C4.95776 14.3917 5.21731 14.6486 5.21731 14.9655C5.21731 15.2825 4.95776 15.5394 4.63759 15.5394H4.25111C3.93094 15.5394 3.67139 15.2825 3.67139 14.9655Z" fill="#EB0203"></path>
                    <path fill-rule="evenodd" clip-rule="evenodd" d="M0 1.76033C0 0.914738 0.692131 0.229248 1.54592 0.229248H15.0727C15.9265 0.229248 16.6186 0.914738 16.6186 1.76033V11.2818C16.6186 11.5989 16.3591 11.8559 16.0389 11.8559C15.7187 11.8559 15.4592 11.5989 15.4592 11.2818V1.76033C15.4592 1.54893 15.2862 1.37756 15.0727 1.37756H1.54592C1.33247 1.37756 1.15944 1.54893 1.15944 1.76033V18.985C1.15944 19.1964 1.33247 19.3678 1.54592 19.3678H9.27551C9.59568 19.3678 9.85523 19.6249 9.85523 19.942C9.85523 20.2591 9.59568 20.5161 9.27551 20.5161H1.54592C0.692131 20.5161 0 19.8306 0 18.985V1.76033Z" fill="#EB0203"></path>
                    <path fill-rule="evenodd" clip-rule="evenodd" d="M14.6254 13.8718C13.4921 12.8567 11.7821 12.7615 10.6574 13.7147C9.12472 15.0124 9.34891 17.128 10.4413 18.2493L14.0161 21.9126C14.2199 22.1217 14.493 22.2386 14.7824 22.2386C15.0739 22.2386 15.3449 22.1238 15.5487 21.9147L19.1235 18.2514C20.2139 17.13 20.4422 15.0144 18.9075 13.7147C17.7827 12.7634 16.0726 12.8569 14.9392 13.872C14.8856 13.92 14.8333 13.9701 14.7824 14.0222C14.7314 13.97 14.6791 13.9199 14.6254 13.8718ZM18.1546 14.588C19.0972 15.3869 18.9961 16.7262 18.2891 17.4541C18.2888 17.4543 18.2886 17.4546 18.2884 17.4548L14.7834 21.0466L11.2757 17.452C11.2756 17.4519 11.2755 17.4517 11.2753 17.4516C10.5681 16.7252 10.4682 15.3856 11.4108 14.5876L11.4112 14.5872C12.0748 14.0248 13.202 14.0556 13.949 14.8205L14.7824 15.674L15.6158 14.8205C16.3618 14.0567 17.4896 14.0256 18.1545 14.5879" fill="#EB0203"></path>
                    </svg>
                    </button>
                    </div>
                    </div>
                    <p class="ct-tile--brand">Vitacress</p>
                    <p class="ct-tile--quantity">emb. 100 gr</p>
                    </div>
                    <div class="ct-tile-bottom row no-gutters justify-content-between">
                    <div class="ct-price-wrap col-8 col-sm-12">
                    <div class="price js-product-price">
                    <div class="prices-wrapper">
                    <span class="sales ct-tile--price-primary ">
                    <span class="value" content="1.59">
                    <span class="ct-price-formatted">
                    €1,59
                    </span>
                    <span class="ct-m-unit">
                    /un
                    </span>
                    </span>
                    </span>
                    </div>
                    <div class="ct-tile--price-secondary">
                    <span class="ct-price-value">
                    €15,90
                    </span>
                    <span class="ct-m-unit">
                    /kg
                    </span>
                    </div>
                    </div>
                    </div>
                    <div class="ct-tile-buy-section d-flex justify-content-center no-gutters col-auto col-sm-12">
                    <div class="col-2 d-sm-flex d-none">
                    <button class="wishlist-toggler guest-mode inactive button button--tertiary" data-pid="4716698" data-add-url="https://www.continente.pt/on/demandware.store/Sites-continente-Site/default/Wishlist-AddProduct?pid=4716698" data-toggle="tooltip" aria-label="Adicionar aos favoritos " data-original-title="Adicionar aos favoritos" data-placement="top">
                    <svg class="active-content" width="100%" height="100%" viewBox="0 0 20 22" fill="none" xmlns="http://www.w3.org/2000/svg">
                    <path fill-rule="evenodd" clip-rule="evenodd" d="M0 1.53052C0 0.685236 0.692171 0 1.54601 0H15.0736C15.9274 0 16.6196 0.685235 16.6196 1.53052V13.4064L15.8127 13.922L14.2658 14.2658L12.7189 13.4064L10.6054 14.3818C10.4994 14.2451 10.3327 14.157 10.1452 14.157H6.76329C6.4431 14.157 6.18354 14.414 6.18354 14.731C6.18354 15.0479 6.4431 15.3049 6.76329 15.3049H10.1452C10.2478 15.3049 10.3441 15.2785 10.4277 15.2322L10.3126 16.8439L13.2345 20.2793H1.54601C0.69217 20.2793 0 19.5941 0 18.7488V1.53052ZM6.18354 5.5483C6.18354 5.23132 6.4431 4.97436 6.76329 4.97436H12.3676C12.6878 4.97436 12.9473 5.23132 12.9473 5.5483C12.9473 5.86528 12.6878 6.12224 12.3676 6.12224H6.76329C6.4431 6.12224 6.18354 5.86528 6.18354 5.5483ZM6.76329 11.0961C6.4431 11.0961 6.18354 11.3531 6.18354 11.6701C6.18354 11.987 6.4431 12.244 6.76329 12.244H12.3676C12.6878 12.244 12.9473 11.987 12.9473 11.6701C12.9473 11.3531 12.6878 11.0961 12.3676 11.0961H6.76329ZM6.18354 8.60985C6.18354 8.29287 6.4431 8.03591 6.76329 8.03591H12.3676C12.6878 8.03591 12.9473 8.29287 12.9473 8.60985C12.9473 8.92684 12.6878 9.1838 12.3676 9.1838H6.76329C6.4431 9.1838 6.18354 8.92684 6.18354 8.60985ZM3.67118 5.5483C3.67118 5.23132 3.93075 4.97436 4.25093 4.97436H4.63743C4.95762 4.97436 5.21719 5.23132 5.21719 5.5483C5.21719 5.86528 4.95762 6.12224 4.63743 6.12224H4.25093C3.93075 6.12224 3.67118 5.86528 3.67118 5.5483ZM4.25093 11.0961C3.93075 11.0961 3.67118 11.3531 3.67118 11.6701C3.67118 11.987 3.93075 12.244 4.25093 12.244H4.63743C4.95762 12.244 5.21719 11.987 5.21719 11.6701C5.21719 11.3531 4.95762 11.0961 4.63743 11.0961H4.25093ZM3.67118 8.60985C3.67118 8.29287 3.93075 8.03591 4.25093 8.03591H4.63743C4.95762 8.03591 5.21719 8.29287 5.21719 8.60985C5.21719 8.92684 4.95762 9.1838 4.63743 9.1838H4.25093C3.93075 9.1838 3.67118 8.92684 3.67118 8.60985ZM4.25093 14.157C3.93075 14.157 3.67118 14.414 3.67118 14.731C3.67118 15.0479 3.93075 15.3049 4.25093 15.3049H4.63743C4.95762 15.3049 5.21719 15.0479 5.21719 14.731C5.21719 14.414 4.95762 14.157 4.63743 14.157H4.25093Z" fill="#EB0203"></path>
                    <path fill-rule="evenodd" clip-rule="evenodd" d="M14.6252 13.6363C13.4918 12.6215 11.7817 12.5264 10.6569 13.4792C9.12421 14.7764 9.34841 16.8912 10.4409 18.0122L14.0159 21.6742C14.2197 21.8832 14.4928 22 14.7822 22C15.0737 22 15.3448 21.8852 15.5486 21.6762L19.1236 18.0142C20.214 16.8933 20.4423 14.7785 18.9075 13.4792C17.7827 12.5283 16.0724 12.6217 14.9391 13.6365C14.8855 13.6845 14.8331 13.7345 14.7822 13.7866C14.7313 13.7345 14.6789 13.6843 14.6252 13.6363ZM18.1546 14.3522C19.0973 15.1508 18.9962 16.4896 18.2891 17.2173C18.2888 17.2175 18.2886 17.2177 18.2884 17.218L14.7832 20.8084L11.2753 17.2151C11.2752 17.215 11.2751 17.2149 11.2749 17.2148C10.5677 16.4887 10.4678 15.1495 11.4104 14.3518L11.4108 14.3514C12.0745 13.7892 13.2018 13.82 13.9488 14.5846L14.7822 15.4378L15.6157 14.5846C16.3617 13.8211 17.4896 13.79 18.1545 14.3521" fill="#EB0203"></path>
                    </svg>
                    <svg class="inactive-content" width="100%" height="100%" viewBox="0 0 20 23" fill="none" xmlns="http://www.w3.org/2000/svg">
                    <path fill-rule="evenodd" clip-rule="evenodd" d="M6.18408 5.77914C6.18408 5.46223 6.44363 5.20532 6.7638 5.20532H12.3678C12.6879 5.20532 12.9475 5.46223 12.9475 5.77914C12.9475 6.09606 12.6879 6.35297 12.3678 6.35297H6.7638C6.44363 6.35297 6.18408 6.09606 6.18408 5.77914Z" fill="#EB0203"></path>
                    <path fill-rule="evenodd" clip-rule="evenodd" d="M6.18408 11.9034C6.18408 11.5865 6.44363 11.3296 6.7638 11.3296H12.3678C12.6879 11.3296 12.9475 11.5865 12.9475 11.9034C12.9475 12.2202 12.6879 12.4771 12.3678 12.4771H6.7638C6.44363 12.4771 6.18408 12.2202 6.18408 11.9034Z" fill="#EB0203"></path>
                    <path fill-rule="evenodd" clip-rule="evenodd" d="M6.18408 8.84116C6.18408 8.52424 6.44363 8.26733 6.7638 8.26733H12.3678C12.6879 8.26733 12.9475 8.52424 12.9475 8.84116C12.9475 9.15807 12.6879 9.41498 12.3678 9.41498H6.7638C6.44363 9.41498 6.18408 9.15807 6.18408 8.84116Z" fill="#EB0203"></path>
                    <path fill-rule="evenodd" clip-rule="evenodd" d="M6.18408 14.9655C6.18408 14.6486 6.44363 14.3917 6.7638 14.3917H10.1455C10.4657 14.3917 10.7252 14.6486 10.7252 14.9655C10.7252 15.2825 10.4657 15.5394 10.1455 15.5394H6.7638C6.44363 15.5394 6.18408 15.2825 6.18408 14.9655Z" fill="#EB0203"></path>
                    <path fill-rule="evenodd" clip-rule="evenodd" d="M3.67139 5.77914C3.67139 5.46223 3.93094 5.20532 4.25111 5.20532H4.63759C4.95776 5.20532 5.21731 5.46223 5.21731 5.77914C5.21731 6.09606 4.95776 6.35297 4.63759 6.35297H4.25111C3.93094 6.35297 3.67139 6.09606 3.67139 5.77914Z" fill="#EB0203"></path>
                    <path fill-rule="evenodd" clip-rule="evenodd" d="M3.67139 11.9034C3.67139 11.5865 3.93094 11.3296 4.25111 11.3296H4.63759C4.95776 11.3296 5.21731 11.5865 5.21731 11.9034C5.21731 12.2202 4.95776 12.4771 4.63759 12.4771H4.25111C3.93094 12.4771 3.67139 12.2202 3.67139 11.9034Z" fill="#EB0203"></path>
                    <path fill-rule="evenodd" clip-rule="evenodd" d="M3.67139 8.84116C3.67139 8.52424 3.93094 8.26733 4.25111 8.26733H4.63759C4.95776 8.26733 5.21731 8.52424 5.21731 8.84116C5.21731 9.15807 4.95776 9.41498 4.63759 9.41498H4.25111C3.93094 9.41498 3.67139 9.15807 3.67139 8.84116Z" fill="#EB0203"></path>
                    <path fill-rule="evenodd" clip-rule="evenodd" d="M3.67139 14.9655C3.67139 14.6486 3.93094 14.3917 4.25111 14.3917H4.63759C4.95776 14.3917 5.21731 14.6486 5.21731 14.9655C5.21731 15.2825 4.95776 15.5394 4.63759 15.5394H4.25111C3.93094 15.5394 3.67139 15.2825 3.67139 14.9655Z" fill="#EB0203"></path>
                    <path fill-rule="evenodd" clip-rule="evenodd" d="M0 1.76033C0 0.914738 0.692131 0.229248 1.54592 0.229248H15.0727C15.9265 0.229248 16.6186 0.914738 16.6186 1.76033V11.2818C16.6186 11.5989 16.3591 11.8559 16.0389 11.8559C15.7187 11.8559 15.4592 11.5989 15.4592 11.2818V1.76033C15.4592 1.54893 15.2862 1.37756 15.0727 1.37756H1.54592C1.33247 1.37756 1.15944 1.54893 1.15944 1.76033V18.985C1.15944 19.1964 1.33247 19.3678 1.54592 19.3678H9.27551C9.59568 19.3678 9.85523 19.6249 9.85523 19.942C9.85523 20.2591 9.59568 20.5161 9.27551 20.5161H1.54592C0.692131 20.5161 0 19.8306 0 18.985V1.76033Z" fill="#EB0203"></path>
                    <path fill-rule="evenodd" clip-rule="evenodd" d="M14.6254 13.8718C13.4921 12.8567 11.7821 12.7615 10.6574 13.7147C9.12472 15.0124 9.34891 17.128 10.4413 18.2493L14.0161 21.9126C14.2199 22.1217 14.493 22.2386 14.7824 22.2386C15.0739 22.2386 15.3449 22.1238 15.5487 21.9147L19.1235 18.2514C20.2139 17.13 20.4422 15.0144 18.9075 13.7147C17.7827 12.7634 16.0726 12.8569 14.9392 13.872C14.8856 13.92 14.8333 13.9701 14.7824 14.0222C14.7314 13.97 14.6791 13.9199 14.6254 13.8718ZM18.1546 14.588C19.0972 15.3869 18.9961 16.7262 18.2891 17.4541C18.2888 17.4543 18.2886 17.4546 18.2884 17.4548L14.7834 21.0466L11.2757 17.452C11.2756 17.4519 11.2755 17.4517 11.2753 17.4516C10.5681 16.7252 10.4682 15.3856 11.4108 14.5876L11.4112 14.5872C12.0748 14.0248 13.202 14.0556 13.949 14.8205L14.7824 15.674L15.6158 14.8205C16.3618 14.0567 17.4896 14.0256 18.1545 14.5879" fill="#EB0203"></path>
                    </svg>
                    </button>
                    </div>
                    <div class="col-sm-10 col-12">
                    <div class="ct-tile-quantity d-none" data-pid="4716698">
                    <input type="hidden" class="add-to-cart-url" value="https://www.continente.pt/on/demandware.store/Sites-continente-Site/default/Cart-AddProduct">
                    <div class="d-none tile-delete-confirmation-btn" data-pid="4716698" data-delay-time="3000" data-in-cart-msg="no carrinho" data-one-product-added="Adicionado ao carrinho" data-remove-from-cart-msg="Removido do carrinho" data-stay-open="6000.0" data-confirmation-image="{&quot;url&quot;:&quot;https://www.continente.pt/dw/image/v2/BDVS_PRD/on/demandware.static/-/Sites-col-master-catalog/default/dw5a3cfb09/images/col/471/4716698-frente.jpg?sw=87&amp;sh=80&quot;,&quot;fallbackimage&quot;:{&quot;url&quot;:&quot;https://www.continente.pt/dw/image/v2/BDVS_PRD/on/demandware.static/Sites-continente-Site/-/default/dw7c42b4da/images/noimagelarge_product.png?sw=87&amp;sh=80&quot;,&quot;title&quot;:&quot;Salada Ibérica&quot;,&quot;alt&quot;:&quot;Salada Ibérica&quot;},&quot;title&quot;:&quot;Salada Ibérica&quot;,&quot;alt&quot;:&quot;Salada Ibérica&quot;}"></div>
                    <div class="ct-tile-quantity-update quantity-update product-qty-vue" data-remove-action="https://www.continente.pt/on/demandware.store/Sites-continente-Site/default/Cart-RemoveProductLineItem" data-action="https://www.continente.pt/on/demandware.store/Sites-continente-Site/default/Cart-UpdateQuantity" data-dimension-update="https://www.continente.pt/on/demandware.store/Sites-continente-Site/default/Cart-DimensionUpdate" data-pid="4716698" data-uuid="9c715c4af79578a010017d9f02" data-add-delay="500.0" data-measure-options="{&quot;hasConversionRate&quot;:false,&quot;hasAlternativeSaleUnit&quot;:false,&quot;unitConversionRate&quot;:0,&quot;minOrderQuantity&quot;:1,&quot;stepQuantity&quot;:1,&quot;primaryunit&quot;:&quot;un&quot;,&quot;secondaryunit&quot;:&quot;kg&quot;,&quot;selectedunit&quot;:&quot;primary&quot;,&quot;maxNumberOfUnitsPerSale&quot;:50}" data-price-available="null" :data-has-error="isMaxQtyReached || isMinQtyReached || qtySelectedMoreThanOne">
                    <template v-show="prodUnits">
                    <div class="quantity-input-wrapper has-units">
                    <label class="visually-hidden" :for="'quantity-' + pid + additionalTag">
                    Quantidade no carrinho
                    </label>
                    <input :ref="'quantityInput-' + pid + additionalTag" class="add-to-cart-quantity form-control ct-form-input text-center" inputmode="numeric" :class="{'is-invalid': isInvalid}" :data-pid="pid + additionalTag" :name="'quantity-' + pid + additionalTag" type="text" aria-label="Insira a quantidade" title="" v-model="displayValue" @change="updateQuantity" @focus="updateQtyFormat" @blur="restoreQtyFormat" :disabled="!isPriceAvailable">
                    <span class="quantity-icon quantity-icon--minus">
                    <button class="decrease-quantity-btn" @click="updateQuantity" :disabled="!isPriceAvailable" role="button" aria-label="Reduzir quantidade">
                    <i class="css-math-minus"></i>
                    </button>
                    </span>
                    <span class="quantity-icon quantity-icon--plus">
                    <button class="increase-quantity-btn" @click="updateQuantity" :disabled="isMaxQtyReached || !isPriceAvailable" role="button" aria-label="Aumentar quantidade">
                    <i class="css-math-plus"></i>
                    </button>
                    <span class="quantity-btn-disabled-placeholder"></span>
                    </span>
                    <template v-if="isPDP">
                    <span class="quantity-error ct-span-error text-sm-center product-max-allocation" v-if="isMaxQtyReached">
                    Quantidade máxima atingida
                    </span>
                    <span class="quantity-error ct-span-product text-sm-center product-allocation" v-if="!isMinQtyReached &amp;&amp; !isMaxQtyReached">
                    {{quantitySelected}} no carrinho
                    </span>
                    <span class="quantity-error ct-span-error text-sm-center product-min-allocation" :data-pid="pid" v-if="isMinQtyReached &amp;&amp; !isMaxQtyReached">
                    Quantidade mínima atingida
                    </span>
                    </template>
                    </div>
                    <template v-if="showNotes">
                    <div class="add-note-link-container ">
                    <div class="add-note">
                    <a href="/produto/salada-iberica-vitacress-4716698.html?showNote=true" class="ct-add-note-redirect-pdp" aria-label="Adicionar comentário">
                    <span class="svg-wrapper svg-icon-notes" style="width:19px; height:20px">
                    <svg class="svg-inline icon-notes" viewBox="0 0 28 30" xmlns="http://www.w3.org/2000/svg" width="100%" height="100%"><path d="M21.738 0C22.985 0 24 1.04 24 2.319V12.47c0 .469-.37.848-.828.848-.457 0-.827-.38-.827-.848V2.32c0-.343-.273-.622-.607-.622H2.262c-.334 0-.607.279-.607.622V27.68c0 .343.273.622.607.622h7.81c.457 0 .827.38.827.849 0 .468-.37.848-.827.848h-7.81C1.015 30 0 28.96 0 27.681V2.32C0 1.04 1.015 0 2.262 0h19.476zm2.844 16.004l.227.007c.823.053 1.589.39 2.176.964.64.627.993 1.46.993 2.349 0 .888-.353 1.722-.993 2.348l-6.83 6.665c-.11.108-.247.186-.397.226l-5.032 1.363c-.078.021-.16.032-.241.032-.242 0-.478-.097-.647-.266-.23-.231-.314-.566-.218-.874l1.49-4.798c.044-.139.122-.266.227-.369l6.844-6.677c.64-.625 1.493-.97 2.401-.97zm-2.886 3.94l-4.922 4.802-.947 3.048 3.22-.872 4.897-4.78-2.248-2.197zm2.887-2.174c-.425 0-.824.162-1.124.455l-.484.472 2.248 2.197.484-.472c.62-.606.62-1.591 0-2.197l-.117-.104c-.283-.227-.636-.35-1.007-.35zm-10.839.022c.498 0 .904.396.904.883 0 .488-.406.884-.904.884H5.946c-.499 0-.904-.396-.904-.884 0-.487.405-.883.904-.883zm5.042-4.876c.498 0 .904.397.904.884s-.406.884-.904.884H5.946c-.499 0-.904-.397-.904-.884s.405-.884.904-.884zm0-4.875c.498 0 .904.396.904.884 0 .487-.406.883-.904.883H5.946c-.499 0-.904-.396-.904-.883 0-.488.405-.884.904-.884z" fill="#EB0203" fill-rule="evenodd"></path></svg>
                    </span>
                    <div class="available-note d-none"></div>
                    </a>
                    </div>
                    </div>
                    </template>
                    <div class="measurement-unit-section" v-if="isPriceAvailable &amp;&amp; prodUnits ? prodUnits.hasAlternativeUnit : false">
                    <div class="ct-form-radio" @click="setDimension">
                    <input type="radio" title="" class="ct-form-check-input product-measurement-unit" :data-type="prodUnits.selectedUnit == prodUnits.secondaryUnit ? 'primary' : ''" :id="prodUnits.secondaryUnit + '-' + pid + '-measurement-unit-ptile' + additionalTag" :name="'measurement-unit-' + pid + '-ptile' + additionalTag" :value="prodUnits.secondaryUnit" v-model="prodUnits.selectedUnit">
                    <label :class="prodUnits.secondaryUnit + '-label ct-form-check-label mb-0'" :for="prodUnits.secondaryUnit + '-' + pid + '-measurement-unit-ptile' + additionalTag">
                    {{prodUnits.secondaryUnit}}
                    </label>
                    <span class="checkmark"></span>
                    </div>
                    <div class="ct-form-radio" @click="setDimension">
                    <input type="radio" title="" class="ct-form-check-input product-measurement-unit" :data-type="prodUnits.selectedUnit == prodUnits.primaryUnit ? 'primary' : ''" :id="prodUnits.primaryUnit + '-' + pid + '-measurement-unit-ptile' + additionalTag" :name="'measurement-unit-' + pid + '-ptile' + additionalTag" :value="prodUnits.primaryUnit" v-model="prodUnits.selectedUnit">
                    <label :class="prodUnits.primaryUnit + '-label ct-form-check-label mb-0'" :for="prodUnits.primaryUnit + '-' + pid + '-measurement-unit-ptile' + additionalTag">
                    {{prodUnits.primaryUnit}}
                    </label>
                    <span class="checkmark"></span>
                    </div>
                    </div>
                    <template v-if="!isPDP &amp;&amp; isPriceAvailable">
                    <span class="quantity-error ct-span-error product-max-allocation" v-if="isMaxQtyReached">
                    Quantidade máxima atingida
                    </span>
                    <span class="quantity-error ct-span-product product-allocation" v-if="!isMinQtyReached &amp;&amp; !isMaxQtyReached">
                    {{quantitySelected}} no carrinho
                    </span>
                    <span class="quantity-error ct-span-error product-min-allocation" :data-pid="pid" v-if="isMinQtyReached &amp;&amp; !isMaxQtyReached">
                    Quantidade mínima atingida
                    </span>
                    </template>
                    </template>
                    </div>
                    <input class="quantity-value-mask d-none" name="quantity" type="number" min="0" value="">
                    </div>
                    <button type="button" class="add-to-cart button js-add-to-cart js-add-to-cart-tile 4716698 button--primary dynamic-layout-btn" data-toggle="modal" data-target="#chooseBonusProductModal" data-pid="4716698" data-quantity-value="null" aria-label="Carrinho">
                    <span class="d-block d-sm-none">
                    <span class="svg-wrapper svg-icon-cart" style="width:20px; height:20px">
                    <svg class="svg-inline icon-cart" xmlns="http://www.w3.org/2000/svg" viewBox="0 0 500 500" width="100%" height="100%"><path fill="#EB0203" fill-rule="evenodd" d="M 485.67317,94.386311 C 476.37798,83.847129 463.09468,78.03348 448.30404,78.03348 H 90.690813 L 87.079511,51.327997 C 83.185582,22.539551 62.962285,0 41.011841,0 H 14.727836 C 6.563151,0 0,6.5286975 0,14.580758 c 0,8.05206 6.5945535,14.580758 14.727836,14.580758 h 26.284005 c 4.710398,0 14.696435,9.855222 16.894619,26.021523 L 100.01739,368.0631 c 1.88416,13.77244 9.01256,26.70549 20.1605,36.37417 8.25889,7.15046 18.02511,11.9071 28.26237,13.89679 -4.17655,7.58572 -6.53175,16.25957 -6.53175,25.493 0,29.53459 24.27424,53.59751 54.13815,53.59751 29.8325,0 54.13814,-24.03184 54.13814,-53.59751 0,-8.79818 -2.19818,-17.09897 -5.9979,-24.43598 h 77.12488 c -3.79973,7.33701 -5.96652,15.6378 -5.96652,24.43598 0,29.53459 24.27424,53.59751 54.13817,53.59751 29.83249,0 54.13814,-24.03184 54.13814,-53.59751 0,-8.79818 -2.1982,-17.09897 -5.9979,-24.43598 h 38.56243 c 8.13328,0 14.72783,-6.5287 14.72783,-14.61183 0,-8.02098 -6.59455,-14.54967 -14.72783,-14.54967 H 159.24277 c -14.38241,0 -28.13677,-11.90711 -30.02092,-26.02153 l -3.07746,-22.88154 h 290.6314 c 14.03698,0 27.94834,-5.28513 39.06488,-14.95381 11.11652,-9.6376 18.27632,-22.57065 20.16048,-36.37417 l 21.10259,-156.78201 c 1.94694,-14.51858 -2.10398,-28.29103 -11.43057,-38.861299 z M 220.76053,443.82706 c 0,13.49265 -11.08513,24.46709 -24.68247,24.46709 -13.62874,0 -24.71387,-10.97444 -24.71387,-24.46709 0,-13.49262 11.08513,-24.43598 24.71387,-24.43598 13.59734,0 24.68247,10.94336 24.68247,24.43598 z m 173.43675,0 c 0,13.49265 -11.08512,24.46709 -24.68245,24.46709 -13.62876,0 -24.71388,-10.97444 -24.71388,-24.46709 0,-13.49262 11.08512,-24.43598 24.71388,-24.43598 13.59733,0 24.68245,10.94336 24.68245,24.43598 z m 73.7648,-314.46558 -21.13397,156.782 c -1.88416,14.11442 -15.63851,26.05261 -30.02091,26.05261 H 122.25046 L 94.616142,107.19499 H 448.33544 c 6.18632,0 11.61896,2.2695 15.23028,6.37326 3.64269,4.13484 5.21283,9.73086 4.39636,15.79323 z"></path></svg>
                    </span>
                    </span>
                    
                    <span class="add-to-cart--text d-none d-sm-block">Carrinho</span>
                    </button>
                    </div>
                    </div>
                    </div>
                    </div>
                    
                    <div class="col-12 d-sm-none">
                    </div>
                    </div>
                    </div>
                    </div>
                    </div>
                    <div class="col-12 col-sm-3 col-lg-2 productTile" data-idx="9">
                    
                    <script type="text/javascript">//<!--
                    /* <![CDATA[ */
                    (function(){
                    try {
                        if(window.CQuotient) {
                        var cq_params = {};
                        
                        cq_params.cookieId = window.CQuotient.getCQCookieId();
                        cq_params.userId = window.CQuotient.getCQUserId();
                        cq_params.emailId = CQuotient.getCQHashedEmail();
                        cq_params.loginId = CQuotient.getCQHashedLogin();
                        cq_params.accumulate = true;
                        cq_params.products = [{
                            id: '4388719',
                            sku: ''
                        }];
                        cq_params.categoryId = 'refeicoes-faceis';
                        cq_params.refinements = '[{\"name\":\"priceMin\",\"value\":\"0.01\"},{\"name\":\"priceMax\",\"value\":\"null\"},{\"name\":\"curr\",\"value\":\"EUR\"},{\"name\":\"Category\",\"value\":\"refeicoes-faceis\"}]';
                        cq_params.personalized = 'false';
                        cq_params.sortingRule = 'FRESH-Refei\u00E7\u00F5es F\u00E1ceis';
                        cq_params.imageUUID = '__UNDEFINED__';
                        cq_params.realm = "BDVS";
                        cq_params.siteId = "continente";
                        cq_params.instanceType = "prd";
                        cq_params.queryLocale = "default";
                        cq_params.locale = window.CQuotient.locale;
                        
                        if(window.CQuotient.sendActivity)
                            window.CQuotient.sendActivity(CQuotient.clientId, 'viewCategory', cq_params);
                        else
                            window.CQuotient.activities.push({
                                activityType: 'viewCategory',
                                parameters: cq_params
                            });
                      }
                    } catch(err) {}
                    })();
                    /* ]]> */
                    // -->
                    </script>
                    <script type="text/javascript">//<!--
                    /* <![CDATA[ (viewCategoryProduct-active_data.js) */
                    (function(){
                    try {
                        if (dw.ac) {
                            var search_params = {};
                            search_params.persd = 'false';
                            search_params.refs = '[{\"name\":\"priceMin\",\"value\":\"0.01\"},{\"name\":\"priceMax\",\"value\":\"null\"},{\"name\":\"curr\",\"value\":\"EUR\"},{\"name\":\"Category\",\"value\":\"refeicoes-faceis\"}]';
                            search_params.sort = 'FRESH-Refei\u00E7\u00F5es F\u00E1ceis';
                            search_params.imageUUID = '';
                            search_params.searchID = 'adc2ebee-ded6-4d71-a833-c4f63de27d3e';
                            search_params.locale = 'default';
                            search_params.queryLocale = 'default';
                            search_params.showProducts = 'true';
                            dw.ac.applyContext({category: "refeicoes-faceis", searchData: search_params});
                            if (typeof dw.ac._scheduleDataSubmission === "function") {
                                dw.ac._scheduleDataSubmission();
                            }
                        }
                    } catch(err) {}
                    })();
                    /* ]]> */
                    // -->
                    </script>
                    <script type="text/javascript">//<!--
                    /* <![CDATA[ (viewProduct-active_data.js) */
                    dw.ac._capture({id: "4388719", type: "searchhit"});
                    /* ]]> */
                    // -->
                    </script>
                    <div class="product" data-pid="4388719">
                    <div class="product-tile pid-4388719 ct-product-tile data-layer-pushed" data-delay-time="3000" data-variants-mapping="[]" data-in-cart-msg="no carrinho" data-one-product-added="Adicionado ao carrinho" data-remove-from-cart-msg="Removido do carrinho" data-stay-open="6000.0" data-product-tile-impression="{&quot;name&quot;:&quot;4388719&quot;,&quot;id&quot;:&quot;4388719&quot;,&quot;price&quot;:1.29,&quot;brand&quot;:&quot;Continente Fácil &amp; Bom&quot;,&quot;category&quot;:[{&quot;category_level_1&quot;:&quot;Take-Away&quot;},{&quot;category_level_2&quot;:&quot;Sopas&quot;},{&quot;category_level_3&quot;:&quot;Tradicionais&quot;}],&quot;variant&quot;:&quot;&quot;}">
                    <div class="ct-inner-tile-wrap row no-gutters justify-content-center align-content-start">
                    
                    <div class="ct-image-container col-4 col-sm" data-confirmation-image="{&quot;url&quot;:&quot;https://www.continente.pt/dw/image/v2/BDVS_PRD/on/demandware.static/-/Sites-col-master-catalog/default/dw4625be90/images/col/438/4388719-cima.jpg?sw=87&amp;sh=80&quot;,&quot;fallbackimage&quot;:{&quot;url&quot;:&quot;https://www.continente.pt/dw/image/v2/BDVS_PRD/on/demandware.static/Sites-continente-Site/-/default/dw7c42b4da/images/noimagelarge_product.png?sw=87&amp;sh=80&quot;,&quot;title&quot;:&quot;Sopa Caldo Verde&quot;,&quot;alt&quot;:&quot;Sopa Caldo Verde&quot;},&quot;title&quot;:&quot;Sopa Caldo Verde&quot;,&quot;alt&quot;:&quot;Sopa Caldo Verde&quot;}">
                    <a href="https://www.continente.pt/produto/sopa-caldo-verde-continente-facil-bom-4388719.html?cgid=refeicoes-faceis">
                    <picture class="intrinsic intrinsic--square">
                    <img class="ct-tile-image lazyloaded" loading="lazy" onerror="this.onerror=null;this.src='/on/demandware.static/Sites-continente-Site/-/default/dw7c42b4da/images/noimagelarge_product.png';" data-src="https://www.continente.pt/dw/image/v2/BDVS_PRD/on/demandware.static/-/Sites-col-master-catalog/default/dw4625be90/images/col/438/4388719-cima.jpg?sw=280&amp;sh=280" alt="Sopa Caldo Verde" title="Sopa Caldo Verde" src="https://www.continente.pt/dw/image/v2/BDVS_PRD/on/demandware.static/-/Sites-col-master-catalog/default/dw4625be90/images/col/438/4388719-cima.jpg?sw=280&amp;sh=280">
                    </picture>
                    </a>
                    <div class="color-swatches d-flex" style="margin-left: 5px;">
                    <div class="swatches d-flex">
                    </div>
                    </div>
                    </div>
                    <div class="ct-tile-body col col-sm-auto ">
                    <div class="ct-pdp-details">
                    <div class="ct-pdp-link">
                    <a class="ct-tile--description" href="https://www.continente.pt/produto/sopa-caldo-verde-continente-facil-bom-4388719.html?cgid=refeicoes-faceis">Sopa Caldo Verde</a>
                    <div class="ct-tile--favorite-top d-sm-none">
                    <button class="wishlist-toggler guest-mode inactive button button--tertiary" data-pid="4388719" data-add-url="https://www.continente.pt/on/demandware.store/Sites-continente-Site/default/Wishlist-AddProduct?pid=4388719" data-toggle="tooltip" aria-label="Adicionar aos favoritos " data-original-title="Adicionar aos favoritos" data-placement="top">
                    <svg class="active-content" width="100%" height="100%" viewBox="0 0 20 22" fill="none" xmlns="http://www.w3.org/2000/svg">
                    <path fill-rule="evenodd" clip-rule="evenodd" d="M0 1.53052C0 0.685236 0.692171 0 1.54601 0H15.0736C15.9274 0 16.6196 0.685235 16.6196 1.53052V13.4064L15.8127 13.922L14.2658 14.2658L12.7189 13.4064L10.6054 14.3818C10.4994 14.2451 10.3327 14.157 10.1452 14.157H6.76329C6.4431 14.157 6.18354 14.414 6.18354 14.731C6.18354 15.0479 6.4431 15.3049 6.76329 15.3049H10.1452C10.2478 15.3049 10.3441 15.2785 10.4277 15.2322L10.3126 16.8439L13.2345 20.2793H1.54601C0.69217 20.2793 0 19.5941 0 18.7488V1.53052ZM6.18354 5.5483C6.18354 5.23132 6.4431 4.97436 6.76329 4.97436H12.3676C12.6878 4.97436 12.9473 5.23132 12.9473 5.5483C12.9473 5.86528 12.6878 6.12224 12.3676 6.12224H6.76329C6.4431 6.12224 6.18354 5.86528 6.18354 5.5483ZM6.76329 11.0961C6.4431 11.0961 6.18354 11.3531 6.18354 11.6701C6.18354 11.987 6.4431 12.244 6.76329 12.244H12.3676C12.6878 12.244 12.9473 11.987 12.9473 11.6701C12.9473 11.3531 12.6878 11.0961 12.3676 11.0961H6.76329ZM6.18354 8.60985C6.18354 8.29287 6.4431 8.03591 6.76329 8.03591H12.3676C12.6878 8.03591 12.9473 8.29287 12.9473 8.60985C12.9473 8.92684 12.6878 9.1838 12.3676 9.1838H6.76329C6.4431 9.1838 6.18354 8.92684 6.18354 8.60985ZM3.67118 5.5483C3.67118 5.23132 3.93075 4.97436 4.25093 4.97436H4.63743C4.95762 4.97436 5.21719 5.23132 5.21719 5.5483C5.21719 5.86528 4.95762 6.12224 4.63743 6.12224H4.25093C3.93075 6.12224 3.67118 5.86528 3.67118 5.5483ZM4.25093 11.0961C3.93075 11.0961 3.67118 11.3531 3.67118 11.6701C3.67118 11.987 3.93075 12.244 4.25093 12.244H4.63743C4.95762 12.244 5.21719 11.987 5.21719 11.6701C5.21719 11.3531 4.95762 11.0961 4.63743 11.0961H4.25093ZM3.67118 8.60985C3.67118 8.29287 3.93075 8.03591 4.25093 8.03591H4.63743C4.95762 8.03591 5.21719 8.29287 5.21719 8.60985C5.21719 8.92684 4.95762 9.1838 4.63743 9.1838H4.25093C3.93075 9.1838 3.67118 8.92684 3.67118 8.60985ZM4.25093 14.157C3.93075 14.157 3.67118 14.414 3.67118 14.731C3.67118 15.0479 3.93075 15.3049 4.25093 15.3049H4.63743C4.95762 15.3049 5.21719 15.0479 5.21719 14.731C5.21719 14.414 4.95762 14.157 4.63743 14.157H4.25093Z" fill="#EB0203"></path>
                    <path fill-rule="evenodd" clip-rule="evenodd" d="M14.6252 13.6363C13.4918 12.6215 11.7817 12.5264 10.6569 13.4792C9.12421 14.7764 9.34841 16.8912 10.4409 18.0122L14.0159 21.6742C14.2197 21.8832 14.4928 22 14.7822 22C15.0737 22 15.3448 21.8852 15.5486 21.6762L19.1236 18.0142C20.214 16.8933 20.4423 14.7785 18.9075 13.4792C17.7827 12.5283 16.0724 12.6217 14.9391 13.6365C14.8855 13.6845 14.8331 13.7345 14.7822 13.7866C14.7313 13.7345 14.6789 13.6843 14.6252 13.6363ZM18.1546 14.3522C19.0973 15.1508 18.9962 16.4896 18.2891 17.2173C18.2888 17.2175 18.2886 17.2177 18.2884 17.218L14.7832 20.8084L11.2753 17.2151C11.2752 17.215 11.2751 17.2149 11.2749 17.2148C10.5677 16.4887 10.4678 15.1495 11.4104 14.3518L11.4108 14.3514C12.0745 13.7892 13.2018 13.82 13.9488 14.5846L14.7822 15.4378L15.6157 14.5846C16.3617 13.8211 17.4896 13.79 18.1545 14.3521" fill="#EB0203"></path>
                    </svg>
                    <svg class="inactive-content" width="100%" height="100%" viewBox="0 0 20 23" fill="none" xmlns="http://www.w3.org/2000/svg">
                    <path fill-rule="evenodd" clip-rule="evenodd" d="M6.18408 5.77914C6.18408 5.46223 6.44363 5.20532 6.7638 5.20532H12.3678C12.6879 5.20532 12.9475 5.46223 12.9475 5.77914C12.9475 6.09606 12.6879 6.35297 12.3678 6.35297H6.7638C6.44363 6.35297 6.18408 6.09606 6.18408 5.77914Z" fill="#EB0203"></path>
                    <path fill-rule="evenodd" clip-rule="evenodd" d="M6.18408 11.9034C6.18408 11.5865 6.44363 11.3296 6.7638 11.3296H12.3678C12.6879 11.3296 12.9475 11.5865 12.9475 11.9034C12.9475 12.2202 12.6879 12.4771 12.3678 12.4771H6.7638C6.44363 12.4771 6.18408 12.2202 6.18408 11.9034Z" fill="#EB0203"></path>
                    <path fill-rule="evenodd" clip-rule="evenodd" d="M6.18408 8.84116C6.18408 8.52424 6.44363 8.26733 6.7638 8.26733H12.3678C12.6879 8.26733 12.9475 8.52424 12.9475 8.84116C12.9475 9.15807 12.6879 9.41498 12.3678 9.41498H6.7638C6.44363 9.41498 6.18408 9.15807 6.18408 8.84116Z" fill="#EB0203"></path>
                    <path fill-rule="evenodd" clip-rule="evenodd" d="M6.18408 14.9655C6.18408 14.6486 6.44363 14.3917 6.7638 14.3917H10.1455C10.4657 14.3917 10.7252 14.6486 10.7252 14.9655C10.7252 15.2825 10.4657 15.5394 10.1455 15.5394H6.7638C6.44363 15.5394 6.18408 15.2825 6.18408 14.9655Z" fill="#EB0203"></path>
                    <path fill-rule="evenodd" clip-rule="evenodd" d="M3.67139 5.77914C3.67139 5.46223 3.93094 5.20532 4.25111 5.20532H4.63759C4.95776 5.20532 5.21731 5.46223 5.21731 5.77914C5.21731 6.09606 4.95776 6.35297 4.63759 6.35297H4.25111C3.93094 6.35297 3.67139 6.09606 3.67139 5.77914Z" fill="#EB0203"></path>
                    <path fill-rule="evenodd" clip-rule="evenodd" d="M3.67139 11.9034C3.67139 11.5865 3.93094 11.3296 4.25111 11.3296H4.63759C4.95776 11.3296 5.21731 11.5865 5.21731 11.9034C5.21731 12.2202 4.95776 12.4771 4.63759 12.4771H4.25111C3.93094 12.4771 3.67139 12.2202 3.67139 11.9034Z" fill="#EB0203"></path>
                    <path fill-rule="evenodd" clip-rule="evenodd" d="M3.67139 8.84116C3.67139 8.52424 3.93094 8.26733 4.25111 8.26733H4.63759C4.95776 8.26733 5.21731 8.52424 5.21731 8.84116C5.21731 9.15807 4.95776 9.41498 4.63759 9.41498H4.25111C3.93094 9.41498 3.67139 9.15807 3.67139 8.84116Z" fill="#EB0203"></path>
                    <path fill-rule="evenodd" clip-rule="evenodd" d="M3.67139 14.9655C3.67139 14.6486 3.93094 14.3917 4.25111 14.3917H4.63759C4.95776 14.3917 5.21731 14.6486 5.21731 14.9655C5.21731 15.2825 4.95776 15.5394 4.63759 15.5394H4.25111C3.93094 15.5394 3.67139 15.2825 3.67139 14.9655Z" fill="#EB0203"></path>
                    <path fill-rule="evenodd" clip-rule="evenodd" d="M0 1.76033C0 0.914738 0.692131 0.229248 1.54592 0.229248H15.0727C15.9265 0.229248 16.6186 0.914738 16.6186 1.76033V11.2818C16.6186 11.5989 16.3591 11.8559 16.0389 11.8559C15.7187 11.8559 15.4592 11.5989 15.4592 11.2818V1.76033C15.4592 1.54893 15.2862 1.37756 15.0727 1.37756H1.54592C1.33247 1.37756 1.15944 1.54893 1.15944 1.76033V18.985C1.15944 19.1964 1.33247 19.3678 1.54592 19.3678H9.27551C9.59568 19.3678 9.85523 19.6249 9.85523 19.942C9.85523 20.2591 9.59568 20.5161 9.27551 20.5161H1.54592C0.692131 20.5161 0 19.8306 0 18.985V1.76033Z" fill="#EB0203"></path>
                    <path fill-rule="evenodd" clip-rule="evenodd" d="M14.6254 13.8718C13.4921 12.8567 11.7821 12.7615 10.6574 13.7147C9.12472 15.0124 9.34891 17.128 10.4413 18.2493L14.0161 21.9126C14.2199 22.1217 14.493 22.2386 14.7824 22.2386C15.0739 22.2386 15.3449 22.1238 15.5487 21.9147L19.1235 18.2514C20.2139 17.13 20.4422 15.0144 18.9075 13.7147C17.7827 12.7634 16.0726 12.8569 14.9392 13.872C14.8856 13.92 14.8333 13.9701 14.7824 14.0222C14.7314 13.97 14.6791 13.9199 14.6254 13.8718ZM18.1546 14.588C19.0972 15.3869 18.9961 16.7262 18.2891 17.4541C18.2888 17.4543 18.2886 17.4546 18.2884 17.4548L14.7834 21.0466L11.2757 17.452C11.2756 17.4519 11.2755 17.4517 11.2753 17.4516C10.5681 16.7252 10.4682 15.3856 11.4108 14.5876L11.4112 14.5872C12.0748 14.0248 13.202 14.0556 13.949 14.8205L14.7824 15.674L15.6158 14.8205C16.3618 14.0567 17.4896 14.0256 18.1545 14.5879" fill="#EB0203"></path>
                    </svg>
                    </button>
                    </div>
                    </div>
                    <p class="ct-tile--brand">Continente Fácil &amp; Bom</p>
                    <p class="ct-tile--quantity">emb. 400 gr</p>
                    </div>
                    <div class="ct-tile-bottom row no-gutters justify-content-between">
                    <div class="ct-price-wrap col-8 col-sm-12">
                    <div class="price js-product-price">
                    <div class="prices-wrapper">
                    <span class="sales ct-tile--price-primary ">
                    <span class="value" content="1.29">
                    <span class="ct-price-formatted">
                    €1,29
                    </span>
                    <span class="ct-m-unit">
                    /un
                    </span>
                    </span>
                    </span>
                    </div>
                    <div class="ct-tile--price-secondary">
                    <span class="ct-price-value">
                    €3,23
                    </span>
                    <span class="ct-m-unit">
                    /kg
                    </span>
                    </div>
                    </div>
                    </div>
                    <div class="ct-tile-buy-section d-flex justify-content-center no-gutters col-auto col-sm-12">
                    <div class="col-2 d-sm-flex d-none">
                    <button class="wishlist-toggler guest-mode inactive button button--tertiary" data-pid="4388719" data-add-url="https://www.continente.pt/on/demandware.store/Sites-continente-Site/default/Wishlist-AddProduct?pid=4388719" data-toggle="tooltip" aria-label="Adicionar aos favoritos " data-original-title="Adicionar aos favoritos" data-placement="top">
                    <svg class="active-content" width="100%" height="100%" viewBox="0 0 20 22" fill="none" xmlns="http://www.w3.org/2000/svg">
                    <path fill-rule="evenodd" clip-rule="evenodd" d="M0 1.53052C0 0.685236 0.692171 0 1.54601 0H15.0736C15.9274 0 16.6196 0.685235 16.6196 1.53052V13.4064L15.8127 13.922L14.2658 14.2658L12.7189 13.4064L10.6054 14.3818C10.4994 14.2451 10.3327 14.157 10.1452 14.157H6.76329C6.4431 14.157 6.18354 14.414 6.18354 14.731C6.18354 15.0479 6.4431 15.3049 6.76329 15.3049H10.1452C10.2478 15.3049 10.3441 15.2785 10.4277 15.2322L10.3126 16.8439L13.2345 20.2793H1.54601C0.69217 20.2793 0 19.5941 0 18.7488V1.53052ZM6.18354 5.5483C6.18354 5.23132 6.4431 4.97436 6.76329 4.97436H12.3676C12.6878 4.97436 12.9473 5.23132 12.9473 5.5483C12.9473 5.86528 12.6878 6.12224 12.3676 6.12224H6.76329C6.4431 6.12224 6.18354 5.86528 6.18354 5.5483ZM6.76329 11.0961C6.4431 11.0961 6.18354 11.3531 6.18354 11.6701C6.18354 11.987 6.4431 12.244 6.76329 12.244H12.3676C12.6878 12.244 12.9473 11.987 12.9473 11.6701C12.9473 11.3531 12.6878 11.0961 12.3676 11.0961H6.76329ZM6.18354 8.60985C6.18354 8.29287 6.4431 8.03591 6.76329 8.03591H12.3676C12.6878 8.03591 12.9473 8.29287 12.9473 8.60985C12.9473 8.92684 12.6878 9.1838 12.3676 9.1838H6.76329C6.4431 9.1838 6.18354 8.92684 6.18354 8.60985ZM3.67118 5.5483C3.67118 5.23132 3.93075 4.97436 4.25093 4.97436H4.63743C4.95762 4.97436 5.21719 5.23132 5.21719 5.5483C5.21719 5.86528 4.95762 6.12224 4.63743 6.12224H4.25093C3.93075 6.12224 3.67118 5.86528 3.67118 5.5483ZM4.25093 11.0961C3.93075 11.0961 3.67118 11.3531 3.67118 11.6701C3.67118 11.987 3.93075 12.244 4.25093 12.244H4.63743C4.95762 12.244 5.21719 11.987 5.21719 11.6701C5.21719 11.3531 4.95762 11.0961 4.63743 11.0961H4.25093ZM3.67118 8.60985C3.67118 8.29287 3.93075 8.03591 4.25093 8.03591H4.63743C4.95762 8.03591 5.21719 8.29287 5.21719 8.60985C5.21719 8.92684 4.95762 9.1838 4.63743 9.1838H4.25093C3.93075 9.1838 3.67118 8.92684 3.67118 8.60985ZM4.25093 14.157C3.93075 14.157 3.67118 14.414 3.67118 14.731C3.67118 15.0479 3.93075 15.3049 4.25093 15.3049H4.63743C4.95762 15.3049 5.21719 15.0479 5.21719 14.731C5.21719 14.414 4.95762 14.157 4.63743 14.157H4.25093Z" fill="#EB0203"></path>
                    <path fill-rule="evenodd" clip-rule="evenodd" d="M14.6252 13.6363C13.4918 12.6215 11.7817 12.5264 10.6569 13.4792C9.12421 14.7764 9.34841 16.8912 10.4409 18.0122L14.0159 21.6742C14.2197 21.8832 14.4928 22 14.7822 22C15.0737 22 15.3448 21.8852 15.5486 21.6762L19.1236 18.0142C20.214 16.8933 20.4423 14.7785 18.9075 13.4792C17.7827 12.5283 16.0724 12.6217 14.9391 13.6365C14.8855 13.6845 14.8331 13.7345 14.7822 13.7866C14.7313 13.7345 14.6789 13.6843 14.6252 13.6363ZM18.1546 14.3522C19.0973 15.1508 18.9962 16.4896 18.2891 17.2173C18.2888 17.2175 18.2886 17.2177 18.2884 17.218L14.7832 20.8084L11.2753 17.2151C11.2752 17.215 11.2751 17.2149 11.2749 17.2148C10.5677 16.4887 10.4678 15.1495 11.4104 14.3518L11.4108 14.3514C12.0745 13.7892 13.2018 13.82 13.9488 14.5846L14.7822 15.4378L15.6157 14.5846C16.3617 13.8211 17.4896 13.79 18.1545 14.3521" fill="#EB0203"></path>
                    </svg>
                    <svg class="inactive-content" width="100%" height="100%" viewBox="0 0 20 23" fill="none" xmlns="http://www.w3.org/2000/svg">
                    <path fill-rule="evenodd" clip-rule="evenodd" d="M6.18408 5.77914C6.18408 5.46223 6.44363 5.20532 6.7638 5.20532H12.3678C12.6879 5.20532 12.9475 5.46223 12.9475 5.77914C12.9475 6.09606 12.6879 6.35297 12.3678 6.35297H6.7638C6.44363 6.35297 6.18408 6.09606 6.18408 5.77914Z" fill="#EB0203"></path>
                    <path fill-rule="evenodd" clip-rule="evenodd" d="M6.18408 11.9034C6.18408 11.5865 6.44363 11.3296 6.7638 11.3296H12.3678C12.6879 11.3296 12.9475 11.5865 12.9475 11.9034C12.9475 12.2202 12.6879 12.4771 12.3678 12.4771H6.7638C6.44363 12.4771 6.18408 12.2202 6.18408 11.9034Z" fill="#EB0203"></path>
                    <path fill-rule="evenodd" clip-rule="evenodd" d="M6.18408 8.84116C6.18408 8.52424 6.44363 8.26733 6.7638 8.26733H12.3678C12.6879 8.26733 12.9475 8.52424 12.9475 8.84116C12.9475 9.15807 12.6879 9.41498 12.3678 9.41498H6.7638C6.44363 9.41498 6.18408 9.15807 6.18408 8.84116Z" fill="#EB0203"></path>
                    <path fill-rule="evenodd" clip-rule="evenodd" d="M6.18408 14.9655C6.18408 14.6486 6.44363 14.3917 6.7638 14.3917H10.1455C10.4657 14.3917 10.7252 14.6486 10.7252 14.9655C10.7252 15.2825 10.4657 15.5394 10.1455 15.5394H6.7638C6.44363 15.5394 6.18408 15.2825 6.18408 14.9655Z" fill="#EB0203"></path>
                    <path fill-rule="evenodd" clip-rule="evenodd" d="M3.67139 5.77914C3.67139 5.46223 3.93094 5.20532 4.25111 5.20532H4.63759C4.95776 5.20532 5.21731 5.46223 5.21731 5.77914C5.21731 6.09606 4.95776 6.35297 4.63759 6.35297H4.25111C3.93094 6.35297 3.67139 6.09606 3.67139 5.77914Z" fill="#EB0203"></path>
                    <path fill-rule="evenodd" clip-rule="evenodd" d="M3.67139 11.9034C3.67139 11.5865 3.93094 11.3296 4.25111 11.3296H4.63759C4.95776 11.3296 5.21731 11.5865 5.21731 11.9034C5.21731 12.2202 4.95776 12.4771 4.63759 12.4771H4.25111C3.93094 12.4771 3.67139 12.2202 3.67139 11.9034Z" fill="#EB0203"></path>
                    <path fill-rule="evenodd" clip-rule="evenodd" d="M3.67139 8.84116C3.67139 8.52424 3.93094 8.26733 4.25111 8.26733H4.63759C4.95776 8.26733 5.21731 8.52424 5.21731 8.84116C5.21731 9.15807 4.95776 9.41498 4.63759 9.41498H4.25111C3.93094 9.41498 3.67139 9.15807 3.67139 8.84116Z" fill="#EB0203"></path>
                    <path fill-rule="evenodd" clip-rule="evenodd" d="M3.67139 14.9655C3.67139 14.6486 3.93094 14.3917 4.25111 14.3917H4.63759C4.95776 14.3917 5.21731 14.6486 5.21731 14.9655C5.21731 15.2825 4.95776 15.5394 4.63759 15.5394H4.25111C3.93094 15.5394 3.67139 15.2825 3.67139 14.9655Z" fill="#EB0203"></path>
                    <path fill-rule="evenodd" clip-rule="evenodd" d="M0 1.76033C0 0.914738 0.692131 0.229248 1.54592 0.229248H15.0727C15.9265 0.229248 16.6186 0.914738 16.6186 1.76033V11.2818C16.6186 11.5989 16.3591 11.8559 16.0389 11.8559C15.7187 11.8559 15.4592 11.5989 15.4592 11.2818V1.76033C15.4592 1.54893 15.2862 1.37756 15.0727 1.37756H1.54592C1.33247 1.37756 1.15944 1.54893 1.15944 1.76033V18.985C1.15944 19.1964 1.33247 19.3678 1.54592 19.3678H9.27551C9.59568 19.3678 9.85523 19.6249 9.85523 19.942C9.85523 20.2591 9.59568 20.5161 9.27551 20.5161H1.54592C0.692131 20.5161 0 19.8306 0 18.985V1.76033Z" fill="#EB0203"></path>
                    <path fill-rule="evenodd" clip-rule="evenodd" d="M14.6254 13.8718C13.4921 12.8567 11.7821 12.7615 10.6574 13.7147C9.12472 15.0124 9.34891 17.128 10.4413 18.2493L14.0161 21.9126C14.2199 22.1217 14.493 22.2386 14.7824 22.2386C15.0739 22.2386 15.3449 22.1238 15.5487 21.9147L19.1235 18.2514C20.2139 17.13 20.4422 15.0144 18.9075 13.7147C17.7827 12.7634 16.0726 12.8569 14.9392 13.872C14.8856 13.92 14.8333 13.9701 14.7824 14.0222C14.7314 13.97 14.6791 13.9199 14.6254 13.8718ZM18.1546 14.588C19.0972 15.3869 18.9961 16.7262 18.2891 17.4541C18.2888 17.4543 18.2886 17.4546 18.2884 17.4548L14.7834 21.0466L11.2757 17.452C11.2756 17.4519 11.2755 17.4517 11.2753 17.4516C10.5681 16.7252 10.4682 15.3856 11.4108 14.5876L11.4112 14.5872C12.0748 14.0248 13.202 14.0556 13.949 14.8205L14.7824 15.674L15.6158 14.8205C16.3618 14.0567 17.4896 14.0256 18.1545 14.5879" fill="#EB0203"></path>
                    </svg>
                    </button>
                    </div>
                    <div class="col-sm-10 col-12">
                    <div class="ct-tile-quantity d-none" data-pid="4388719">
                    <input type="hidden" class="add-to-cart-url" value="https://www.continente.pt/on/demandware.store/Sites-continente-Site/default/Cart-AddProduct">
                    <div class="d-none tile-delete-confirmation-btn" data-pid="4388719" data-delay-time="3000" data-in-cart-msg="no carrinho" data-one-product-added="Adicionado ao carrinho" data-remove-from-cart-msg="Removido do carrinho" data-stay-open="6000.0" data-confirmation-image="{&quot;url&quot;:&quot;https://www.continente.pt/dw/image/v2/BDVS_PRD/on/demandware.static/-/Sites-col-master-catalog/default/dw4625be90/images/col/438/4388719-cima.jpg?sw=87&amp;sh=80&quot;,&quot;fallbackimage&quot;:{&quot;url&quot;:&quot;https://www.continente.pt/dw/image/v2/BDVS_PRD/on/demandware.static/Sites-continente-Site/-/default/dw7c42b4da/images/noimagelarge_product.png?sw=87&amp;sh=80&quot;,&quot;title&quot;:&quot;Sopa Caldo Verde&quot;,&quot;alt&quot;:&quot;Sopa Caldo Verde&quot;},&quot;title&quot;:&quot;Sopa Caldo Verde&quot;,&quot;alt&quot;:&quot;Sopa Caldo Verde&quot;}"></div>
                    <div class="ct-tile-quantity-update quantity-update product-qty-vue" data-remove-action="https://www.continente.pt/on/demandware.store/Sites-continente-Site/default/Cart-RemoveProductLineItem" data-action="https://www.continente.pt/on/demandware.store/Sites-continente-Site/default/Cart-UpdateQuantity" data-dimension-update="https://www.continente.pt/on/demandware.store/Sites-continente-Site/default/Cart-DimensionUpdate" data-pid="4388719" data-uuid="89892671c956a3119ffd6f62ab" data-add-delay="500.0" data-measure-options="{&quot;hasConversionRate&quot;:true,&quot;hasAlternativeSaleUnit&quot;:false,&quot;primaryToSecondary&quot;:1,&quot;secondaryToPrimary&quot;:1,&quot;unitConversionRate&quot;:1,&quot;minOrderQuantity&quot;:1,&quot;stepQuantity&quot;:1,&quot;primaryunit&quot;:&quot;un&quot;,&quot;secondaryunit&quot;:&quot;kg&quot;,&quot;selectedunit&quot;:&quot;primary&quot;,&quot;maxNumberOfUnitsPerSale&quot;:50}" data-price-available="null" :data-has-error="isMaxQtyReached || isMinQtyReached || qtySelectedMoreThanOne">
                    <template v-show="prodUnits">
                    <div class="quantity-input-wrapper has-units">
                    <label class="visually-hidden" :for="'quantity-' + pid + additionalTag">
                    Quantidade no carrinho
                    </label>
                    <input :ref="'quantityInput-' + pid + additionalTag" class="add-to-cart-quantity form-control ct-form-input text-center" inputmode="numeric" :class="{'is-invalid': isInvalid}" :data-pid="pid + additionalTag" :name="'quantity-' + pid + additionalTag" type="text" aria-label="Insira a quantidade" title="" v-model="displayValue" @change="updateQuantity" @focus="updateQtyFormat" @blur="restoreQtyFormat" :disabled="!isPriceAvailable">
                    <span class="quantity-icon quantity-icon--minus">
                    <button class="decrease-quantity-btn" @click="updateQuantity" :disabled="!isPriceAvailable" role="button" aria-label="Reduzir quantidade">
                    <i class="css-math-minus"></i>
                    </button>
                    </span>
                    <span class="quantity-icon quantity-icon--plus">
                    <button class="increase-quantity-btn" @click="updateQuantity" :disabled="isMaxQtyReached || !isPriceAvailable" role="button" aria-label="Aumentar quantidade">
                    <i class="css-math-plus"></i>
                    </button>
                    <span class="quantity-btn-disabled-placeholder"></span>
                    </span>
                    <template v-if="isPDP">
                    <span class="quantity-error ct-span-error text-sm-center product-max-allocation" v-if="isMaxQtyReached">
                    Quantidade máxima atingida
                    </span>
                    <span class="quantity-error ct-span-product text-sm-center product-allocation" v-if="!isMinQtyReached &amp;&amp; !isMaxQtyReached">
                    {{quantitySelected}} no carrinho
                    </span>
                    <span class="quantity-error ct-span-error text-sm-center product-min-allocation" :data-pid="pid" v-if="isMinQtyReached &amp;&amp; !isMaxQtyReached">
                    Quantidade mínima atingida
                    </span>
                    </template>
                    </div>
                    <template v-if="showNotes">
                    <div class="add-note-link-container ">
                    <div class="add-note">
                    <a href="/produto/sopa-caldo-verde-continente-facil-bom-4388719.html?showNote=true" class="ct-add-note-redirect-pdp" aria-label="Adicionar comentário">
                    <span class="svg-wrapper svg-icon-notes" style="width:19px; height:20px">
                    <svg class="svg-inline icon-notes" viewBox="0 0 28 30" xmlns="http://www.w3.org/2000/svg" width="100%" height="100%"><path d="M21.738 0C22.985 0 24 1.04 24 2.319V12.47c0 .469-.37.848-.828.848-.457 0-.827-.38-.827-.848V2.32c0-.343-.273-.622-.607-.622H2.262c-.334 0-.607.279-.607.622V27.68c0 .343.273.622.607.622h7.81c.457 0 .827.38.827.849 0 .468-.37.848-.827.848h-7.81C1.015 30 0 28.96 0 27.681V2.32C0 1.04 1.015 0 2.262 0h19.476zm2.844 16.004l.227.007c.823.053 1.589.39 2.176.964.64.627.993 1.46.993 2.349 0 .888-.353 1.722-.993 2.348l-6.83 6.665c-.11.108-.247.186-.397.226l-5.032 1.363c-.078.021-.16.032-.241.032-.242 0-.478-.097-.647-.266-.23-.231-.314-.566-.218-.874l1.49-4.798c.044-.139.122-.266.227-.369l6.844-6.677c.64-.625 1.493-.97 2.401-.97zm-2.886 3.94l-4.922 4.802-.947 3.048 3.22-.872 4.897-4.78-2.248-2.197zm2.887-2.174c-.425 0-.824.162-1.124.455l-.484.472 2.248 2.197.484-.472c.62-.606.62-1.591 0-2.197l-.117-.104c-.283-.227-.636-.35-1.007-.35zm-10.839.022c.498 0 .904.396.904.883 0 .488-.406.884-.904.884H5.946c-.499 0-.904-.396-.904-.884 0-.487.405-.883.904-.883zm5.042-4.876c.498 0 .904.397.904.884s-.406.884-.904.884H5.946c-.499 0-.904-.397-.904-.884s.405-.884.904-.884zm0-4.875c.498 0 .904.396.904.884 0 .487-.406.883-.904.883H5.946c-.499 0-.904-.396-.904-.883 0-.488.405-.884.904-.884z" fill="#EB0203" fill-rule="evenodd"></path></svg>
                    </span>
                    <div class="available-note d-none"></div>
                    </a>
                    </div>
                    </div>
                    </template>
                    <div class="measurement-unit-section" v-if="isPriceAvailable &amp;&amp; prodUnits ? prodUnits.hasAlternativeUnit : false">
                    <div class="ct-form-radio" @click="setDimension">
                    <input type="radio" title="" class="ct-form-check-input product-measurement-unit" :data-type="prodUnits.selectedUnit == prodUnits.secondaryUnit ? 'primary' : ''" :id="prodUnits.secondaryUnit + '-' + pid + '-measurement-unit-ptile' + additionalTag" :name="'measurement-unit-' + pid + '-ptile' + additionalTag" :value="prodUnits.secondaryUnit" v-model="prodUnits.selectedUnit">
                    <label :class="prodUnits.secondaryUnit + '-label ct-form-check-label mb-0'" :for="prodUnits.secondaryUnit + '-' + pid + '-measurement-unit-ptile' + additionalTag">
                    {{prodUnits.secondaryUnit}}
                    </label>
                    <span class="checkmark"></span>
                    </div>
                    <div class="ct-form-radio" @click="setDimension">
                    <input type="radio" title="" class="ct-form-check-input product-measurement-unit" :data-type="prodUnits.selectedUnit == prodUnits.primaryUnit ? 'primary' : ''" :id="prodUnits.primaryUnit + '-' + pid + '-measurement-unit-ptile' + additionalTag" :name="'measurement-unit-' + pid + '-ptile' + additionalTag" :value="prodUnits.primaryUnit" v-model="prodUnits.selectedUnit">
                    <label :class="prodUnits.primaryUnit + '-label ct-form-check-label mb-0'" :for="prodUnits.primaryUnit + '-' + pid + '-measurement-unit-ptile' + additionalTag">
                    {{prodUnits.primaryUnit}}
                    </label>
                    <span class="checkmark"></span>
                    </div>
                    </div>
                    <template v-if="!isPDP &amp;&amp; isPriceAvailable">
                    <span class="quantity-error ct-span-error product-max-allocation" v-if="isMaxQtyReached">
                    Quantidade máxima atingida
                    </span>
                    <span class="quantity-error ct-span-product product-allocation" v-if="!isMinQtyReached &amp;&amp; !isMaxQtyReached">
                    {{quantitySelected}} no carrinho
                    </span>
                    <span class="quantity-error ct-span-error product-min-allocation" :data-pid="pid" v-if="isMinQtyReached &amp;&amp; !isMaxQtyReached">
                    Quantidade mínima atingida
                     </span>
                    </template>
                    </template>
                    </div>
                    <input class="quantity-value-mask d-none" name="quantity" type="number" min="0" value="">
                    </div>
                    <button type="button" class="add-to-cart button js-add-to-cart js-add-to-cart-tile 4388719 button--primary dynamic-layout-btn" data-toggle="modal" data-target="#chooseBonusProductModal" data-pid="4388719" data-quantity-value="null" aria-label="Carrinho">
                    <span class="d-block d-sm-none">
                    <span class="svg-wrapper svg-icon-cart" style="width:20px; height:20px">
                    <svg class="svg-inline icon-cart" xmlns="http://www.w3.org/2000/svg" viewBox="0 0 500 500" width="100%" height="100%"><path fill="#EB0203" fill-rule="evenodd" d="M 485.67317,94.386311 C 476.37798,83.847129 463.09468,78.03348 448.30404,78.03348 H 90.690813 L 87.079511,51.327997 C 83.185582,22.539551 62.962285,0 41.011841,0 H 14.727836 C 6.563151,0 0,6.5286975 0,14.580758 c 0,8.05206 6.5945535,14.580758 14.727836,14.580758 h 26.284005 c 4.710398,0 14.696435,9.855222 16.894619,26.021523 L 100.01739,368.0631 c 1.88416,13.77244 9.01256,26.70549 20.1605,36.37417 8.25889,7.15046 18.02511,11.9071 28.26237,13.89679 -4.17655,7.58572 -6.53175,16.25957 -6.53175,25.493 0,29.53459 24.27424,53.59751 54.13815,53.59751 29.8325,0 54.13814,-24.03184 54.13814,-53.59751 0,-8.79818 -2.19818,-17.09897 -5.9979,-24.43598 h 77.12488 c -3.79973,7.33701 -5.96652,15.6378 -5.96652,24.43598 0,29.53459 24.27424,53.59751 54.13817,53.59751 29.83249,0 54.13814,-24.03184 54.13814,-53.59751 0,-8.79818 -2.1982,-17.09897 -5.9979,-24.43598 h 38.56243 c 8.13328,0 14.72783,-6.5287 14.72783,-14.61183 0,-8.02098 -6.59455,-14.54967 -14.72783,-14.54967 H 159.24277 c -14.38241,0 -28.13677,-11.90711 -30.02092,-26.02153 l -3.07746,-22.88154 h 290.6314 c 14.03698,0 27.94834,-5.28513 39.06488,-14.95381 11.11652,-9.6376 18.27632,-22.57065 20.16048,-36.37417 l 21.10259,-156.78201 c 1.94694,-14.51858 -2.10398,-28.29103 -11.43057,-38.861299 z M 220.76053,443.82706 c 0,13.49265 -11.08513,24.46709 -24.68247,24.46709 -13.62874,0 -24.71387,-10.97444 -24.71387,-24.46709 0,-13.49262 11.08513,-24.43598 24.71387,-24.43598 13.59734,0 24.68247,10.94336 24.68247,24.43598 z m 173.43675,0 c 0,13.49265 -11.08512,24.46709 -24.68245,24.46709 -13.62876,0 -24.71388,-10.97444 -24.71388,-24.46709 0,-13.49262 11.08512,-24.43598 24.71388,-24.43598 13.59733,0 24.68245,10.94336 24.68245,24.43598 z m 73.7648,-314.46558 -21.13397,156.782 c -1.88416,14.11442 -15.63851,26.05261 -30.02091,26.05261 H 122.25046 L 94.616142,107.19499 H 448.33544 c 6.18632,0 11.61896,2.2695 15.23028,6.37326 3.64269,4.13484 5.21283,9.73086 4.39636,15.79323 z"></path></svg>
                    </span>
                    </span>
                    <span class="add-to-cart--text d-none d-sm-block">Carrinho</span>
                    </button>
                    </div>
                    </div>
                    </div>
                    </div>
                    
                    <div class="col-12 d-sm-none">
                    </div>
                    </div>
                    </div>
                    </div>
                    </div>
                    <div class="col-12 col-sm-3 col-lg-2 productTile" data-idx="10">
                    
                    <script type="text/javascript">//<!--
                    /* <![CDATA[ */
                    (function(){
                    try {
                        if(window.CQuotient) {
                        var cq_params = {};
                        
                        cq_params.cookieId = window.CQuotient.getCQCookieId();
                        cq_params.userId = window.CQuotient.getCQUserId();
                        cq_params.emailId = CQuotient.getCQHashedEmail();
                        cq_params.loginId = CQuotient.getCQHashedLogin();
                        cq_params.accumulate = true;
                        cq_params.products = [{
                            id: '4297266',
                            sku: ''
                        }];
                        cq_params.categoryId = 'refeicoes-faceis';
                        cq_params.refinements = '[{\"name\":\"priceMin\",\"value\":\"0.01\"},{\"name\":\"priceMax\",\"value\":\"null\"},{\"name\":\"curr\",\"value\":\"EUR\"},{\"name\":\"Category\",\"value\":\"refeicoes-faceis\"}]';
                        cq_params.personalized = 'false';
                        cq_params.sortingRule = 'FRESH-Refei\u00E7\u00F5es F\u00E1ceis';
                        cq_params.imageUUID = '__UNDEFINED__';
                        cq_params.realm = "BDVS";
                        cq_params.siteId = "continente";
                        cq_params.instanceType = "prd";
                        cq_params.queryLocale = "default";
                        cq_params.locale = window.CQuotient.locale;
                        
                        if(window.CQuotient.sendActivity)
                            window.CQuotient.sendActivity(CQuotient.clientId, 'viewCategory', cq_params);
                        else
                            window.CQuotient.activities.push({
                                activityType: 'viewCategory',
                                parameters: cq_params
                            });
                      }
                    } catch(err) {}
                    })();
                    /* ]]> */
                    // -->
                    </script>
                    <script type="text/javascript">//<!--
                    /* <![CDATA[ (viewCategoryProduct-active_data.js) */
                    (function(){
                    try {
                        if (dw.ac) {
                            var search_params = {};
                            search_params.persd = 'false';
                            search_params.refs = '[{\"name\":\"priceMin\",\"value\":\"0.01\"},{\"name\":\"priceMax\",\"value\":\"null\"},{\"name\":\"curr\",\"value\":\"EUR\"},{\"name\":\"Category\",\"value\":\"refeicoes-faceis\"}]';
                            search_params.sort = 'FRESH-Refei\u00E7\u00F5es F\u00E1ceis';
                            search_params.imageUUID = '';
                            search_params.searchID = 'adc2ebee-ded6-4d71-a833-c4f63de27d3e';
                            search_params.locale = 'default';
                            search_params.queryLocale = 'default';
                            search_params.showProducts = 'true';
                            dw.ac.applyContext({category: "refeicoes-faceis", searchData: search_params});
                            if (typeof dw.ac._scheduleDataSubmission === "function") {
                                dw.ac._scheduleDataSubmission();
                            }
                        }
                    } catch(err) {}
                    })();
                    /* ]]> */
                    // -->
                    </script>
                    <script type="text/javascript">//<!--
                    /* <![CDATA[ (viewProduct-active_data.js) */
                    dw.ac._capture({id: "4297266", type: "searchhit"});
                    /* ]]> */
                    // -->
                    </script>
                    <div class="product" data-pid="4297266">
                    <div class="product-tile pid-4297266 ct-product-tile data-layer-pushed" data-delay-time="3000" data-variants-mapping="[]" data-in-cart-msg="no carrinho" data-one-product-added="Adicionado ao carrinho" data-remove-from-cart-msg="Removido do carrinho" data-stay-open="6000.0" data-product-tile-impression="{&quot;name&quot;:&quot;4297266&quot;,&quot;id&quot;:&quot;4297266&quot;,&quot;price&quot;:0.79,&quot;brand&quot;:&quot;Continente Fácil &amp; Bom&quot;,&quot;category&quot;:[{&quot;category_level_1&quot;:&quot;Padaria e Pastelaria&quot;},{&quot;category_level_2&quot;:&quot;Massas para Culinária&quot;}],&quot;variant&quot;:&quot;&quot;}">
                    <div class="ct-inner-tile-wrap row no-gutters justify-content-center align-content-start">
                    <div class="ct-product-tile-badge ct-product-tile-badge--promotional">
                    <img class="img-fluid lazyloaded" loading="lazy" data-src="https://www.continente.pt/dw/image/v2/BDVS_PRD/on/demandware.static/-/Sites-continente-Library/default/dw7e91cd4a/images/badges/superprice/col/superprice.png?sw=60&amp;sh=42" alt="Desconto Imediato: 20%" title="Desconto Imediato: 20%" src="https://www.continente.pt/dw/image/v2/BDVS_PRD/on/demandware.static/-/Sites-continente-Library/default/dw7e91cd4a/images/badges/superprice/col/superprice.png?sw=60&amp;sh=42">
                    <div class="ct-product-tile-badge-value-wrapper ct-product-tile-badge-value-wrapper--superprice  ">
                    <span class="ct-product-tile-badge-value--superprice">
                    20
                    </span>
                    <span class="ct-product-tile-badge-value--superprice-quantifier ">
                    %
                     </span>
                    </div>
                    </div>
                    
                    <div class="ct-image-container col-4 col-sm" data-confirmation-image="{&quot;url&quot;:&quot;https://www.continente.pt/dw/image/v2/BDVS_PRD/on/demandware.static/-/Sites-col-master-catalog/default/dwa8b7847d/images/col/429/4297266-frente.jpg?sw=87&amp;sh=80&quot;,&quot;fallbackimage&quot;:{&quot;url&quot;:&quot;https://www.continente.pt/dw/image/v2/BDVS_PRD/on/demandware.static/Sites-continente-Site/-/default/dw7c42b4da/images/noimagelarge_product.png?sw=87&amp;sh=80&quot;,&quot;title&quot;:&quot;Massa Quebrada&quot;,&quot;alt&quot;:&quot;Massa Quebrada&quot;},&quot;title&quot;:&quot;Massa Quebrada&quot;,&quot;alt&quot;:&quot;Massa Quebrada&quot;}">
                    <a href="https://www.continente.pt/produto/massa-quebrada-continente-facil-bom-4297266.html?cgid=refeicoes-faceis">
                    <picture class="intrinsic intrinsic--square">
                    <img class="ct-tile-image lazyloaded" loading="lazy" onerror="this.onerror=null;this.src='/on/demandware.static/Sites-continente-Site/-/default/dw7c42b4da/images/noimagelarge_product.png';" data-src="https://www.continente.pt/dw/image/v2/BDVS_PRD/on/demandware.static/-/Sites-col-master-catalog/default/dwa8b7847d/images/col/429/4297266-frente.jpg?sw=280&amp;sh=280" alt="Massa Quebrada" title="Massa Quebrada" src="https://www.continente.pt/dw/image/v2/BDVS_PRD/on/demandware.static/-/Sites-col-master-catalog/default/dwa8b7847d/images/col/429/4297266-frente.jpg?sw=280&amp;sh=280">
                    </picture>
                    </a>
                    <div class="color-swatches d-flex" style="margin-left: 5px;">
                    <div class="swatches d-flex">
                    </div>
                    </div>
                    </div>
                    <div class="ct-tile-body col col-sm-auto ">
                    <div class="ct-pdp-details">
                    <div class="ct-pdp-link">
                    <a class="ct-tile--description" href="https://www.continente.pt/produto/massa-quebrada-continente-facil-bom-4297266.html?cgid=refeicoes-faceis">Massa Quebrada</a>
                    <div class="ct-tile--favorite-top d-sm-none">
                    <button class="wishlist-toggler guest-mode inactive button button--tertiary" data-pid="4297266" data-add-url="https://www.continente.pt/on/demandware.store/Sites-continente-Site/default/Wishlist-AddProduct?pid=4297266" data-toggle="tooltip" aria-label="Adicionar aos favoritos " data-original-title="Adicionar aos favoritos" data-placement="top">
                    <svg class="active-content" width="100%" height="100%" viewBox="0 0 20 22" fill="none" xmlns="http://www.w3.org/2000/svg">
                    <path fill-rule="evenodd" clip-rule="evenodd" d="M0 1.53052C0 0.685236 0.692171 0 1.54601 0H15.0736C15.9274 0 16.6196 0.685235 16.6196 1.53052V13.4064L15.8127 13.922L14.2658 14.2658L12.7189 13.4064L10.6054 14.3818C10.4994 14.2451 10.3327 14.157 10.1452 14.157H6.76329C6.4431 14.157 6.18354 14.414 6.18354 14.731C6.18354 15.0479 6.4431 15.3049 6.76329 15.3049H10.1452C10.2478 15.3049 10.3441 15.2785 10.4277 15.2322L10.3126 16.8439L13.2345 20.2793H1.54601C0.69217 20.2793 0 19.5941 0 18.7488V1.53052ZM6.18354 5.5483C6.18354 5.23132 6.4431 4.97436 6.76329 4.97436H12.3676C12.6878 4.97436 12.9473 5.23132 12.9473 5.5483C12.9473 5.86528 12.6878 6.12224 12.3676 6.12224H6.76329C6.4431 6.12224 6.18354 5.86528 6.18354 5.5483ZM6.76329 11.0961C6.4431 11.0961 6.18354 11.3531 6.18354 11.6701C6.18354 11.987 6.4431 12.244 6.76329 12.244H12.3676C12.6878 12.244 12.9473 11.987 12.9473 11.6701C12.9473 11.3531 12.6878 11.0961 12.3676 11.0961H6.76329ZM6.18354 8.60985C6.18354 8.29287 6.4431 8.03591 6.76329 8.03591H12.3676C12.6878 8.03591 12.9473 8.29287 12.9473 8.60985C12.9473 8.92684 12.6878 9.1838 12.3676 9.1838H6.76329C6.4431 9.1838 6.18354 8.92684 6.18354 8.60985ZM3.67118 5.5483C3.67118 5.23132 3.93075 4.97436 4.25093 4.97436H4.63743C4.95762 4.97436 5.21719 5.23132 5.21719 5.5483C5.21719 5.86528 4.95762 6.12224 4.63743 6.12224H4.25093C3.93075 6.12224 3.67118 5.86528 3.67118 5.5483ZM4.25093 11.0961C3.93075 11.0961 3.67118 11.3531 3.67118 11.6701C3.67118 11.987 3.93075 12.244 4.25093 12.244H4.63743C4.95762 12.244 5.21719 11.987 5.21719 11.6701C5.21719 11.3531 4.95762 11.0961 4.63743 11.0961H4.25093ZM3.67118 8.60985C3.67118 8.29287 3.93075 8.03591 4.25093 8.03591H4.63743C4.95762 8.03591 5.21719 8.29287 5.21719 8.60985C5.21719 8.92684 4.95762 9.1838 4.63743 9.1838H4.25093C3.93075 9.1838 3.67118 8.92684 3.67118 8.60985ZM4.25093 14.157C3.93075 14.157 3.67118 14.414 3.67118 14.731C3.67118 15.0479 3.93075 15.3049 4.25093 15.3049H4.63743C4.95762 15.3049 5.21719 15.0479 5.21719 14.731C5.21719 14.414 4.95762 14.157 4.63743 14.157H4.25093Z" fill="#EB0203"></path>
                    <path fill-rule="evenodd" clip-rule="evenodd" d="M14.6252 13.6363C13.4918 12.6215 11.7817 12.5264 10.6569 13.4792C9.12421 14.7764 9.34841 16.8912 10.4409 18.0122L14.0159 21.6742C14.2197 21.8832 14.4928 22 14.7822 22C15.0737 22 15.3448 21.8852 15.5486 21.6762L19.1236 18.0142C20.214 16.8933 20.4423 14.7785 18.9075 13.4792C17.7827 12.5283 16.0724 12.6217 14.9391 13.6365C14.8855 13.6845 14.8331 13.7345 14.7822 13.7866C14.7313 13.7345 14.6789 13.6843 14.6252 13.6363ZM18.1546 14.3522C19.0973 15.1508 18.9962 16.4896 18.2891 17.2173C18.2888 17.2175 18.2886 17.2177 18.2884 17.218L14.7832 20.8084L11.2753 17.2151C11.2752 17.215 11.2751 17.2149 11.2749 17.2148C10.5677 16.4887 10.4678 15.1495 11.4104 14.3518L11.4108 14.3514C12.0745 13.7892 13.2018 13.82 13.9488 14.5846L14.7822 15.4378L15.6157 14.5846C16.3617 13.8211 17.4896 13.79 18.1545 14.3521" fill="#EB0203"></path>
                    </svg>
                    <svg class="inactive-content" width="100%" height="100%" viewBox="0 0 20 23" fill="none" xmlns="http://www.w3.org/2000/svg">
                    <path fill-rule="evenodd" clip-rule="evenodd" d="M6.18408 5.77914C6.18408 5.46223 6.44363 5.20532 6.7638 5.20532H12.3678C12.6879 5.20532 12.9475 5.46223 12.9475 5.77914C12.9475 6.09606 12.6879 6.35297 12.3678 6.35297H6.7638C6.44363 6.35297 6.18408 6.09606 6.18408 5.77914Z" fill="#EB0203"></path>
                    <path fill-rule="evenodd" clip-rule="evenodd" d="M6.18408 11.9034C6.18408 11.5865 6.44363 11.3296 6.7638 11.3296H12.3678C12.6879 11.3296 12.9475 11.5865 12.9475 11.9034C12.9475 12.2202 12.6879 12.4771 12.3678 12.4771H6.7638C6.44363 12.4771 6.18408 12.2202 6.18408 11.9034Z" fill="#EB0203"></path>
                    <path fill-rule="evenodd" clip-rule="evenodd" d="M6.18408 8.84116C6.18408 8.52424 6.44363 8.26733 6.7638 8.26733H12.3678C12.6879 8.26733 12.9475 8.52424 12.9475 8.84116C12.9475 9.15807 12.6879 9.41498 12.3678 9.41498H6.7638C6.44363 9.41498 6.18408 9.15807 6.18408 8.84116Z" fill="#EB0203"></path>
                    <path fill-rule="evenodd" clip-rule="evenodd" d="M6.18408 14.9655C6.18408 14.6486 6.44363 14.3917 6.7638 14.3917H10.1455C10.4657 14.3917 10.7252 14.6486 10.7252 14.9655C10.7252 15.2825 10.4657 15.5394 10.1455 15.5394H6.7638C6.44363 15.5394 6.18408 15.2825 6.18408 14.9655Z" fill="#EB0203"></path>
                    <path fill-rule="evenodd" clip-rule="evenodd" d="M3.67139 5.77914C3.67139 5.46223 3.93094 5.20532 4.25111 5.20532H4.63759C4.95776 5.20532 5.21731 5.46223 5.21731 5.77914C5.21731 6.09606 4.95776 6.35297 4.63759 6.35297H4.25111C3.93094 6.35297 3.67139 6.09606 3.67139 5.77914Z" fill="#EB0203"></path>
                    <path fill-rule="evenodd" clip-rule="evenodd" d="M3.67139 11.9034C3.67139 11.5865 3.93094 11.3296 4.25111 11.3296H4.63759C4.95776 11.3296 5.21731 11.5865 5.21731 11.9034C5.21731 12.2202 4.95776 12.4771 4.63759 12.4771H4.25111C3.93094 12.4771 3.67139 12.2202 3.67139 11.9034Z" fill="#EB0203"></path>
                    <path fill-rule="evenodd" clip-rule="evenodd" d="M3.67139 8.84116C3.67139 8.52424 3.93094 8.26733 4.25111 8.26733H4.63759C4.95776 8.26733 5.21731 8.52424 5.21731 8.84116C5.21731 9.15807 4.95776 9.41498 4.63759 9.41498H4.25111C3.93094 9.41498 3.67139 9.15807 3.67139 8.84116Z" fill="#EB0203"></path>
                    <path fill-rule="evenodd" clip-rule="evenodd" d="M3.67139 14.9655C3.67139 14.6486 3.93094 14.3917 4.25111 14.3917H4.63759C4.95776 14.3917 5.21731 14.6486 5.21731 14.9655C5.21731 15.2825 4.95776 15.5394 4.63759 15.5394H4.25111C3.93094 15.5394 3.67139 15.2825 3.67139 14.9655Z" fill="#EB0203"></path>
                    <path fill-rule="evenodd" clip-rule="evenodd" d="M0 1.76033C0 0.914738 0.692131 0.229248 1.54592 0.229248H15.0727C15.9265 0.229248 16.6186 0.914738 16.6186 1.76033V11.2818C16.6186 11.5989 16.3591 11.8559 16.0389 11.8559C15.7187 11.8559 15.4592 11.5989 15.4592 11.2818V1.76033C15.4592 1.54893 15.2862 1.37756 15.0727 1.37756H1.54592C1.33247 1.37756 1.15944 1.54893 1.15944 1.76033V18.985C1.15944 19.1964 1.33247 19.3678 1.54592 19.3678H9.27551C9.59568 19.3678 9.85523 19.6249 9.85523 19.942C9.85523 20.2591 9.59568 20.5161 9.27551 20.5161H1.54592C0.692131 20.5161 0 19.8306 0 18.985V1.76033Z" fill="#EB0203"></path>
                    <path fill-rule="evenodd" clip-rule="evenodd" d="M14.6254 13.8718C13.4921 12.8567 11.7821 12.7615 10.6574 13.7147C9.12472 15.0124 9.34891 17.128 10.4413 18.2493L14.0161 21.9126C14.2199 22.1217 14.493 22.2386 14.7824 22.2386C15.0739 22.2386 15.3449 22.1238 15.5487 21.9147L19.1235 18.2514C20.2139 17.13 20.4422 15.0144 18.9075 13.7147C17.7827 12.7634 16.0726 12.8569 14.9392 13.872C14.8856 13.92 14.8333 13.9701 14.7824 14.0222C14.7314 13.97 14.6791 13.9199 14.6254 13.8718ZM18.1546 14.588C19.0972 15.3869 18.9961 16.7262 18.2891 17.4541C18.2888 17.4543 18.2886 17.4546 18.2884 17.4548L14.7834 21.0466L11.2757 17.452C11.2756 17.4519 11.2755 17.4517 11.2753 17.4516C10.5681 16.7252 10.4682 15.3856 11.4108 14.5876L11.4112 14.5872C12.0748 14.0248 13.202 14.0556 13.949 14.8205L14.7824 15.674L15.6158 14.8205C16.3618 14.0567 17.4896 14.0256 18.1545 14.5879" fill="#EB0203"></path>
                    </svg>
                    </button>
                    </div>
                    </div>
                    <p class="ct-tile--brand">Continente Fácil &amp; Bom</p>
                    <p class="ct-tile--quantity">emb. 230 gr</p>
                    </div>
                    <div class="ct-tile-bottom row no-gutters justify-content-between">
                    <div class="ct-price-wrap col-8 col-sm-12">
                    <div class="price js-product-price">
                    <div class="prices-wrapper">
                    <span class="sales ct-tile--price-primary ">
                    <span class="value" content="0.79">
                    <span class="ct-price-formatted">
                    €0,79
                    </span>
                    <span class="ct-m-unit">
                    /un
                    </span>
                    </span>
                    </span>
                    <span class="strike-through list ct-tile--price-dashed">
                    <span class="value ct-tile--price-value" content="0.99">
                    <span class="sr-only">
                    Price reduced from
                    </span>
                    €0,99
                    <span class="ct-tile--price-dashed">
                    /un
                    </span>
                    <span class="sr-only">
                    to
                    </span>
                    </span>
                    </span>
                    </div>
                    <div class="ct-tile--price-secondary">
                    <span class="ct-price-value">
                    €3,43
                    </span>
                    <span class="ct-m-unit">
                    /kg
                    </span>
                    </div>
                    <p class="ct-discount-amount ">Desconto Imediato: 20%</p>
                    </div>
                    </div>
                    <div class="ct-tile-buy-section d-flex justify-content-center no-gutters col-auto col-sm-12">
                    <div class="col-2 d-sm-flex d-none">
                    <button class="wishlist-toggler guest-mode inactive button button--tertiary" data-pid="4297266" data-add-url="https://www.continente.pt/on/demandware.store/Sites-continente-Site/default/Wishlist-AddProduct?pid=4297266" data-toggle="tooltip" aria-label="Adicionar aos favoritos " data-original-title="Adicionar aos favoritos" data-placement="top">
                    <svg class="active-content" width="100%" height="100%" viewBox="0 0 20 22" fill="none" xmlns="http://www.w3.org/2000/svg">
                    <path fill-rule="evenodd" clip-rule="evenodd" d="M0 1.53052C0 0.685236 0.692171 0 1.54601 0H15.0736C15.9274 0 16.6196 0.685235 16.6196 1.53052V13.4064L15.8127 13.922L14.2658 14.2658L12.7189 13.4064L10.6054 14.3818C10.4994 14.2451 10.3327 14.157 10.1452 14.157H6.76329C6.4431 14.157 6.18354 14.414 6.18354 14.731C6.18354 15.0479 6.4431 15.3049 6.76329 15.3049H10.1452C10.2478 15.3049 10.3441 15.2785 10.4277 15.2322L10.3126 16.8439L13.2345 20.2793H1.54601C0.69217 20.2793 0 19.5941 0 18.7488V1.53052ZM6.18354 5.5483C6.18354 5.23132 6.4431 4.97436 6.76329 4.97436H12.3676C12.6878 4.97436 12.9473 5.23132 12.9473 5.5483C12.9473 5.86528 12.6878 6.12224 12.3676 6.12224H6.76329C6.4431 6.12224 6.18354 5.86528 6.18354 5.5483ZM6.76329 11.0961C6.4431 11.0961 6.18354 11.3531 6.18354 11.6701C6.18354 11.987 6.4431 12.244 6.76329 12.244H12.3676C12.6878 12.244 12.9473 11.987 12.9473 11.6701C12.9473 11.3531 12.6878 11.0961 12.3676 11.0961H6.76329ZM6.18354 8.60985C6.18354 8.29287 6.4431 8.03591 6.76329 8.03591H12.3676C12.6878 8.03591 12.9473 8.29287 12.9473 8.60985C12.9473 8.92684 12.6878 9.1838 12.3676 9.1838H6.76329C6.4431 9.1838 6.18354 8.92684 6.18354 8.60985ZM3.67118 5.5483C3.67118 5.23132 3.93075 4.97436 4.25093 4.97436H4.63743C4.95762 4.97436 5.21719 5.23132 5.21719 5.5483C5.21719 5.86528 4.95762 6.12224 4.63743 6.12224H4.25093C3.93075 6.12224 3.67118 5.86528 3.67118 5.5483ZM4.25093 11.0961C3.93075 11.0961 3.67118 11.3531 3.67118 11.6701C3.67118 11.987 3.93075 12.244 4.25093 12.244H4.63743C4.95762 12.244 5.21719 11.987 5.21719 11.6701C5.21719 11.3531 4.95762 11.0961 4.63743 11.0961H4.25093ZM3.67118 8.60985C3.67118 8.29287 3.93075 8.03591 4.25093 8.03591H4.63743C4.95762 8.03591 5.21719 8.29287 5.21719 8.60985C5.21719 8.92684 4.95762 9.1838 4.63743 9.1838H4.25093C3.93075 9.1838 3.67118 8.92684 3.67118 8.60985ZM4.25093 14.157C3.93075 14.157 3.67118 14.414 3.67118 14.731C3.67118 15.0479 3.93075 15.3049 4.25093 15.3049H4.63743C4.95762 15.3049 5.21719 15.0479 5.21719 14.731C5.21719 14.414 4.95762 14.157 4.63743 14.157H4.25093Z" fill="#EB0203"></path>
                    <path fill-rule="evenodd" clip-rule="evenodd" d="M14.6252 13.6363C13.4918 12.6215 11.7817 12.5264 10.6569 13.4792C9.12421 14.7764 9.34841 16.8912 10.4409 18.0122L14.0159 21.6742C14.2197 21.8832 14.4928 22 14.7822 22C15.0737 22 15.3448 21.8852 15.5486 21.6762L19.1236 18.0142C20.214 16.8933 20.4423 14.7785 18.9075 13.4792C17.7827 12.5283 16.0724 12.6217 14.9391 13.6365C14.8855 13.6845 14.8331 13.7345 14.7822 13.7866C14.7313 13.7345 14.6789 13.6843 14.6252 13.6363ZM18.1546 14.3522C19.0973 15.1508 18.9962 16.4896 18.2891 17.2173C18.2888 17.2175 18.2886 17.2177 18.2884 17.218L14.7832 20.8084L11.2753 17.2151C11.2752 17.215 11.2751 17.2149 11.2749 17.2148C10.5677 16.4887 10.4678 15.1495 11.4104 14.3518L11.4108 14.3514C12.0745 13.7892 13.2018 13.82 13.9488 14.5846L14.7822 15.4378L15.6157 14.5846C16.3617 13.8211 17.4896 13.79 18.1545 14.3521" fill="#EB0203"></path>
                    </svg>
                    <svg class="inactive-content" width="100%" height="100%" viewBox="0 0 20 23" fill="none" xmlns="http://www.w3.org/2000/svg">
                    <path fill-rule="evenodd" clip-rule="evenodd" d="M6.18408 5.77914C6.18408 5.46223 6.44363 5.20532 6.7638 5.20532H12.3678C12.6879 5.20532 12.9475 5.46223 12.9475 5.77914C12.9475 6.09606 12.6879 6.35297 12.3678 6.35297H6.7638C6.44363 6.35297 6.18408 6.09606 6.18408 5.77914Z" fill="#EB0203"></path>
                    <path fill-rule="evenodd" clip-rule="evenodd" d="M6.18408 11.9034C6.18408 11.5865 6.44363 11.3296 6.7638 11.3296H12.3678C12.6879 11.3296 12.9475 11.5865 12.9475 11.9034C12.9475 12.2202 12.6879 12.4771 12.3678 12.4771H6.7638C6.44363 12.4771 6.18408 12.2202 6.18408 11.9034Z" fill="#EB0203"></path>
                    <path fill-rule="evenodd" clip-rule="evenodd" d="M6.18408 8.84116C6.18408 8.52424 6.44363 8.26733 6.7638 8.26733H12.3678C12.6879 8.26733 12.9475 8.52424 12.9475 8.84116C12.9475 9.15807 12.6879 9.41498 12.3678 9.41498H6.7638C6.44363 9.41498 6.18408 9.15807 6.18408 8.84116Z" fill="#EB0203"></path>
                    <path fill-rule="evenodd" clip-rule="evenodd" d="M6.18408 14.9655C6.18408 14.6486 6.44363 14.3917 6.7638 14.3917H10.1455C10.4657 14.3917 10.7252 14.6486 10.7252 14.9655C10.7252 15.2825 10.4657 15.5394 10.1455 15.5394H6.7638C6.44363 15.5394 6.18408 15.2825 6.18408 14.9655Z" fill="#EB0203"></path>
                    <path fill-rule="evenodd" clip-rule="evenodd" d="M3.67139 5.77914C3.67139 5.46223 3.93094 5.20532 4.25111 5.20532H4.63759C4.95776 5.20532 5.21731 5.46223 5.21731 5.77914C5.21731 6.09606 4.95776 6.35297 4.63759 6.35297H4.25111C3.93094 6.35297 3.67139 6.09606 3.67139 5.77914Z" fill="#EB0203"></path>
                    <path fill-rule="evenodd" clip-rule="evenodd" d="M3.67139 11.9034C3.67139 11.5865 3.93094 11.3296 4.25111 11.3296H4.63759C4.95776 11.3296 5.21731 11.5865 5.21731 11.9034C5.21731 12.2202 4.95776 12.4771 4.63759 12.4771H4.25111C3.93094 12.4771 3.67139 12.2202 3.67139 11.9034Z" fill="#EB0203"></path>
                    <path fill-rule="evenodd" clip-rule="evenodd" d="M3.67139 8.84116C3.67139 8.52424 3.93094 8.26733 4.25111 8.26733H4.63759C4.95776 8.26733 5.21731 8.52424 5.21731 8.84116C5.21731 9.15807 4.95776 9.41498 4.63759 9.41498H4.25111C3.93094 9.41498 3.67139 9.15807 3.67139 8.84116Z" fill="#EB0203"></path>
                    <path fill-rule="evenodd" clip-rule="evenodd" d="M3.67139 14.9655C3.67139 14.6486 3.93094 14.3917 4.25111 14.3917H4.63759C4.95776 14.3917 5.21731 14.6486 5.21731 14.9655C5.21731 15.2825 4.95776 15.5394 4.63759 15.5394H4.25111C3.93094 15.5394 3.67139 15.2825 3.67139 14.9655Z" fill="#EB0203"></path>
                    <path fill-rule="evenodd" clip-rule="evenodd" d="M0 1.76033C0 0.914738 0.692131 0.229248 1.54592 0.229248H15.0727C15.9265 0.229248 16.6186 0.914738 16.6186 1.76033V11.2818C16.6186 11.5989 16.3591 11.8559 16.0389 11.8559C15.7187 11.8559 15.4592 11.5989 15.4592 11.2818V1.76033C15.4592 1.54893 15.2862 1.37756 15.0727 1.37756H1.54592C1.33247 1.37756 1.15944 1.54893 1.15944 1.76033V18.985C1.15944 19.1964 1.33247 19.3678 1.54592 19.3678H9.27551C9.59568 19.3678 9.85523 19.6249 9.85523 19.942C9.85523 20.2591 9.59568 20.5161 9.27551 20.5161H1.54592C0.692131 20.5161 0 19.8306 0 18.985V1.76033Z" fill="#EB0203"></path>
                    <path fill-rule="evenodd" clip-rule="evenodd" d="M14.6254 13.8718C13.4921 12.8567 11.7821 12.7615 10.6574 13.7147C9.12472 15.0124 9.34891 17.128 10.4413 18.2493L14.0161 21.9126C14.2199 22.1217 14.493 22.2386 14.7824 22.2386C15.0739 22.2386 15.3449 22.1238 15.5487 21.9147L19.1235 18.2514C20.2139 17.13 20.4422 15.0144 18.9075 13.7147C17.7827 12.7634 16.0726 12.8569 14.9392 13.872C14.8856 13.92 14.8333 13.9701 14.7824 14.0222C14.7314 13.97 14.6791 13.9199 14.6254 13.8718ZM18.1546 14.588C19.0972 15.3869 18.9961 16.7262 18.2891 17.4541C18.2888 17.4543 18.2886 17.4546 18.2884 17.4548L14.7834 21.0466L11.2757 17.452C11.2756 17.4519 11.2755 17.4517 11.2753 17.4516C10.5681 16.7252 10.4682 15.3856 11.4108 14.5876L11.4112 14.5872C12.0748 14.0248 13.202 14.0556 13.949 14.8205L14.7824 15.674L15.6158 14.8205C16.3618 14.0567 17.4896 14.0256 18.1545 14.5879" fill="#EB0203"></path>
                    </svg>
                    </button>
                    </div>
                    <div class="col-sm-10 col-12">
                    <div class="ct-tile-quantity d-none" data-pid="4297266">
                    <input type="hidden" class="add-to-cart-url" value="https://www.continente.pt/on/demandware.store/Sites-continente-Site/default/Cart-AddProduct">
                    <div class="d-none tile-delete-confirmation-btn" data-pid="4297266" data-delay-time="3000" data-in-cart-msg="no carrinho" data-one-product-added="Adicionado ao carrinho" data-remove-from-cart-msg="Removido do carrinho" data-stay-open="6000.0" data-confirmation-image="{&quot;url&quot;:&quot;https://www.continente.pt/dw/image/v2/BDVS_PRD/on/demandware.static/-/Sites-col-master-catalog/default/dwa8b7847d/images/col/429/4297266-frente.jpg?sw=87&amp;sh=80&quot;,&quot;fallbackimage&quot;:{&quot;url&quot;:&quot;https://www.continente.pt/dw/image/v2/BDVS_PRD/on/demandware.static/Sites-continente-Site/-/default/dw7c42b4da/images/noimagelarge_product.png?sw=87&amp;sh=80&quot;,&quot;title&quot;:&quot;Massa Quebrada&quot;,&quot;alt&quot;:&quot;Massa Quebrada&quot;},&quot;title&quot;:&quot;Massa Quebrada&quot;,&quot;alt&quot;:&quot;Massa Quebrada&quot;}"></div>
                    <div class="ct-tile-quantity-update quantity-update product-qty-vue" data-remove-action="https://www.continente.pt/on/demandware.store/Sites-continente-Site/default/Cart-RemoveProductLineItem" data-action="https://www.continente.pt/on/demandware.store/Sites-continente-Site/default/Cart-UpdateQuantity" data-dimension-update="https://www.continente.pt/on/demandware.store/Sites-continente-Site/default/Cart-DimensionUpdate" data-pid="4297266" data-uuid="99b485eb75f026140794750e99" data-add-delay="500.0" data-measure-options="{&quot;hasConversionRate&quot;:true,&quot;hasAlternativeSaleUnit&quot;:false,&quot;primaryToSecondary&quot;:1,&quot;secondaryToPrimary&quot;:1,&quot;unitConversionRate&quot;:1,&quot;minOrderQuantity&quot;:1,&quot;stepQuantity&quot;:1,&quot;primaryunit&quot;:&quot;un&quot;,&quot;secondaryunit&quot;:&quot;kg&quot;,&quot;selectedunit&quot;:&quot;primary&quot;,&quot;maxNumberOfUnitsPerSale&quot;:50}" data-price-available="null" :data-has-error="isMaxQtyReached || isMinQtyReached || qtySelectedMoreThanOne">
                    <template v-show="prodUnits">
                    <div class="quantity-input-wrapper has-units">
                    <label class="visually-hidden" :for="'quantity-' + pid + additionalTag">
                    Quantidade no carrinho
                    </label>
                    <input :ref="'quantityInput-' + pid + additionalTag" class="add-to-cart-quantity form-control ct-form-input text-center" inputmode="numeric" :class="{'is-invalid': isInvalid}" :data-pid="pid + additionalTag" :name="'quantity-' + pid + additionalTag" type="text" aria-label="Insira a quantidade" title="" v-model="displayValue" @change="updateQuantity" @focus="updateQtyFormat" @blur="restoreQtyFormat" :disabled="!isPriceAvailable">
                    <span class="quantity-icon quantity-icon--minus">
                    <button class="decrease-quantity-btn" @click="updateQuantity" :disabled="!isPriceAvailable" role="button" aria-label="Reduzir quantidade">
                    <i class="css-math-minus"></i>
                    </button>
                    </span>
                    <span class="quantity-icon quantity-icon--plus">
                    <button class="increase-quantity-btn" @click="updateQuantity" :disabled="isMaxQtyReached || !isPriceAvailable" role="button" aria-label="Aumentar quantidade">
                    <i class="css-math-plus"></i>
                    </button>
                    <span class="quantity-btn-disabled-placeholder"></span>
                    </span>
                    <template v-if="isPDP">
                    <span class="quantity-error ct-span-error text-sm-center product-max-allocation" v-if="isMaxQtyReached">
                    Quantidade máxima atingida
                    </span>
                    <span class="quantity-error ct-span-product text-sm-center product-allocation" v-if="!isMinQtyReached &amp;&amp; !isMaxQtyReached">
                    {{quantitySelected}} no carrinho
                    </span>
                    <span class="quantity-error ct-span-error text-sm-center product-min-allocation" :data-pid="pid" v-if="isMinQtyReached &amp;&amp; !isMaxQtyReached">
                    Quantidade mínima atingida
                    </span>
                    </template>
                    </div>
                    <template v-if="showNotes">
                    
                    <div class="add-note-link-container ">
                    <div class="add-note">
                    <a href="/produto/massa-quebrada-continente-facil-bom-4297266.html?showNote=true" class="ct-add-note-redirect-pdp" aria-label="Adicionar comentário">
                    <span class="svg-wrapper svg-icon-notes" style="width:19px; height:20px">
                    <svg class="svg-inline icon-notes" viewBox="0 0 28 30" xmlns="http://www.w3.org/2000/svg" width="100%" height="100%"><path d="M21.738 0C22.985 0 24 1.04 24 2.319V12.47c0 .469-.37.848-.828.848-.457 0-.827-.38-.827-.848V2.32c0-.343-.273-.622-.607-.622H2.262c-.334 0-.607.279-.607.622V27.68c0 .343.273.622.607.622h7.81c.457 0 .827.38.827.849 0 .468-.37.848-.827.848h-7.81C1.015 30 0 28.96 0 27.681V2.32C0 1.04 1.015 0 2.262 0h19.476zm2.844 16.004l.227.007c.823.053 1.589.39 2.176.964.64.627.993 1.46.993 2.349 0 .888-.353 1.722-.993 2.348l-6.83 6.665c-.11.108-.247.186-.397.226l-5.032 1.363c-.078.021-.16.032-.241.032-.242 0-.478-.097-.647-.266-.23-.231-.314-.566-.218-.874l1.49-4.798c.044-.139.122-.266.227-.369l6.844-6.677c.64-.625 1.493-.97 2.401-.97zm-2.886 3.94l-4.922 4.802-.947 3.048 3.22-.872 4.897-4.78-2.248-2.197zm2.887-2.174c-.425 0-.824.162-1.124.455l-.484.472 2.248 2.197.484-.472c.62-.606.62-1.591 0-2.197l-.117-.104c-.283-.227-.636-.35-1.007-.35zm-10.839.022c.498 0 .904.396.904.883 0 .488-.406.884-.904.884H5.946c-.499 0-.904-.396-.904-.884 0-.487.405-.883.904-.883zm5.042-4.876c.498 0 .904.397.904.884s-.406.884-.904.884H5.946c-.499 0-.904-.397-.904-.884s.405-.884.904-.884zm0-4.875c.498 0 .904.396.904.884 0 .487-.406.883-.904.883H5.946c-.499 0-.904-.396-.904-.883 0-.488.405-.884.904-.884z" fill="#EB0203" fill-rule="evenodd"></path></svg>
                    </span>
                    <div class="available-note d-none"></div>
                    </a>
                    </div>
                    </div>
                    </template>
                    <div class="measurement-unit-section" v-if="isPriceAvailable &amp;&amp; prodUnits ? prodUnits.hasAlternativeUnit : false">
                    <div class="ct-form-radio" @click="setDimension">
                    <input type="radio" title="" class="ct-form-check-input product-measurement-unit" :data-type="prodUnits.selectedUnit == prodUnits.secondaryUnit ? 'primary' : ''" :id="prodUnits.secondaryUnit + '-' + pid + '-measurement-unit-ptile' + additionalTag" :name="'measurement-unit-' + pid + '-ptile' + additionalTag" :value="prodUnits.secondaryUnit" v-model="prodUnits.selectedUnit">
                    <label :class="prodUnits.secondaryUnit + '-label ct-form-check-label mb-0'" :for="prodUnits.secondaryUnit + '-' + pid + '-measurement-unit-ptile' + additionalTag">
                    {{prodUnits.secondaryUnit}}
                    </label>
                    <span class="checkmark"></span>
                    </div>
                    <div class="ct-form-radio" @click="setDimension">
                    <input type="radio" title="" class="ct-form-check-input product-measurement-unit" :data-type="prodUnits.selectedUnit == prodUnits.primaryUnit ? 'primary' : ''" :id="prodUnits.primaryUnit + '-' + pid + '-measurement-unit-ptile' + additionalTag" :name="'measurement-unit-' + pid + '-ptile' + additionalTag" :value="prodUnits.primaryUnit" v-model="prodUnits.selectedUnit">
                    <label :class="prodUnits.primaryUnit + '-label ct-form-check-label mb-0'" :for="prodUnits.primaryUnit + '-' + pid + '-measurement-unit-ptile' + additionalTag">
                    {{prodUnits.primaryUnit}}
                    </label>
                    <span class="checkmark"></span>
                    </div>
                    </div>
                    <template v-if="!isPDP &amp;&amp; isPriceAvailable">
                    <span class="quantity-error ct-span-error product-max-allocation" v-if="isMaxQtyReached">
                    Quantidade máxima atingida
                    </span>
                    <span class="quantity-error ct-span-product product-allocation" v-if="!isMinQtyReached &amp;&amp; !isMaxQtyReached">
                    {{quantitySelected}} no carrinho
                    </span>
                    <span class="quantity-error ct-span-error product-min-allocation" :data-pid="pid" v-if="isMinQtyReached &amp;&amp; !isMaxQtyReached">
                    Quantidade mínima atingida
                    </span>
                    </template>
                    </template>
                    </div>
                    <input class="quantity-value-mask d-none" name="quantity" type="number" min="0" value="">
                    </div>
                    <button type="button" class="add-to-cart button js-add-to-cart js-add-to-cart-tile 4297266 button--primary dynamic-layout-btn" data-toggle="modal" data-target="#chooseBonusProductModal" data-pid="4297266" data-quantity-value="null" aria-label="Carrinho">
                    <span class="d-block d-sm-none">
                    <span class="svg-wrapper svg-icon-cart" style="width:20px; height:20px">
                    <svg class="svg-inline icon-cart" xmlns="http://www.w3.org/2000/svg" viewBox="0 0 500 500" width="100%" height="100%"><path fill="#EB0203" fill-rule="evenodd" d="M 485.67317,94.386311 C 476.37798,83.847129 463.09468,78.03348 448.30404,78.03348 H 90.690813 L 87.079511,51.327997 C 83.185582,22.539551 62.962285,0 41.011841,0 H 14.727836 C 6.563151,0 0,6.5286975 0,14.580758 c 0,8.05206 6.5945535,14.580758 14.727836,14.580758 h 26.284005 c 4.710398,0 14.696435,9.855222 16.894619,26.021523 L 100.01739,368.0631 c 1.88416,13.77244 9.01256,26.70549 20.1605,36.37417 8.25889,7.15046 18.02511,11.9071 28.26237,13.89679 -4.17655,7.58572 -6.53175,16.25957 -6.53175,25.493 0,29.53459 24.27424,53.59751 54.13815,53.59751 29.8325,0 54.13814,-24.03184 54.13814,-53.59751 0,-8.79818 -2.19818,-17.09897 -5.9979,-24.43598 h 77.12488 c -3.79973,7.33701 -5.96652,15.6378 -5.96652,24.43598 0,29.53459 24.27424,53.59751 54.13817,53.59751 29.83249,0 54.13814,-24.03184 54.13814,-53.59751 0,-8.79818 -2.1982,-17.09897 -5.9979,-24.43598 h 38.56243 c 8.13328,0 14.72783,-6.5287 14.72783,-14.61183 0,-8.02098 -6.59455,-14.54967 -14.72783,-14.54967 H 159.24277 c -14.38241,0 -28.13677,-11.90711 -30.02092,-26.02153 l -3.07746,-22.88154 h 290.6314 c 14.03698,0 27.94834,-5.28513 39.06488,-14.95381 11.11652,-9.6376 18.27632,-22.57065 20.16048,-36.37417 l 21.10259,-156.78201 c 1.94694,-14.51858 -2.10398,-28.29103 -11.43057,-38.861299 z M 220.76053,443.82706 c 0,13.49265 -11.08513,24.46709 -24.68247,24.46709 -13.62874,0 -24.71387,-10.97444 -24.71387,-24.46709 0,-13.49262 11.08513,-24.43598 24.71387,-24.43598 13.59734,0 24.68247,10.94336 24.68247,24.43598 z m 173.43675,0 c 0,13.49265 -11.08512,24.46709 -24.68245,24.46709 -13.62876,0 -24.71388,-10.97444 -24.71388,-24.46709 0,-13.49262 11.08512,-24.43598 24.71388,-24.43598 13.59733,0 24.68245,10.94336 24.68245,24.43598 z m 73.7648,-314.46558 -21.13397,156.782 c -1.88416,14.11442 -15.63851,26.05261 -30.02091,26.05261 H 122.25046 L 94.616142,107.19499 H 448.33544 c 6.18632,0 11.61896,2.2695 15.23028,6.37326 3.64269,4.13484 5.21283,9.73086 4.39636,15.79323 z"></path></svg>
                    </span>
                    </span>
                    <span class="add-to-cart--text d-none d-sm-block">Carrinho</span>
                    </button>
                    </div>
                    </div>
                    </div>
                    </div>
                    
                    <div class="col-12 d-sm-none">
                    </div>
                    </div>
                    </div>
                    
                    </div>
                    </div>
                    <div class="col-12 col-sm-3 col-lg-2 productTile" data-idx="11">
                    
                    <script type="text/javascript">//<!--
                    /* <![CDATA[ */
                    (function(){
                    try {
                        if(window.CQuotient) {
                        var cq_params = {};
                        
                        cq_params.cookieId = window.CQuotient.getCQCookieId();
                        cq_params.userId = window.CQuotient.getCQUserId();
                        cq_params.emailId = CQuotient.getCQHashedEmail();
                        cq_params.loginId = CQuotient.getCQHashedLogin();
                        cq_params.accumulate = true;
                        cq_params.products = [{
                            id: '4808387',
                            sku: ''
                        }];
                        cq_params.categoryId = 'refeicoes-faceis';
                        cq_params.refinements = '[{\"name\":\"priceMin\",\"value\":\"0.01\"},{\"name\":\"priceMax\",\"value\":\"null\"},{\"name\":\"curr\",\"value\":\"EUR\"},{\"name\":\"Category\",\"value\":\"refeicoes-faceis\"}]';
                        cq_params.personalized = 'false';
                        cq_params.sortingRule = 'FRESH-Refei\u00E7\u00F5es F\u00E1ceis';
                        cq_params.imageUUID = '__UNDEFINED__';
                        cq_params.realm = "BDVS";
                        cq_params.siteId = "continente";
                        cq_params.instanceType = "prd";
                        cq_params.queryLocale = "default";
                        cq_params.locale = window.CQuotient.locale;
                        
                        if(window.CQuotient.sendActivity)
                            window.CQuotient.sendActivity(CQuotient.clientId, 'viewCategory', cq_params);
                        else
                            window.CQuotient.activities.push({
                                activityType: 'viewCategory',
                                parameters: cq_params
                            });
                      }
                    } catch(err) {}
                    })();
                    /* ]]> */
                    // -->
                    </script>
                    <script type="text/javascript">//<!--
                    /* <![CDATA[ (viewCategoryProduct-active_data.js) */
                    (function(){
                    try {
                        if (dw.ac) {
                            var search_params = {};
                            search_params.persd = 'false';
                            search_params.refs = '[{\"name\":\"priceMin\",\"value\":\"0.01\"},{\"name\":\"priceMax\",\"value\":\"null\"},{\"name\":\"curr\",\"value\":\"EUR\"},{\"name\":\"Category\",\"value\":\"refeicoes-faceis\"}]';
                            search_params.sort = 'FRESH-Refei\u00E7\u00F5es F\u00E1ceis';
                            search_params.imageUUID = '';
                            search_params.searchID = 'adc2ebee-ded6-4d71-a833-c4f63de27d3e';
                            search_params.locale = 'default';
                            search_params.queryLocale = 'default';
                            search_params.showProducts = 'true';
                            dw.ac.applyContext({category: "refeicoes-faceis", searchData: search_params});
                            if (typeof dw.ac._scheduleDataSubmission === "function") {
                                dw.ac._scheduleDataSubmission();
                            }
                        }
                    } catch(err) {}
                    })();
                    /* ]]> */
                    // -->
                    </script>
                    <script type="text/javascript">//<!--
                    /* <![CDATA[ (viewProduct-active_data.js) */
                    dw.ac._capture({id: "4808387", type: "searchhit"});
                    /* ]]> */
                    // -->
                    </script>
                    <div class="product" data-pid="4808387">
                    <div class="product-tile pid-4808387 ct-product-tile data-layer-pushed" data-delay-time="3000" data-variants-mapping="[]" data-in-cart-msg="no carrinho" data-one-product-added="Adicionado ao carrinho" data-remove-from-cart-msg="Removido do carrinho" data-stay-open="6000.0" data-product-tile-impression="{&quot;name&quot;:&quot;4808387&quot;,&quot;id&quot;:&quot;4808387&quot;,&quot;price&quot;:1.59,&quot;brand&quot;:&quot;Vitacress&quot;,&quot;category&quot;:[{&quot;category_level_1&quot;:&quot;Frutas e Legumes&quot;},{&quot;category_level_2&quot;:&quot;Legumes&quot;},{&quot;category_level_3&quot;:&quot;Saladas, Sopas e Salteados&quot;}],&quot;variant&quot;:&quot;&quot;}">
                    <div class="ct-inner-tile-wrap row no-gutters justify-content-center align-content-start">
                    
                    <div class="ct-image-container col-4 col-sm" data-confirmation-image="{&quot;url&quot;:&quot;https://www.continente.pt/dw/image/v2/BDVS_PRD/on/demandware.static/-/Sites-col-master-catalog/default/dwe56a4905/images/col/480/4808387-frente.jpg?sw=87&amp;sh=80&quot;,&quot;fallbackimage&quot;:{&quot;url&quot;:&quot;https://www.continente.pt/dw/image/v2/BDVS_PRD/on/demandware.static/Sites-continente-Site/-/default/dw7c42b4da/images/noimagelarge_product.png?sw=87&amp;sh=80&quot;,&quot;title&quot;:&quot;Salada Aromática&quot;,&quot;alt&quot;:&quot;Salada Aromática&quot;},&quot;title&quot;:&quot;Salada Aromática&quot;,&quot;alt&quot;:&quot;Salada Aromática&quot;}">
                    <a href="https://www.continente.pt/produto/salada-aromatica-vitacress-4808387.html?cgid=refeicoes-faceis">
                    <picture class="intrinsic intrinsic--square">
                    <img class="ct-tile-image lazyloaded" loading="lazy" onerror="this.onerror=null;this.src='/on/demandware.static/Sites-continente-Site/-/default/dw7c42b4da/images/noimagelarge_product.png';" data-src="https://www.continente.pt/dw/image/v2/BDVS_PRD/on/demandware.static/-/Sites-col-master-catalog/default/dwe56a4905/images/col/480/4808387-frente.jpg?sw=280&amp;sh=280" alt="Salada Aromática" title="Salada Aromática" src="https://www.continente.pt/dw/image/v2/BDVS_PRD/on/demandware.static/-/Sites-col-master-catalog/default/dwe56a4905/images/col/480/4808387-frente.jpg?sw=280&amp;sh=280">
                    </picture>
                    </a>
                    <div class=" ct-product-tile-badge ct-product-tile-badge--general">
                    <img class="img-fluid ct-tooltip-trigger lazyloaded" loading="lazy" data-src="https://www.continente.pt/dw/image/v2/BDVS_PRD/on/demandware.static/-/Sites-continente-Library/default/dw62d4c957/images/badges/general/col/madein.png?sw=25&amp;sh=25" alt="Crachá do produto" title="" data-toggle="tooltip" data-placement="right" data-original-title="Made in Portugal" src="https://www.continente.pt/dw/image/v2/BDVS_PRD/on/demandware.static/-/Sites-continente-Library/default/dw62d4c957/images/badges/general/col/madein.png?sw=25&amp;sh=25">
                    </div>
                    <div class="color-swatches d-flex" style="margin-left: 5px;">
                    <div class="swatches d-flex">
                    </div>
                    </div>
                    </div>
                    <div class="ct-tile-body col col-sm-auto ">
                    <div class="ct-pdp-details">
                    <div class="ct-pdp-link">
                    <a class="ct-tile--description" href="https://www.continente.pt/produto/salada-aromatica-vitacress-4808387.html?cgid=refeicoes-faceis">Salada Aromática</a>
                    <div class="ct-tile--favorite-top d-sm-none">
                    <button class="wishlist-toggler guest-mode inactive button button--tertiary" data-pid="4808387" data-add-url="https://www.continente.pt/on/demandware.store/Sites-continente-Site/default/Wishlist-AddProduct?pid=4808387" data-toggle="tooltip" aria-label="Adicionar aos favoritos " data-original-title="Adicionar aos favoritos" data-placement="top">
                    <svg class="active-content" width="100%" height="100%" viewBox="0 0 20 22" fill="none" xmlns="http://www.w3.org/2000/svg">
                    <path fill-rule="evenodd" clip-rule="evenodd" d="M0 1.53052C0 0.685236 0.692171 0 1.54601 0H15.0736C15.9274 0 16.6196 0.685235 16.6196 1.53052V13.4064L15.8127 13.922L14.2658 14.2658L12.7189 13.4064L10.6054 14.3818C10.4994 14.2451 10.3327 14.157 10.1452 14.157H6.76329C6.4431 14.157 6.18354 14.414 6.18354 14.731C6.18354 15.0479 6.4431 15.3049 6.76329 15.3049H10.1452C10.2478 15.3049 10.3441 15.2785 10.4277 15.2322L10.3126 16.8439L13.2345 20.2793H1.54601C0.69217 20.2793 0 19.5941 0 18.7488V1.53052ZM6.18354 5.5483C6.18354 5.23132 6.4431 4.97436 6.76329 4.97436H12.3676C12.6878 4.97436 12.9473 5.23132 12.9473 5.5483C12.9473 5.86528 12.6878 6.12224 12.3676 6.12224H6.76329C6.4431 6.12224 6.18354 5.86528 6.18354 5.5483ZM6.76329 11.0961C6.4431 11.0961 6.18354 11.3531 6.18354 11.6701C6.18354 11.987 6.4431 12.244 6.76329 12.244H12.3676C12.6878 12.244 12.9473 11.987 12.9473 11.6701C12.9473 11.3531 12.6878 11.0961 12.3676 11.0961H6.76329ZM6.18354 8.60985C6.18354 8.29287 6.4431 8.03591 6.76329 8.03591H12.3676C12.6878 8.03591 12.9473 8.29287 12.9473 8.60985C12.9473 8.92684 12.6878 9.1838 12.3676 9.1838H6.76329C6.4431 9.1838 6.18354 8.92684 6.18354 8.60985ZM3.67118 5.5483C3.67118 5.23132 3.93075 4.97436 4.25093 4.97436H4.63743C4.95762 4.97436 5.21719 5.23132 5.21719 5.5483C5.21719 5.86528 4.95762 6.12224 4.63743 6.12224H4.25093C3.93075 6.12224 3.67118 5.86528 3.67118 5.5483ZM4.25093 11.0961C3.93075 11.0961 3.67118 11.3531 3.67118 11.6701C3.67118 11.987 3.93075 12.244 4.25093 12.244H4.63743C4.95762 12.244 5.21719 11.987 5.21719 11.6701C5.21719 11.3531 4.95762 11.0961 4.63743 11.0961H4.25093ZM3.67118 8.60985C3.67118 8.29287 3.93075 8.03591 4.25093 8.03591H4.63743C4.95762 8.03591 5.21719 8.29287 5.21719 8.60985C5.21719 8.92684 4.95762 9.1838 4.63743 9.1838H4.25093C3.93075 9.1838 3.67118 8.92684 3.67118 8.60985ZM4.25093 14.157C3.93075 14.157 3.67118 14.414 3.67118 14.731C3.67118 15.0479 3.93075 15.3049 4.25093 15.3049H4.63743C4.95762 15.3049 5.21719 15.0479 5.21719 14.731C5.21719 14.414 4.95762 14.157 4.63743 14.157H4.25093Z" fill="#EB0203"></path>
                    <path fill-rule="evenodd" clip-rule="evenodd" d="M14.6252 13.6363C13.4918 12.6215 11.7817 12.5264 10.6569 13.4792C9.12421 14.7764 9.34841 16.8912 10.4409 18.0122L14.0159 21.6742C14.2197 21.8832 14.4928 22 14.7822 22C15.0737 22 15.3448 21.8852 15.5486 21.6762L19.1236 18.0142C20.214 16.8933 20.4423 14.7785 18.9075 13.4792C17.7827 12.5283 16.0724 12.6217 14.9391 13.6365C14.8855 13.6845 14.8331 13.7345 14.7822 13.7866C14.7313 13.7345 14.6789 13.6843 14.6252 13.6363ZM18.1546 14.3522C19.0973 15.1508 18.9962 16.4896 18.2891 17.2173C18.2888 17.2175 18.2886 17.2177 18.2884 17.218L14.7832 20.8084L11.2753 17.2151C11.2752 17.215 11.2751 17.2149 11.2749 17.2148C10.5677 16.4887 10.4678 15.1495 11.4104 14.3518L11.4108 14.3514C12.0745 13.7892 13.2018 13.82 13.9488 14.5846L14.7822 15.4378L15.6157 14.5846C16.3617 13.8211 17.4896 13.79 18.1545 14.3521" fill="#EB0203"></path>
                    </svg>
                    <svg class="inactive-content" width="100%" height="100%" viewBox="0 0 20 23" fill="none" xmlns="http://www.w3.org/2000/svg">
                    <path fill-rule="evenodd" clip-rule="evenodd" d="M6.18408 5.77914C6.18408 5.46223 6.44363 5.20532 6.7638 5.20532H12.3678C12.6879 5.20532 12.9475 5.46223 12.9475 5.77914C12.9475 6.09606 12.6879 6.35297 12.3678 6.35297H6.7638C6.44363 6.35297 6.18408 6.09606 6.18408 5.77914Z" fill="#EB0203"></path>
                    <path fill-rule="evenodd" clip-rule="evenodd" d="M6.18408 11.9034C6.18408 11.5865 6.44363 11.3296 6.7638 11.3296H12.3678C12.6879 11.3296 12.9475 11.5865 12.9475 11.9034C12.9475 12.2202 12.6879 12.4771 12.3678 12.4771H6.7638C6.44363 12.4771 6.18408 12.2202 6.18408 11.9034Z" fill="#EB0203"></path>
                    <path fill-rule="evenodd" clip-rule="evenodd" d="M6.18408 8.84116C6.18408 8.52424 6.44363 8.26733 6.7638 8.26733H12.3678C12.6879 8.26733 12.9475 8.52424 12.9475 8.84116C12.9475 9.15807 12.6879 9.41498 12.3678 9.41498H6.7638C6.44363 9.41498 6.18408 9.15807 6.18408 8.84116Z" fill="#EB0203"></path>
                    <path fill-rule="evenodd" clip-rule="evenodd" d="M6.18408 14.9655C6.18408 14.6486 6.44363 14.3917 6.7638 14.3917H10.1455C10.4657 14.3917 10.7252 14.6486 10.7252 14.9655C10.7252 15.2825 10.4657 15.5394 10.1455 15.5394H6.7638C6.44363 15.5394 6.18408 15.2825 6.18408 14.9655Z" fill="#EB0203"></path>
                    <path fill-rule="evenodd" clip-rule="evenodd" d="M3.67139 5.77914C3.67139 5.46223 3.93094 5.20532 4.25111 5.20532H4.63759C4.95776 5.20532 5.21731 5.46223 5.21731 5.77914C5.21731 6.09606 4.95776 6.35297 4.63759 6.35297H4.25111C3.93094 6.35297 3.67139 6.09606 3.67139 5.77914Z" fill="#EB0203"></path>
                    <path fill-rule="evenodd" clip-rule="evenodd" d="M3.67139 11.9034C3.67139 11.5865 3.93094 11.3296 4.25111 11.3296H4.63759C4.95776 11.3296 5.21731 11.5865 5.21731 11.9034C5.21731 12.2202 4.95776 12.4771 4.63759 12.4771H4.25111C3.93094 12.4771 3.67139 12.2202 3.67139 11.9034Z" fill="#EB0203"></path>
                    <path fill-rule="evenodd" clip-rule="evenodd" d="M3.67139 8.84116C3.67139 8.52424 3.93094 8.26733 4.25111 8.26733H4.63759C4.95776 8.26733 5.21731 8.52424 5.21731 8.84116C5.21731 9.15807 4.95776 9.41498 4.63759 9.41498H4.25111C3.93094 9.41498 3.67139 9.15807 3.67139 8.84116Z" fill="#EB0203"></path>
                    <path fill-rule="evenodd" clip-rule="evenodd" d="M3.67139 14.9655C3.67139 14.6486 3.93094 14.3917 4.25111 14.3917H4.63759C4.95776 14.3917 5.21731 14.6486 5.21731 14.9655C5.21731 15.2825 4.95776 15.5394 4.63759 15.5394H4.25111C3.93094 15.5394 3.67139 15.2825 3.67139 14.9655Z" fill="#EB0203"></path>
                    <path fill-rule="evenodd" clip-rule="evenodd" d="M0 1.76033C0 0.914738 0.692131 0.229248 1.54592 0.229248H15.0727C15.9265 0.229248 16.6186 0.914738 16.6186 1.76033V11.2818C16.6186 11.5989 16.3591 11.8559 16.0389 11.8559C15.7187 11.8559 15.4592 11.5989 15.4592 11.2818V1.76033C15.4592 1.54893 15.2862 1.37756 15.0727 1.37756H1.54592C1.33247 1.37756 1.15944 1.54893 1.15944 1.76033V18.985C1.15944 19.1964 1.33247 19.3678 1.54592 19.3678H9.27551C9.59568 19.3678 9.85523 19.6249 9.85523 19.942C9.85523 20.2591 9.59568 20.5161 9.27551 20.5161H1.54592C0.692131 20.5161 0 19.8306 0 18.985V1.76033Z" fill="#EB0203"></path>
                    <path fill-rule="evenodd" clip-rule="evenodd" d="M14.6254 13.8718C13.4921 12.8567 11.7821 12.7615 10.6574 13.7147C9.12472 15.0124 9.34891 17.128 10.4413 18.2493L14.0161 21.9126C14.2199 22.1217 14.493 22.2386 14.7824 22.2386C15.0739 22.2386 15.3449 22.1238 15.5487 21.9147L19.1235 18.2514C20.2139 17.13 20.4422 15.0144 18.9075 13.7147C17.7827 12.7634 16.0726 12.8569 14.9392 13.872C14.8856 13.92 14.8333 13.9701 14.7824 14.0222C14.7314 13.97 14.6791 13.9199 14.6254 13.8718ZM18.1546 14.588C19.0972 15.3869 18.9961 16.7262 18.2891 17.4541C18.2888 17.4543 18.2886 17.4546 18.2884 17.4548L14.7834 21.0466L11.2757 17.452C11.2756 17.4519 11.2755 17.4517 11.2753 17.4516C10.5681 16.7252 10.4682 15.3856 11.4108 14.5876L11.4112 14.5872C12.0748 14.0248 13.202 14.0556 13.949 14.8205L14.7824 15.674L15.6158 14.8205C16.3618 14.0567 17.4896 14.0256 18.1545 14.5879" fill="#EB0203"></path>
                    </svg>
                    </button>
                    </div>
                    </div>
                    <p class="ct-tile--brand">Vitacress</p>
                    <p class="ct-tile--quantity">emb. 100 gr</p>
                    </div>
                    <div class="ct-tile-bottom row no-gutters justify-content-between">
                    <div class="ct-price-wrap col-8 col-sm-12">
                    <div class="price js-product-price">
                    <div class="prices-wrapper">
                    <span class="sales ct-tile--price-primary ">
                    <span class="value" content="1.59">
                    <span class="ct-price-formatted">
                    €1,59
                    </span>
                    <span class="ct-m-unit">
                    /un
                    </span>
                    </span>
                    </span>
                    </div>
                    <div class="ct-tile--price-secondary">
                    <span class="ct-price-value">
                    €15,90
                    </span>
                    <span class="ct-m-unit">
                    /kg
                    </span>
                    </div>
                    </div>
                    </div>
                    <div class="ct-tile-buy-section d-flex justify-content-center no-gutters col-auto col-sm-12">
                    <div class="col-2 d-sm-flex d-none">
                    <button class="wishlist-toggler guest-mode inactive button button--tertiary" data-pid="4808387" data-add-url="https://www.continente.pt/on/demandware.store/Sites-continente-Site/default/Wishlist-AddProduct?pid=4808387" data-toggle="tooltip" aria-label="Adicionar aos favoritos " data-original-title="Adicionar aos favoritos" data-placement="top">
                    <svg class="active-content" width="100%" height="100%" viewBox="0 0 20 22" fill="none" xmlns="http://www.w3.org/2000/svg">
                    <path fill-rule="evenodd" clip-rule="evenodd" d="M0 1.53052C0 0.685236 0.692171 0 1.54601 0H15.0736C15.9274 0 16.6196 0.685235 16.6196 1.53052V13.4064L15.8127 13.922L14.2658 14.2658L12.7189 13.4064L10.6054 14.3818C10.4994 14.2451 10.3327 14.157 10.1452 14.157H6.76329C6.4431 14.157 6.18354 14.414 6.18354 14.731C6.18354 15.0479 6.4431 15.3049 6.76329 15.3049H10.1452C10.2478 15.3049 10.3441 15.2785 10.4277 15.2322L10.3126 16.8439L13.2345 20.2793H1.54601C0.69217 20.2793 0 19.5941 0 18.7488V1.53052ZM6.18354 5.5483C6.18354 5.23132 6.4431 4.97436 6.76329 4.97436H12.3676C12.6878 4.97436 12.9473 5.23132 12.9473 5.5483C12.9473 5.86528 12.6878 6.12224 12.3676 6.12224H6.76329C6.4431 6.12224 6.18354 5.86528 6.18354 5.5483ZM6.76329 11.0961C6.4431 11.0961 6.18354 11.3531 6.18354 11.6701C6.18354 11.987 6.4431 12.244 6.76329 12.244H12.3676C12.6878 12.244 12.9473 11.987 12.9473 11.6701C12.9473 11.3531 12.6878 11.0961 12.3676 11.0961H6.76329ZM6.18354 8.60985C6.18354 8.29287 6.4431 8.03591 6.76329 8.03591H12.3676C12.6878 8.03591 12.9473 8.29287 12.9473 8.60985C12.9473 8.92684 12.6878 9.1838 12.3676 9.1838H6.76329C6.4431 9.1838 6.18354 8.92684 6.18354 8.60985ZM3.67118 5.5483C3.67118 5.23132 3.93075 4.97436 4.25093 4.97436H4.63743C4.95762 4.97436 5.21719 5.23132 5.21719 5.5483C5.21719 5.86528 4.95762 6.12224 4.63743 6.12224H4.25093C3.93075 6.12224 3.67118 5.86528 3.67118 5.5483ZM4.25093 11.0961C3.93075 11.0961 3.67118 11.3531 3.67118 11.6701C3.67118 11.987 3.93075 12.244 4.25093 12.244H4.63743C4.95762 12.244 5.21719 11.987 5.21719 11.6701C5.21719 11.3531 4.95762 11.0961 4.63743 11.0961H4.25093ZM3.67118 8.60985C3.67118 8.29287 3.93075 8.03591 4.25093 8.03591H4.63743C4.95762 8.03591 5.21719 8.29287 5.21719 8.60985C5.21719 8.92684 4.95762 9.1838 4.63743 9.1838H4.25093C3.93075 9.1838 3.67118 8.92684 3.67118 8.60985ZM4.25093 14.157C3.93075 14.157 3.67118 14.414 3.67118 14.731C3.67118 15.0479 3.93075 15.3049 4.25093 15.3049H4.63743C4.95762 15.3049 5.21719 15.0479 5.21719 14.731C5.21719 14.414 4.95762 14.157 4.63743 14.157H4.25093Z" fill="#EB0203"></path>
                    <path fill-rule="evenodd" clip-rule="evenodd" d="M14.6252 13.6363C13.4918 12.6215 11.7817 12.5264 10.6569 13.4792C9.12421 14.7764 9.34841 16.8912 10.4409 18.0122L14.0159 21.6742C14.2197 21.8832 14.4928 22 14.7822 22C15.0737 22 15.3448 21.8852 15.5486 21.6762L19.1236 18.0142C20.214 16.8933 20.4423 14.7785 18.9075 13.4792C17.7827 12.5283 16.0724 12.6217 14.9391 13.6365C14.8855 13.6845 14.8331 13.7345 14.7822 13.7866C14.7313 13.7345 14.6789 13.6843 14.6252 13.6363ZM18.1546 14.3522C19.0973 15.1508 18.9962 16.4896 18.2891 17.2173C18.2888 17.2175 18.2886 17.2177 18.2884 17.218L14.7832 20.8084L11.2753 17.2151C11.2752 17.215 11.2751 17.2149 11.2749 17.2148C10.5677 16.4887 10.4678 15.1495 11.4104 14.3518L11.4108 14.3514C12.0745 13.7892 13.2018 13.82 13.9488 14.5846L14.7822 15.4378L15.6157 14.5846C16.3617 13.8211 17.4896 13.79 18.1545 14.3521" fill="#EB0203"></path>
                    </svg>
                    <svg class="inactive-content" width="100%" height="100%" viewBox="0 0 20 23" fill="none" xmlns="http://www.w3.org/2000/svg">
                    <path fill-rule="evenodd" clip-rule="evenodd" d="M6.18408 5.77914C6.18408 5.46223 6.44363 5.20532 6.7638 5.20532H12.3678C12.6879 5.20532 12.9475 5.46223 12.9475 5.77914C12.9475 6.09606 12.6879 6.35297 12.3678 6.35297H6.7638C6.44363 6.35297 6.18408 6.09606 6.18408 5.77914Z" fill="#EB0203"></path>
                    <path fill-rule="evenodd" clip-rule="evenodd" d="M6.18408 11.9034C6.18408 11.5865 6.44363 11.3296 6.7638 11.3296H12.3678C12.6879 11.3296 12.9475 11.5865 12.9475 11.9034C12.9475 12.2202 12.6879 12.4771 12.3678 12.4771H6.7638C6.44363 12.4771 6.18408 12.2202 6.18408 11.9034Z" fill="#EB0203"></path>
                    <path fill-rule="evenodd" clip-rule="evenodd" d="M6.18408 8.84116C6.18408 8.52424 6.44363 8.26733 6.7638 8.26733H12.3678C12.6879 8.26733 12.9475 8.52424 12.9475 8.84116C12.9475 9.15807 12.6879 9.41498 12.3678 9.41498H6.7638C6.44363 9.41498 6.18408 9.15807 6.18408 8.84116Z" fill="#EB0203"></path>
                    <path fill-rule="evenodd" clip-rule="evenodd" d="M6.18408 14.9655C6.18408 14.6486 6.44363 14.3917 6.7638 14.3917H10.1455C10.4657 14.3917 10.7252 14.6486 10.7252 14.9655C10.7252 15.2825 10.4657 15.5394 10.1455 15.5394H6.7638C6.44363 15.5394 6.18408 15.2825 6.18408 14.9655Z" fill="#EB0203"></path>
                    <path fill-rule="evenodd" clip-rule="evenodd" d="M3.67139 5.77914C3.67139 5.46223 3.93094 5.20532 4.25111 5.20532H4.63759C4.95776 5.20532 5.21731 5.46223 5.21731 5.77914C5.21731 6.09606 4.95776 6.35297 4.63759 6.35297H4.25111C3.93094 6.35297 3.67139 6.09606 3.67139 5.77914Z" fill="#EB0203"></path>
                    <path fill-rule="evenodd" clip-rule="evenodd" d="M3.67139 11.9034C3.67139 11.5865 3.93094 11.3296 4.25111 11.3296H4.63759C4.95776 11.3296 5.21731 11.5865 5.21731 11.9034C5.21731 12.2202 4.95776 12.4771 4.63759 12.4771H4.25111C3.93094 12.4771 3.67139 12.2202 3.67139 11.9034Z" fill="#EB0203"></path>
                    <path fill-rule="evenodd" clip-rule="evenodd" d="M3.67139 8.84116C3.67139 8.52424 3.93094 8.26733 4.25111 8.26733H4.63759C4.95776 8.26733 5.21731 8.52424 5.21731 8.84116C5.21731 9.15807 4.95776 9.41498 4.63759 9.41498H4.25111C3.93094 9.41498 3.67139 9.15807 3.67139 8.84116Z" fill="#EB0203"></path>
                    <path fill-rule="evenodd" clip-rule="evenodd" d="M3.67139 14.9655C3.67139 14.6486 3.93094 14.3917 4.25111 14.3917H4.63759C4.95776 14.3917 5.21731 14.6486 5.21731 14.9655C5.21731 15.2825 4.95776 15.5394 4.63759 15.5394H4.25111C3.93094 15.5394 3.67139 15.2825 3.67139 14.9655Z" fill="#EB0203"></path>
                    <path fill-rule="evenodd" clip-rule="evenodd" d="M0 1.76033C0 0.914738 0.692131 0.229248 1.54592 0.229248H15.0727C15.9265 0.229248 16.6186 0.914738 16.6186 1.76033V11.2818C16.6186 11.5989 16.3591 11.8559 16.0389 11.8559C15.7187 11.8559 15.4592 11.5989 15.4592 11.2818V1.76033C15.4592 1.54893 15.2862 1.37756 15.0727 1.37756H1.54592C1.33247 1.37756 1.15944 1.54893 1.15944 1.76033V18.985C1.15944 19.1964 1.33247 19.3678 1.54592 19.3678H9.27551C9.59568 19.3678 9.85523 19.6249 9.85523 19.942C9.85523 20.2591 9.59568 20.5161 9.27551 20.5161H1.54592C0.692131 20.5161 0 19.8306 0 18.985V1.76033Z" fill="#EB0203"></path>
                    <path fill-rule="evenodd" clip-rule="evenodd" d="M14.6254 13.8718C13.4921 12.8567 11.7821 12.7615 10.6574 13.7147C9.12472 15.0124 9.34891 17.128 10.4413 18.2493L14.0161 21.9126C14.2199 22.1217 14.493 22.2386 14.7824 22.2386C15.0739 22.2386 15.3449 22.1238 15.5487 21.9147L19.1235 18.2514C20.2139 17.13 20.4422 15.0144 18.9075 13.7147C17.7827 12.7634 16.0726 12.8569 14.9392 13.872C14.8856 13.92 14.8333 13.9701 14.7824 14.0222C14.7314 13.97 14.6791 13.9199 14.6254 13.8718ZM18.1546 14.588C19.0972 15.3869 18.9961 16.7262 18.2891 17.4541C18.2888 17.4543 18.2886 17.4546 18.2884 17.4548L14.7834 21.0466L11.2757 17.452C11.2756 17.4519 11.2755 17.4517 11.2753 17.4516C10.5681 16.7252 10.4682 15.3856 11.4108 14.5876L11.4112 14.5872C12.0748 14.0248 13.202 14.0556 13.949 14.8205L14.7824 15.674L15.6158 14.8205C16.3618 14.0567 17.4896 14.0256 18.1545 14.5879" fill="#EB0203"></path>
                    </svg>
                    </button>
                    </div>
                    <div class="col-sm-10 col-12">
                    <div class="ct-tile-quantity d-none" data-pid="4808387">
                    <input type="hidden" class="add-to-cart-url" value="https://www.continente.pt/on/demandware.store/Sites-continente-Site/default/Cart-AddProduct">
                    <div class="d-none tile-delete-confirmation-btn" data-pid="4808387" data-delay-time="3000" data-in-cart-msg="no carrinho" data-one-product-added="Adicionado ao carrinho" data-remove-from-cart-msg="Removido do carrinho" data-stay-open="6000.0" data-confirmation-image="{&quot;url&quot;:&quot;https://www.continente.pt/dw/image/v2/BDVS_PRD/on/demandware.static/-/Sites-col-master-catalog/default/dwe56a4905/images/col/480/4808387-frente.jpg?sw=87&amp;sh=80&quot;,&quot;fallbackimage&quot;:{&quot;url&quot;:&quot;https://www.continente.pt/dw/image/v2/BDVS_PRD/on/demandware.static/Sites-continente-Site/-/default/dw7c42b4da/images/noimagelarge_product.png?sw=87&amp;sh=80&quot;,&quot;title&quot;:&quot;Salada Aromática&quot;,&quot;alt&quot;:&quot;Salada Aromática&quot;},&quot;title&quot;:&quot;Salada Aromática&quot;,&quot;alt&quot;:&quot;Salada Aromática&quot;}"></div>
                    <div class="ct-tile-quantity-update quantity-update product-qty-vue" data-remove-action="https://www.continente.pt/on/demandware.store/Sites-continente-Site/default/Cart-RemoveProductLineItem" data-action="https://www.continente.pt/on/demandware.store/Sites-continente-Site/default/Cart-UpdateQuantity" data-dimension-update="https://www.continente.pt/on/demandware.store/Sites-continente-Site/default/Cart-DimensionUpdate" data-pid="4808387" data-uuid="c8fbcbd5b7434deba2705e4517" data-add-delay="500.0" data-measure-options="{&quot;hasConversionRate&quot;:false,&quot;hasAlternativeSaleUnit&quot;:false,&quot;unitConversionRate&quot;:0,&quot;minOrderQuantity&quot;:1,&quot;stepQuantity&quot;:1,&quot;primaryunit&quot;:&quot;un&quot;,&quot;secondaryunit&quot;:&quot;kg&quot;,&quot;selectedunit&quot;:&quot;primary&quot;,&quot;maxNumberOfUnitsPerSale&quot;:50}" data-price-available="null" :data-has-error="isMaxQtyReached || isMinQtyReached || qtySelectedMoreThanOne">
                    <template v-show="prodUnits">
                    <div class="quantity-input-wrapper has-units">
                    <label class="visually-hidden" :for="'quantity-' + pid + additionalTag">
                    Quantidade no carrinho
                    </label>
                    <input :ref="'quantityInput-' + pid + additionalTag" class="add-to-cart-quantity form-control ct-form-input text-center" inputmode="numeric" :class="{'is-invalid': isInvalid}" :data-pid="pid + additionalTag" :name="'quantity-' + pid + additionalTag" type="text" aria-label="Insira a quantidade" title="" v-model="displayValue" @change="updateQuantity" @focus="updateQtyFormat" @blur="restoreQtyFormat" :disabled="!isPriceAvailable">
                    <span class="quantity-icon quantity-icon--minus">
                    <button class="decrease-quantity-btn" @click="updateQuantity" :disabled="!isPriceAvailable" role="button" aria-label="Reduzir quantidade">
                    <i class="css-math-minus"></i>
                    </button>
                    </span>
                    <span class="quantity-icon quantity-icon--plus">
                    <button class="increase-quantity-btn" @click="updateQuantity" :disabled="isMaxQtyReached || !isPriceAvailable" role="button" aria-label="Aumentar quantidade">
                    <i class="css-math-plus"></i>
                    </button>
                    <span class="quantity-btn-disabled-placeholder"></span>
                    </span>
                    <template v-if="isPDP">
                    <span class="quantity-error ct-span-error text-sm-center product-max-allocation" v-if="isMaxQtyReached">
                    Quantidade máxima atingida
                    </span>
                    <span class="quantity-error ct-span-product text-sm-center product-allocation" v-if="!isMinQtyReached &amp;&amp; !isMaxQtyReached">
                    {{quantitySelected}} no carrinho
                    </span>
                    <span class="quantity-error ct-span-error text-sm-center product-min-allocation" :data-pid="pid" v-if="isMinQtyReached &amp;&amp; !isMaxQtyReached">
                    Quantidade mínima atingida
                    </span>
                    </template>
                    </div>
                    <template v-if="showNotes">
                    <div class="add-note-link-container ">
                    <div class="add-note">
                    <a href="/produto/salada-aromatica-vitacress-4808387.html?showNote=true" class="ct-add-note-redirect-pdp" aria-label="Adicionar comentário">
                    <span class="svg-wrapper svg-icon-notes" style="width:19px; height:20px">
                    <svg class="svg-inline icon-notes" viewBox="0 0 28 30" xmlns="http://www.w3.org/2000/svg" width="100%" height="100%"><path d="M21.738 0C22.985 0 24 1.04 24 2.319V12.47c0 .469-.37.848-.828.848-.457 0-.827-.38-.827-.848V2.32c0-.343-.273-.622-.607-.622H2.262c-.334 0-.607.279-.607.622V27.68c0 .343.273.622.607.622h7.81c.457 0 .827.38.827.849 0 .468-.37.848-.827.848h-7.81C1.015 30 0 28.96 0 27.681V2.32C0 1.04 1.015 0 2.262 0h19.476zm2.844 16.004l.227.007c.823.053 1.589.39 2.176.964.64.627.993 1.46.993 2.349 0 .888-.353 1.722-.993 2.348l-6.83 6.665c-.11.108-.247.186-.397.226l-5.032 1.363c-.078.021-.16.032-.241.032-.242 0-.478-.097-.647-.266-.23-.231-.314-.566-.218-.874l1.49-4.798c.044-.139.122-.266.227-.369l6.844-6.677c.64-.625 1.493-.97 2.401-.97zm-2.886 3.94l-4.922 4.802-.947 3.048 3.22-.872 4.897-4.78-2.248-2.197zm2.887-2.174c-.425 0-.824.162-1.124.455l-.484.472 2.248 2.197.484-.472c.62-.606.62-1.591 0-2.197l-.117-.104c-.283-.227-.636-.35-1.007-.35zm-10.839.022c.498 0 .904.396.904.883 0 .488-.406.884-.904.884H5.946c-.499 0-.904-.396-.904-.884 0-.487.405-.883.904-.883zm5.042-4.876c.498 0 .904.397.904.884s-.406.884-.904.884H5.946c-.499 0-.904-.397-.904-.884s.405-.884.904-.884zm0-4.875c.498 0 .904.396.904.884 0 .487-.406.883-.904.883H5.946c-.499 0-.904-.396-.904-.883 0-.488.405-.884.904-.884z" fill="#EB0203" fill-rule="evenodd"></path></svg>
                    </span>
                    <div class="available-note d-none"></div>
                    </a>
                    </div>
                    </div>
                    </template>
                    <div class="measurement-unit-section" v-if="isPriceAvailable &amp;&amp; prodUnits ? prodUnits.hasAlternativeUnit : false">
                    <div class="ct-form-radio" @click="setDimension">
                    <input type="radio" title="" class="ct-form-check-input product-measurement-unit" :data-type="prodUnits.selectedUnit == prodUnits.secondaryUnit ? 'primary' : ''" :id="prodUnits.secondaryUnit + '-' + pid + '-measurement-unit-ptile' + additionalTag" :name="'measurement-unit-' + pid + '-ptile' + additionalTag" :value="prodUnits.secondaryUnit" v-model="prodUnits.selectedUnit">
                    <label :class="prodUnits.secondaryUnit + '-label ct-form-check-label mb-0'" :for="prodUnits.secondaryUnit + '-' + pid + '-measurement-unit-ptile' + additionalTag">
                    {{prodUnits.secondaryUnit}}
                    </label>
                    <span class="checkmark"></span>
                    </div>
                    <div class="ct-form-radio" @click="setDimension">
                    <input type="radio" title="" class="ct-form-check-input product-measurement-unit" :data-type="prodUnits.selectedUnit == prodUnits.primaryUnit ? 'primary' : ''" :id="prodUnits.primaryUnit + '-' + pid + '-measurement-unit-ptile' + additionalTag" :name="'measurement-unit-' + pid + '-ptile' + additionalTag" :value="prodUnits.primaryUnit" v-model="prodUnits.selectedUnit">
                    <label :class="prodUnits.primaryUnit + '-label ct-form-check-label mb-0'" :for="prodUnits.primaryUnit + '-' + pid + '-measurement-unit-ptile' + additionalTag">
                    {{prodUnits.primaryUnit}}
                    </label>
                    <span class="checkmark"></span>
                    </div>
                    </div>
                    <template v-if="!isPDP &amp;&amp; isPriceAvailable">
                    <span class="quantity-error ct-span-error product-max-allocation" v-if="isMaxQtyReached">
                    Quantidade máxima atingida
                    </span>
                    <span class="quantity-error ct-span-product product-allocation" v-if="!isMinQtyReached &amp;&amp; !isMaxQtyReached">
                    {{quantitySelected}} no carrinho
                    </span>
                    <span class="quantity-error ct-span-error product-min-allocation" :data-pid="pid" v-if="isMinQtyReached &amp;&amp; !isMaxQtyReached">
                    Quantidade mínima atingida
                    </span>
                    </template>
                    </template>
                    </div>
                    <input class="quantity-value-mask d-none" name="quantity" type="number" min="0" value="">
                    </div>
                    <button type="button" class="add-to-cart button js-add-to-cart js-add-to-cart-tile 4808387 button--primary dynamic-layout-btn" data-toggle="modal" data-target="#chooseBonusProductModal" data-pid="4808387" data-quantity-value="null" aria-label="Carrinho">
                    <span class="d-block d-sm-none">
                    <span class="svg-wrapper svg-icon-cart" style="width:20px; height:20px">
                    <svg class="svg-inline icon-cart" xmlns="http://www.w3.org/2000/svg" viewBox="0 0 500 500" width="100%" height="100%"><path fill="#EB0203" fill-rule="evenodd" d="M 485.67317,94.386311 C 476.37798,83.847129 463.09468,78.03348 448.30404,78.03348 H 90.690813 L 87.079511,51.327997 C 83.185582,22.539551 62.962285,0 41.011841,0 H 14.727836 C 6.563151,0 0,6.5286975 0,14.580758 c 0,8.05206 6.5945535,14.580758 14.727836,14.580758 h 26.284005 c 4.710398,0 14.696435,9.855222 16.894619,26.021523 L 100.01739,368.0631 c 1.88416,13.77244 9.01256,26.70549 20.1605,36.37417 8.25889,7.15046 18.02511,11.9071 28.26237,13.89679 -4.17655,7.58572 -6.53175,16.25957 -6.53175,25.493 0,29.53459 24.27424,53.59751 54.13815,53.59751 29.8325,0 54.13814,-24.03184 54.13814,-53.59751 0,-8.79818 -2.19818,-17.09897 -5.9979,-24.43598 h 77.12488 c -3.79973,7.33701 -5.96652,15.6378 -5.96652,24.43598 0,29.53459 24.27424,53.59751 54.13817,53.59751 29.83249,0 54.13814,-24.03184 54.13814,-53.59751 0,-8.79818 -2.1982,-17.09897 -5.9979,-24.43598 h 38.56243 c 8.13328,0 14.72783,-6.5287 14.72783,-14.61183 0,-8.02098 -6.59455,-14.54967 -14.72783,-14.54967 H 159.24277 c -14.38241,0 -28.13677,-11.90711 -30.02092,-26.02153 l -3.07746,-22.88154 h 290.6314 c 14.03698,0 27.94834,-5.28513 39.06488,-14.95381 11.11652,-9.6376 18.27632,-22.57065 20.16048,-36.37417 l 21.10259,-156.78201 c 1.94694,-14.51858 -2.10398,-28.29103 -11.43057,-38.861299 z M 220.76053,443.82706 c 0,13.49265 -11.08513,24.46709 -24.68247,24.46709 -13.62874,0 -24.71387,-10.97444 -24.71387,-24.46709 0,-13.49262 11.08513,-24.43598 24.71387,-24.43598 13.59734,0 24.68247,10.94336 24.68247,24.43598 z m 173.43675,0 c 0,13.49265 -11.08512,24.46709 -24.68245,24.46709 -13.62876,0 -24.71388,-10.97444 -24.71388,-24.46709 0,-13.49262 11.08512,-24.43598 24.71388,-24.43598 13.59733,0 24.68245,10.94336 24.68245,24.43598 z m 73.7648,-314.46558 -21.13397,156.782 c -1.88416,14.11442 -15.63851,26.05261 -30.02091,26.05261 H 122.25046 L 94.616142,107.19499 H 448.33544 c 6.18632,0 11.61896,2.2695 15.23028,6.37326 3.64269,4.13484 5.21283,9.73086 4.39636,15.79323 z"></path></svg>
                    </span>
                    </span>
                    <span class="add-to-cart--text d-none d-sm-block">Carrinho</span>
                    </button>
                    </div>
                    </div>
                    </div>
                    </div>
                    
                    <div class="col-12 d-sm-none">
                    </div>
                    </div>
                    </div>
                    </div>
                    </div>
                    <div class="col-12 col-sm-3 col-lg-2 productTile" data-idx="12">
                    
                    <script type="text/javascript">//<!--
                    /* <![CDATA[ */
                    (function(){
                    try {
                        if(window.CQuotient) {
                        var cq_params = {};
                        
                        cq_params.cookieId = window.CQuotient.getCQCookieId();
                        cq_params.userId = window.CQuotient.getCQUserId();
                        cq_params.emailId = CQuotient.getCQHashedEmail();
                        cq_params.loginId = CQuotient.getCQHashedLogin();
                        cq_params.accumulate = true;
                        cq_params.products = [{
                            id: '5060932',
                            sku: ''
                        }];
                        cq_params.categoryId = 'refeicoes-faceis';
                        cq_params.refinements = '[{\"name\":\"priceMin\",\"value\":\"0.01\"},{\"name\":\"priceMax\",\"value\":\"null\"},{\"name\":\"curr\",\"value\":\"EUR\"},{\"name\":\"Category\",\"value\":\"refeicoes-faceis\"}]';
                        cq_params.personalized = 'false';
                        cq_params.sortingRule = 'FRESH-Refei\u00E7\u00F5es F\u00E1ceis';
                        cq_params.imageUUID = '__UNDEFINED__';
                        cq_params.realm = "BDVS";
                        cq_params.siteId = "continente";
                        cq_params.instanceType = "prd";
                        cq_params.queryLocale = "default";
                        cq_params.locale = window.CQuotient.locale;
                        
                        if(window.CQuotient.sendActivity)
                            window.CQuotient.sendActivity(CQuotient.clientId, 'viewCategory', cq_params);
                        else
                            window.CQuotient.activities.push({
                                activityType: 'viewCategory',
                                parameters: cq_params
                            });
                      }
                    } catch(err) {}
                    })();
                    /* ]]> */
                    // -->
                    </script>
                    <script type="text/javascript">//<!--
                    /* <![CDATA[ (viewCategoryProduct-active_data.js) */
                    (function(){
                    try {
                        if (dw.ac) {
                            var search_params = {};
                            search_params.persd = 'false';
                            search_params.refs = '[{\"name\":\"priceMin\",\"value\":\"0.01\"},{\"name\":\"priceMax\",\"value\":\"null\"},{\"name\":\"curr\",\"value\":\"EUR\"},{\"name\":\"Category\",\"value\":\"refeicoes-faceis\"}]';
                            search_params.sort = 'FRESH-Refei\u00E7\u00F5es F\u00E1ceis';
                            search_params.imageUUID = '';
                            search_params.searchID = 'adc2ebee-ded6-4d71-a833-c4f63de27d3e';
                            search_params.locale = 'default';
                            search_params.queryLocale = 'default';
                            search_params.showProducts = 'true';
                            dw.ac.applyContext({category: "refeicoes-faceis", searchData: search_params});
                            if (typeof dw.ac._scheduleDataSubmission === "function") {
                                dw.ac._scheduleDataSubmission();
                            }
                        }
                    } catch(err) {}
                    })();
                    /* ]]> */
                    // -->
                    </script>
                    <script type="text/javascript">//<!--
                    /* <![CDATA[ (viewProduct-active_data.js) */
                    dw.ac._capture({id: "5060932", type: "searchhit"});
                    /* ]]> */
                    // -->
                    </script>
                    <div class="product" data-pid="5060932">
                    <div class="product-tile pid-5060932 ct-product-tile data-layer-pushed" data-delay-time="3000" data-variants-mapping="[]" data-in-cart-msg="no carrinho" data-one-product-added="Adicionado ao carrinho" data-remove-from-cart-msg="Removido do carrinho" data-stay-open="6000.0" data-product-tile-impression="{&quot;name&quot;:&quot;5060932&quot;,&quot;id&quot;:&quot;5060932&quot;,&quot;price&quot;:3.69,&quot;brand&quot;:&quot;Rana&quot;,&quot;category&quot;:[{&quot;category_level_1&quot;:&quot;Take-Away&quot;},{&quot;category_level_2&quot;:&quot;Massas Frescas e Noodles&quot;},{&quot;category_level_3&quot;:&quot;Massas Simples e Recheadas&quot;}],&quot;variant&quot;:&quot;&quot;}">
                    <div class="ct-inner-tile-wrap row no-gutters justify-content-center align-content-start">
                    
                    <div class="ct-image-container col-4 col-sm" data-confirmation-image="{&quot;url&quot;:&quot;https://www.continente.pt/dw/image/v2/BDVS_PRD/on/demandware.static/-/Sites-col-master-catalog/default/dw55ce229d/images/col/506/5060932-frente.jpg?sw=87&amp;sh=80&quot;,&quot;fallbackimage&quot;:{&quot;url&quot;:&quot;https://www.continente.pt/dw/image/v2/BDVS_PRD/on/demandware.static/Sites-continente-Site/-/default/dw7c42b4da/images/noimagelarge_product.png?sw=87&amp;sh=80&quot;,&quot;title&quot;:&quot;Tortellini Fresco de Ricotta e Espinafres&quot;,&quot;alt&quot;:&quot;Tortellini Fresco de Ricotta e Espinafres&quot;},&quot;title&quot;:&quot;Tortellini Fresco de Ricotta e Espinafres&quot;,&quot;alt&quot;:&quot;Tortellini Fresco de Ricotta e Espinafres&quot;}">
                    <a href="https://www.continente.pt/produto/tortellini-fresco-de-ricotta-e-espinafres-rana-5060932.html?cgid=refeicoes-faceis">
                    <picture class="intrinsic intrinsic--square">
                     <img class="ct-tile-image lazyloaded" loading="lazy" onerror="this.onerror=null;this.src='/on/demandware.static/Sites-continente-Site/-/default/dw7c42b4da/images/noimagelarge_product.png';" data-src="https://www.continente.pt/dw/image/v2/BDVS_PRD/on/demandware.static/-/Sites-col-master-catalog/default/dw55ce229d/images/col/506/5060932-frente.jpg?sw=280&amp;sh=280" alt="Tortellini Fresco de Ricotta e Espinafres" title="Tortellini Fresco de Ricotta e Espinafres" src="https://www.continente.pt/dw/image/v2/BDVS_PRD/on/demandware.static/-/Sites-col-master-catalog/default/dw55ce229d/images/col/506/5060932-frente.jpg?sw=280&amp;sh=280">
                    </picture>
                    </a>
                    <div class="color-swatches d-flex" style="margin-left: 5px;">
                    <div class="swatches d-flex">
                    </div>
                    </div>
                    </div>
                    <div class="ct-tile-body col col-sm-auto ">
                    <div class="ct-pdp-details">
                    <div class="ct-pdp-link">
                    <a class="ct-tile--description" href="https://www.continente.pt/produto/tortellini-fresco-de-ricotta-e-espinafres-rana-5060932.html?cgid=refeicoes-faceis">Tortellini Fresco de Ricotta e Espinafres</a>
                    <div class="ct-tile--favorite-top d-sm-none">
                    <button class="wishlist-toggler guest-mode inactive button button--tertiary" data-pid="5060932" data-add-url="https://www.continente.pt/on/demandware.store/Sites-continente-Site/default/Wishlist-AddProduct?pid=5060932" data-toggle="tooltip" aria-label="Adicionar aos favoritos " data-original-title="Adicionar aos favoritos" data-placement="top">
                    <svg class="active-content" width="100%" height="100%" viewBox="0 0 20 22" fill="none" xmlns="http://www.w3.org/2000/svg">
                    <path fill-rule="evenodd" clip-rule="evenodd" d="M0 1.53052C0 0.685236 0.692171 0 1.54601 0H15.0736C15.9274 0 16.6196 0.685235 16.6196 1.53052V13.4064L15.8127 13.922L14.2658 14.2658L12.7189 13.4064L10.6054 14.3818C10.4994 14.2451 10.3327 14.157 10.1452 14.157H6.76329C6.4431 14.157 6.18354 14.414 6.18354 14.731C6.18354 15.0479 6.4431 15.3049 6.76329 15.3049H10.1452C10.2478 15.3049 10.3441 15.2785 10.4277 15.2322L10.3126 16.8439L13.2345 20.2793H1.54601C0.69217 20.2793 0 19.5941 0 18.7488V1.53052ZM6.18354 5.5483C6.18354 5.23132 6.4431 4.97436 6.76329 4.97436H12.3676C12.6878 4.97436 12.9473 5.23132 12.9473 5.5483C12.9473 5.86528 12.6878 6.12224 12.3676 6.12224H6.76329C6.4431 6.12224 6.18354 5.86528 6.18354 5.5483ZM6.76329 11.0961C6.4431 11.0961 6.18354 11.3531 6.18354 11.6701C6.18354 11.987 6.4431 12.244 6.76329 12.244H12.3676C12.6878 12.244 12.9473 11.987 12.9473 11.6701C12.9473 11.3531 12.6878 11.0961 12.3676 11.0961H6.76329ZM6.18354 8.60985C6.18354 8.29287 6.4431 8.03591 6.76329 8.03591H12.3676C12.6878 8.03591 12.9473 8.29287 12.9473 8.60985C12.9473 8.92684 12.6878 9.1838 12.3676 9.1838H6.76329C6.4431 9.1838 6.18354 8.92684 6.18354 8.60985ZM3.67118 5.5483C3.67118 5.23132 3.93075 4.97436 4.25093 4.97436H4.63743C4.95762 4.97436 5.21719 5.23132 5.21719 5.5483C5.21719 5.86528 4.95762 6.12224 4.63743 6.12224H4.25093C3.93075 6.12224 3.67118 5.86528 3.67118 5.5483ZM4.25093 11.0961C3.93075 11.0961 3.67118 11.3531 3.67118 11.6701C3.67118 11.987 3.93075 12.244 4.25093 12.244H4.63743C4.95762 12.244 5.21719 11.987 5.21719 11.6701C5.21719 11.3531 4.95762 11.0961 4.63743 11.0961H4.25093ZM3.67118 8.60985C3.67118 8.29287 3.93075 8.03591 4.25093 8.03591H4.63743C4.95762 8.03591 5.21719 8.29287 5.21719 8.60985C5.21719 8.92684 4.95762 9.1838 4.63743 9.1838H4.25093C3.93075 9.1838 3.67118 8.92684 3.67118 8.60985ZM4.25093 14.157C3.93075 14.157 3.67118 14.414 3.67118 14.731C3.67118 15.0479 3.93075 15.3049 4.25093 15.3049H4.63743C4.95762 15.3049 5.21719 15.0479 5.21719 14.731C5.21719 14.414 4.95762 14.157 4.63743 14.157H4.25093Z" fill="#EB0203"></path>
                    <path fill-rule="evenodd" clip-rule="evenodd" d="M14.6252 13.6363C13.4918 12.6215 11.7817 12.5264 10.6569 13.4792C9.12421 14.7764 9.34841 16.8912 10.4409 18.0122L14.0159 21.6742C14.2197 21.8832 14.4928 22 14.7822 22C15.0737 22 15.3448 21.8852 15.5486 21.6762L19.1236 18.0142C20.214 16.8933 20.4423 14.7785 18.9075 13.4792C17.7827 12.5283 16.0724 12.6217 14.9391 13.6365C14.8855 13.6845 14.8331 13.7345 14.7822 13.7866C14.7313 13.7345 14.6789 13.6843 14.6252 13.6363ZM18.1546 14.3522C19.0973 15.1508 18.9962 16.4896 18.2891 17.2173C18.2888 17.2175 18.2886 17.2177 18.2884 17.218L14.7832 20.8084L11.2753 17.2151C11.2752 17.215 11.2751 17.2149 11.2749 17.2148C10.5677 16.4887 10.4678 15.1495 11.4104 14.3518L11.4108 14.3514C12.0745 13.7892 13.2018 13.82 13.9488 14.5846L14.7822 15.4378L15.6157 14.5846C16.3617 13.8211 17.4896 13.79 18.1545 14.3521" fill="#EB0203"></path>
                    </svg>
                    <svg class="inactive-content" width="100%" height="100%" viewBox="0 0 20 23" fill="none" xmlns="http://www.w3.org/2000/svg">
                    <path fill-rule="evenodd" clip-rule="evenodd" d="M6.18408 5.77914C6.18408 5.46223 6.44363 5.20532 6.7638 5.20532H12.3678C12.6879 5.20532 12.9475 5.46223 12.9475 5.77914C12.9475 6.09606 12.6879 6.35297 12.3678 6.35297H6.7638C6.44363 6.35297 6.18408 6.09606 6.18408 5.77914Z" fill="#EB0203"></path>
                    <path fill-rule="evenodd" clip-rule="evenodd" d="M6.18408 11.9034C6.18408 11.5865 6.44363 11.3296 6.7638 11.3296H12.3678C12.6879 11.3296 12.9475 11.5865 12.9475 11.9034C12.9475 12.2202 12.6879 12.4771 12.3678 12.4771H6.7638C6.44363 12.4771 6.18408 12.2202 6.18408 11.9034Z" fill="#EB0203"></path>
                    <path fill-rule="evenodd" clip-rule="evenodd" d="M6.18408 8.84116C6.18408 8.52424 6.44363 8.26733 6.7638 8.26733H12.3678C12.6879 8.26733 12.9475 8.52424 12.9475 8.84116C12.9475 9.15807 12.6879 9.41498 12.3678 9.41498H6.7638C6.44363 9.41498 6.18408 9.15807 6.18408 8.84116Z" fill="#EB0203"></path>
                    <path fill-rule="evenodd" clip-rule="evenodd" d="M6.18408 14.9655C6.18408 14.6486 6.44363 14.3917 6.7638 14.3917H10.1455C10.4657 14.3917 10.7252 14.6486 10.7252 14.9655C10.7252 15.2825 10.4657 15.5394 10.1455 15.5394H6.7638C6.44363 15.5394 6.18408 15.2825 6.18408 14.9655Z" fill="#EB0203"></path>
                    <path fill-rule="evenodd" clip-rule="evenodd" d="M3.67139 5.77914C3.67139 5.46223 3.93094 5.20532 4.25111 5.20532H4.63759C4.95776 5.20532 5.21731 5.46223 5.21731 5.77914C5.21731 6.09606 4.95776 6.35297 4.63759 6.35297H4.25111C3.93094 6.35297 3.67139 6.09606 3.67139 5.77914Z" fill="#EB0203"></path>
                    <path fill-rule="evenodd" clip-rule="evenodd" d="M3.67139 11.9034C3.67139 11.5865 3.93094 11.3296 4.25111 11.3296H4.63759C4.95776 11.3296 5.21731 11.5865 5.21731 11.9034C5.21731 12.2202 4.95776 12.4771 4.63759 12.4771H4.25111C3.93094 12.4771 3.67139 12.2202 3.67139 11.9034Z" fill="#EB0203"></path>
                    <path fill-rule="evenodd" clip-rule="evenodd" d="M3.67139 8.84116C3.67139 8.52424 3.93094 8.26733 4.25111 8.26733H4.63759C4.95776 8.26733 5.21731 8.52424 5.21731 8.84116C5.21731 9.15807 4.95776 9.41498 4.63759 9.41498H4.25111C3.93094 9.41498 3.67139 9.15807 3.67139 8.84116Z" fill="#EB0203"></path>
                    <path fill-rule="evenodd" clip-rule="evenodd" d="M3.67139 14.9655C3.67139 14.6486 3.93094 14.3917 4.25111 14.3917H4.63759C4.95776 14.3917 5.21731 14.6486 5.21731 14.9655C5.21731 15.2825 4.95776 15.5394 4.63759 15.5394H4.25111C3.93094 15.5394 3.67139 15.2825 3.67139 14.9655Z" fill="#EB0203"></path>
                    <path fill-rule="evenodd" clip-rule="evenodd" d="M0 1.76033C0 0.914738 0.692131 0.229248 1.54592 0.229248H15.0727C15.9265 0.229248 16.6186 0.914738 16.6186 1.76033V11.2818C16.6186 11.5989 16.3591 11.8559 16.0389 11.8559C15.7187 11.8559 15.4592 11.5989 15.4592 11.2818V1.76033C15.4592 1.54893 15.2862 1.37756 15.0727 1.37756H1.54592C1.33247 1.37756 1.15944 1.54893 1.15944 1.76033V18.985C1.15944 19.1964 1.33247 19.3678 1.54592 19.3678H9.27551C9.59568 19.3678 9.85523 19.6249 9.85523 19.942C9.85523 20.2591 9.59568 20.5161 9.27551 20.5161H1.54592C0.692131 20.5161 0 19.8306 0 18.985V1.76033Z" fill="#EB0203"></path>
                    <path fill-rule="evenodd" clip-rule="evenodd" d="M14.6254 13.8718C13.4921 12.8567 11.7821 12.7615 10.6574 13.7147C9.12472 15.0124 9.34891 17.128 10.4413 18.2493L14.0161 21.9126C14.2199 22.1217 14.493 22.2386 14.7824 22.2386C15.0739 22.2386 15.3449 22.1238 15.5487 21.9147L19.1235 18.2514C20.2139 17.13 20.4422 15.0144 18.9075 13.7147C17.7827 12.7634 16.0726 12.8569 14.9392 13.872C14.8856 13.92 14.8333 13.9701 14.7824 14.0222C14.7314 13.97 14.6791 13.9199 14.6254 13.8718ZM18.1546 14.588C19.0972 15.3869 18.9961 16.7262 18.2891 17.4541C18.2888 17.4543 18.2886 17.4546 18.2884 17.4548L14.7834 21.0466L11.2757 17.452C11.2756 17.4519 11.2755 17.4517 11.2753 17.4516C10.5681 16.7252 10.4682 15.3856 11.4108 14.5876L11.4112 14.5872C12.0748 14.0248 13.202 14.0556 13.949 14.8205L14.7824 15.674L15.6158 14.8205C16.3618 14.0567 17.4896 14.0256 18.1545 14.5879" fill="#EB0203"></path>
                    </svg>
                    </button>
                    </div>
                    </div>
                    <p class="ct-tile--brand">Rana</p>
                    <p class="ct-tile--quantity">emb. 250 gr</p>
                    </div>
                    <div class="ct-tile-bottom row no-gutters justify-content-between">
                    <div class="ct-price-wrap col-8 col-sm-12">
                    <div class="price js-product-price">
                    <div class="prices-wrapper">
                    <span class="sales ct-tile--price-primary ">
                    <span class="value" content="3.69">
                    <span class="ct-price-formatted">
                    €3,69
                    </span>
                    <span class="ct-m-unit">
                    /un
                    </span>
                    </span>
                    </span>
                    </div>
                    <div class="ct-tile--price-secondary">
                    <span class="ct-price-value">
                    €14,76
                    </span>
                    <span class="ct-m-unit">
                    /kg
                    </span>
                    </div>
                    </div>
                    </div>
                    <div class="ct-tile-buy-section d-flex justify-content-center no-gutters col-auto col-sm-12">
                    <div class="col-2 d-sm-flex d-none">
                    <button class="wishlist-toggler guest-mode inactive button button--tertiary" data-pid="5060932" data-add-url="https://www.continente.pt/on/demandware.store/Sites-continente-Site/default/Wishlist-AddProduct?pid=5060932" data-toggle="tooltip" aria-label="Adicionar aos favoritos " data-original-title="Adicionar aos favoritos" data-placement="top">
                    <svg class="active-content" width="100%" height="100%" viewBox="0 0 20 22" fill="none" xmlns="http://www.w3.org/2000/svg">
                    <path fill-rule="evenodd" clip-rule="evenodd" d="M0 1.53052C0 0.685236 0.692171 0 1.54601 0H15.0736C15.9274 0 16.6196 0.685235 16.6196 1.53052V13.4064L15.8127 13.922L14.2658 14.2658L12.7189 13.4064L10.6054 14.3818C10.4994 14.2451 10.3327 14.157 10.1452 14.157H6.76329C6.4431 14.157 6.18354 14.414 6.18354 14.731C6.18354 15.0479 6.4431 15.3049 6.76329 15.3049H10.1452C10.2478 15.3049 10.3441 15.2785 10.4277 15.2322L10.3126 16.8439L13.2345 20.2793H1.54601C0.69217 20.2793 0 19.5941 0 18.7488V1.53052ZM6.18354 5.5483C6.18354 5.23132 6.4431 4.97436 6.76329 4.97436H12.3676C12.6878 4.97436 12.9473 5.23132 12.9473 5.5483C12.9473 5.86528 12.6878 6.12224 12.3676 6.12224H6.76329C6.4431 6.12224 6.18354 5.86528 6.18354 5.5483ZM6.76329 11.0961C6.4431 11.0961 6.18354 11.3531 6.18354 11.6701C6.18354 11.987 6.4431 12.244 6.76329 12.244H12.3676C12.6878 12.244 12.9473 11.987 12.9473 11.6701C12.9473 11.3531 12.6878 11.0961 12.3676 11.0961H6.76329ZM6.18354 8.60985C6.18354 8.29287 6.4431 8.03591 6.76329 8.03591H12.3676C12.6878 8.03591 12.9473 8.29287 12.9473 8.60985C12.9473 8.92684 12.6878 9.1838 12.3676 9.1838H6.76329C6.4431 9.1838 6.18354 8.92684 6.18354 8.60985ZM3.67118 5.5483C3.67118 5.23132 3.93075 4.97436 4.25093 4.97436H4.63743C4.95762 4.97436 5.21719 5.23132 5.21719 5.5483C5.21719 5.86528 4.95762 6.12224 4.63743 6.12224H4.25093C3.93075 6.12224 3.67118 5.86528 3.67118 5.5483ZM4.25093 11.0961C3.93075 11.0961 3.67118 11.3531 3.67118 11.6701C3.67118 11.987 3.93075 12.244 4.25093 12.244H4.63743C4.95762 12.244 5.21719 11.987 5.21719 11.6701C5.21719 11.3531 4.95762 11.0961 4.63743 11.0961H4.25093ZM3.67118 8.60985C3.67118 8.29287 3.93075 8.03591 4.25093 8.03591H4.63743C4.95762 8.03591 5.21719 8.29287 5.21719 8.60985C5.21719 8.92684 4.95762 9.1838 4.63743 9.1838H4.25093C3.93075 9.1838 3.67118 8.92684 3.67118 8.60985ZM4.25093 14.157C3.93075 14.157 3.67118 14.414 3.67118 14.731C3.67118 15.0479 3.93075 15.3049 4.25093 15.3049H4.63743C4.95762 15.3049 5.21719 15.0479 5.21719 14.731C5.21719 14.414 4.95762 14.157 4.63743 14.157H4.25093Z" fill="#EB0203"></path>
                    <path fill-rule="evenodd" clip-rule="evenodd" d="M14.6252 13.6363C13.4918 12.6215 11.7817 12.5264 10.6569 13.4792C9.12421 14.7764 9.34841 16.8912 10.4409 18.0122L14.0159 21.6742C14.2197 21.8832 14.4928 22 14.7822 22C15.0737 22 15.3448 21.8852 15.5486 21.6762L19.1236 18.0142C20.214 16.8933 20.4423 14.7785 18.9075 13.4792C17.7827 12.5283 16.0724 12.6217 14.9391 13.6365C14.8855 13.6845 14.8331 13.7345 14.7822 13.7866C14.7313 13.7345 14.6789 13.6843 14.6252 13.6363ZM18.1546 14.3522C19.0973 15.1508 18.9962 16.4896 18.2891 17.2173C18.2888 17.2175 18.2886 17.2177 18.2884 17.218L14.7832 20.8084L11.2753 17.2151C11.2752 17.215 11.2751 17.2149 11.2749 17.2148C10.5677 16.4887 10.4678 15.1495 11.4104 14.3518L11.4108 14.3514C12.0745 13.7892 13.2018 13.82 13.9488 14.5846L14.7822 15.4378L15.6157 14.5846C16.3617 13.8211 17.4896 13.79 18.1545 14.3521" fill="#EB0203"></path>
                    </svg>
                    <svg class="inactive-content" width="100%" height="100%" viewBox="0 0 20 23" fill="none" xmlns="http://www.w3.org/2000/svg">
                    <path fill-rule="evenodd" clip-rule="evenodd" d="M6.18408 5.77914C6.18408 5.46223 6.44363 5.20532 6.7638 5.20532H12.3678C12.6879 5.20532 12.9475 5.46223 12.9475 5.77914C12.9475 6.09606 12.6879 6.35297 12.3678 6.35297H6.7638C6.44363 6.35297 6.18408 6.09606 6.18408 5.77914Z" fill="#EB0203"></path>
                    <path fill-rule="evenodd" clip-rule="evenodd" d="M6.18408 11.9034C6.18408 11.5865 6.44363 11.3296 6.7638 11.3296H12.3678C12.6879 11.3296 12.9475 11.5865 12.9475 11.9034C12.9475 12.2202 12.6879 12.4771 12.3678 12.4771H6.7638C6.44363 12.4771 6.18408 12.2202 6.18408 11.9034Z" fill="#EB0203"></path>
                    <path fill-rule="evenodd" clip-rule="evenodd" d="M6.18408 8.84116C6.18408 8.52424 6.44363 8.26733 6.7638 8.26733H12.3678C12.6879 8.26733 12.9475 8.52424 12.9475 8.84116C12.9475 9.15807 12.6879 9.41498 12.3678 9.41498H6.7638C6.44363 9.41498 6.18408 9.15807 6.18408 8.84116Z" fill="#EB0203"></path>
                    <path fill-rule="evenodd" clip-rule="evenodd" d="M6.18408 14.9655C6.18408 14.6486 6.44363 14.3917 6.7638 14.3917H10.1455C10.4657 14.3917 10.7252 14.6486 10.7252 14.9655C10.7252 15.2825 10.4657 15.5394 10.1455 15.5394H6.7638C6.44363 15.5394 6.18408 15.2825 6.18408 14.9655Z" fill="#EB0203"></path>
                    <path fill-rule="evenodd" clip-rule="evenodd" d="M3.67139 5.77914C3.67139 5.46223 3.93094 5.20532 4.25111 5.20532H4.63759C4.95776 5.20532 5.21731 5.46223 5.21731 5.77914C5.21731 6.09606 4.95776 6.35297 4.63759 6.35297H4.25111C3.93094 6.35297 3.67139 6.09606 3.67139 5.77914Z" fill="#EB0203"></path>
                    <path fill-rule="evenodd" clip-rule="evenodd" d="M3.67139 11.9034C3.67139 11.5865 3.93094 11.3296 4.25111 11.3296H4.63759C4.95776 11.3296 5.21731 11.5865 5.21731 11.9034C5.21731 12.2202 4.95776 12.4771 4.63759 12.4771H4.25111C3.93094 12.4771 3.67139 12.2202 3.67139 11.9034Z" fill="#EB0203"></path>
                    <path fill-rule="evenodd" clip-rule="evenodd" d="M3.67139 8.84116C3.67139 8.52424 3.93094 8.26733 4.25111 8.26733H4.63759C4.95776 8.26733 5.21731 8.52424 5.21731 8.84116C5.21731 9.15807 4.95776 9.41498 4.63759 9.41498H4.25111C3.93094 9.41498 3.67139 9.15807 3.67139 8.84116Z" fill="#EB0203"></path>
                    <path fill-rule="evenodd" clip-rule="evenodd" d="M3.67139 14.9655C3.67139 14.6486 3.93094 14.3917 4.25111 14.3917H4.63759C4.95776 14.3917 5.21731 14.6486 5.21731 14.9655C5.21731 15.2825 4.95776 15.5394 4.63759 15.5394H4.25111C3.93094 15.5394 3.67139 15.2825 3.67139 14.9655Z" fill="#EB0203"></path>
                    <path fill-rule="evenodd" clip-rule="evenodd" d="M0 1.76033C0 0.914738 0.692131 0.229248 1.54592 0.229248H15.0727C15.9265 0.229248 16.6186 0.914738 16.6186 1.76033V11.2818C16.6186 11.5989 16.3591 11.8559 16.0389 11.8559C15.7187 11.8559 15.4592 11.5989 15.4592 11.2818V1.76033C15.4592 1.54893 15.2862 1.37756 15.0727 1.37756H1.54592C1.33247 1.37756 1.15944 1.54893 1.15944 1.76033V18.985C1.15944 19.1964 1.33247 19.3678 1.54592 19.3678H9.27551C9.59568 19.3678 9.85523 19.6249 9.85523 19.942C9.85523 20.2591 9.59568 20.5161 9.27551 20.5161H1.54592C0.692131 20.5161 0 19.8306 0 18.985V1.76033Z" fill="#EB0203"></path>
                    <path fill-rule="evenodd" clip-rule="evenodd" d="M14.6254 13.8718C13.4921 12.8567 11.7821 12.7615 10.6574 13.7147C9.12472 15.0124 9.34891 17.128 10.4413 18.2493L14.0161 21.9126C14.2199 22.1217 14.493 22.2386 14.7824 22.2386C15.0739 22.2386 15.3449 22.1238 15.5487 21.9147L19.1235 18.2514C20.2139 17.13 20.4422 15.0144 18.9075 13.7147C17.7827 12.7634 16.0726 12.8569 14.9392 13.872C14.8856 13.92 14.8333 13.9701 14.7824 14.0222C14.7314 13.97 14.6791 13.9199 14.6254 13.8718ZM18.1546 14.588C19.0972 15.3869 18.9961 16.7262 18.2891 17.4541C18.2888 17.4543 18.2886 17.4546 18.2884 17.4548L14.7834 21.0466L11.2757 17.452C11.2756 17.4519 11.2755 17.4517 11.2753 17.4516C10.5681 16.7252 10.4682 15.3856 11.4108 14.5876L11.4112 14.5872C12.0748 14.0248 13.202 14.0556 13.949 14.8205L14.7824 15.674L15.6158 14.8205C16.3618 14.0567 17.4896 14.0256 18.1545 14.5879" fill="#EB0203"></path>
                    </svg>
                    </button>
                    </div>
                    <div class="col-sm-10 col-12">
                    <div class="ct-tile-quantity d-none" data-pid="5060932">
                    <input type="hidden" class="add-to-cart-url" value="https://www.continente.pt/on/demandware.store/Sites-continente-Site/default/Cart-AddProduct">
                    <div class="d-none tile-delete-confirmation-btn" data-pid="5060932" data-delay-time="3000" data-in-cart-msg="no carrinho" data-one-product-added="Adicionado ao carrinho" data-remove-from-cart-msg="Removido do carrinho" data-stay-open="6000.0" data-confirmation-image="{&quot;url&quot;:&quot;https://www.continente.pt/dw/image/v2/BDVS_PRD/on/demandware.static/-/Sites-col-master-catalog/default/dw55ce229d/images/col/506/5060932-frente.jpg?sw=87&amp;sh=80&quot;,&quot;fallbackimage&quot;:{&quot;url&quot;:&quot;https://www.continente.pt/dw/image/v2/BDVS_PRD/on/demandware.static/Sites-continente-Site/-/default/dw7c42b4da/images/noimagelarge_product.png?sw=87&amp;sh=80&quot;,&quot;title&quot;:&quot;Tortellini Fresco de Ricotta e Espinafres&quot;,&quot;alt&quot;:&quot;Tortellini Fresco de Ricotta e Espinafres&quot;},&quot;title&quot;:&quot;Tortellini Fresco de Ricotta e Espinafres&quot;,&quot;alt&quot;:&quot;Tortellini Fresco de Ricotta e Espinafres&quot;}"></div>
                    <div class="ct-tile-quantity-update quantity-update product-qty-vue" data-remove-action="https://www.continente.pt/on/demandware.store/Sites-continente-Site/default/Cart-RemoveProductLineItem" data-action="https://www.continente.pt/on/demandware.store/Sites-continente-Site/default/Cart-UpdateQuantity" data-dimension-update="https://www.continente.pt/on/demandware.store/Sites-continente-Site/default/Cart-DimensionUpdate" data-pid="5060932" data-uuid="e2c7bf375d6ec2c89374a89424" data-add-delay="500.0" data-measure-options="{&quot;hasConversionRate&quot;:true,&quot;hasAlternativeSaleUnit&quot;:false,&quot;primaryToSecondary&quot;:1,&quot;secondaryToPrimary&quot;:1,&quot;unitConversionRate&quot;:1,&quot;minOrderQuantity&quot;:1,&quot;stepQuantity&quot;:1,&quot;primaryunit&quot;:&quot;un&quot;,&quot;secondaryunit&quot;:&quot;kg&quot;,&quot;selectedunit&quot;:&quot;primary&quot;,&quot;maxNumberOfUnitsPerSale&quot;:50}" data-price-available="null" :data-has-error="isMaxQtyReached || isMinQtyReached || qtySelectedMoreThanOne">
                    <template v-show="prodUnits">
                    <div class="quantity-input-wrapper has-units">
                    <label class="visually-hidden" :for="'quantity-' + pid + additionalTag">
                    Quantidade no carrinho
                    </label>
                    <input :ref="'quantityInput-' + pid + additionalTag" class="add-to-cart-quantity form-control ct-form-input text-center" inputmode="numeric" :class="{'is-invalid': isInvalid}" :data-pid="pid + additionalTag" :name="'quantity-' + pid + additionalTag" type="text" aria-label="Insira a quantidade" title="" v-model="displayValue" @change="updateQuantity" @focus="updateQtyFormat" @blur="restoreQtyFormat" :disabled="!isPriceAvailable">
                    <span class="quantity-icon quantity-icon--minus">
                    <button class="decrease-quantity-btn" @click="updateQuantity" :disabled="!isPriceAvailable" role="button" aria-label="Reduzir quantidade">
                    <i class="css-math-minus"></i>
                    </button>
                    </span>
                    <span class="quantity-icon quantity-icon--plus">
                    <button class="increase-quantity-btn" @click="updateQuantity" :disabled="isMaxQtyReached || !isPriceAvailable" role="button" aria-label="Aumentar quantidade">
                    <i class="css-math-plus"></i>
                    </button>
                    <span class="quantity-btn-disabled-placeholder"></span>
                    </span>
                    <template v-if="isPDP">
                    <span class="quantity-error ct-span-error text-sm-center product-max-allocation" v-if="isMaxQtyReached">
                    Quantidade máxima atingida
                    </span>
                    <span class="quantity-error ct-span-product text-sm-center product-allocation" v-if="!isMinQtyReached &amp;&amp; !isMaxQtyReached">
                    {{quantitySelected}} no carrinho
                    </span>
                    <span class="quantity-error ct-span-error text-sm-center product-min-allocation" :data-pid="pid" v-if="isMinQtyReached &amp;&amp; !isMaxQtyReached">
                    Quantidade mínima atingida
                    </span>
                    </template>
                    </div>
                    <template v-if="showNotes">
                    <div class="add-note-link-container ">
                    <div class="add-note">
                    <a href="/produto/tortellini-fresco-de-ricotta-e-espinafres-rana-5060932.html?showNote=true" class="ct-add-note-redirect-pdp" aria-label="Adicionar comentário">
                    <span class="svg-wrapper svg-icon-notes" style="width:19px; height:20px">
                    <svg class="svg-inline icon-notes" viewBox="0 0 28 30" xmlns="http://www.w3.org/2000/svg" width="100%" height="100%"><path d="M21.738 0C22.985 0 24 1.04 24 2.319V12.47c0 .469-.37.848-.828.848-.457 0-.827-.38-.827-.848V2.32c0-.343-.273-.622-.607-.622H2.262c-.334 0-.607.279-.607.622V27.68c0 .343.273.622.607.622h7.81c.457 0 .827.38.827.849 0 .468-.37.848-.827.848h-7.81C1.015 30 0 28.96 0 27.681V2.32C0 1.04 1.015 0 2.262 0h19.476zm2.844 16.004l.227.007c.823.053 1.589.39 2.176.964.64.627.993 1.46.993 2.349 0 .888-.353 1.722-.993 2.348l-6.83 6.665c-.11.108-.247.186-.397.226l-5.032 1.363c-.078.021-.16.032-.241.032-.242 0-.478-.097-.647-.266-.23-.231-.314-.566-.218-.874l1.49-4.798c.044-.139.122-.266.227-.369l6.844-6.677c.64-.625 1.493-.97 2.401-.97zm-2.886 3.94l-4.922 4.802-.947 3.048 3.22-.872 4.897-4.78-2.248-2.197zm2.887-2.174c-.425 0-.824.162-1.124.455l-.484.472 2.248 2.197.484-.472c.62-.606.62-1.591 0-2.197l-.117-.104c-.283-.227-.636-.35-1.007-.35zm-10.839.022c.498 0 .904.396.904.883 0 .488-.406.884-.904.884H5.946c-.499 0-.904-.396-.904-.884 0-.487.405-.883.904-.883zm5.042-4.876c.498 0 .904.397.904.884s-.406.884-.904.884H5.946c-.499 0-.904-.397-.904-.884s.405-.884.904-.884zm0-4.875c.498 0 .904.396.904.884 0 .487-.406.883-.904.883H5.946c-.499 0-.904-.396-.904-.883 0-.488.405-.884.904-.884z" fill="#EB0203" fill-rule="evenodd"></path></svg>
                    </span>
                    <div class="available-note d-none"></div>
                    </a>
                    </div>
                    </div>
                    </template>
                    <div class="measurement-unit-section" v-if="isPriceAvailable &amp;&amp; prodUnits ? prodUnits.hasAlternativeUnit : false">
                    <div class="ct-form-radio" @click="setDimension">
                    <input type="radio" title="" class="ct-form-check-input product-measurement-unit" :data-type="prodUnits.selectedUnit == prodUnits.secondaryUnit ? 'primary' : ''" :id="prodUnits.secondaryUnit + '-' + pid + '-measurement-unit-ptile' + additionalTag" :name="'measurement-unit-' + pid + '-ptile' + additionalTag" :value="prodUnits.secondaryUnit" v-model="prodUnits.selectedUnit">
                    <label :class="prodUnits.secondaryUnit + '-label ct-form-check-label mb-0'" :for="prodUnits.secondaryUnit + '-' + pid + '-measurement-unit-ptile' + additionalTag">
                    {{prodUnits.secondaryUnit}}
                    </label>
                    <span class="checkmark"></span>
                    </div>
                    <div class="ct-form-radio" @click="setDimension">
                    <input type="radio" title="" class="ct-form-check-input product-measurement-unit" :data-type="prodUnits.selectedUnit == prodUnits.primaryUnit ? 'primary' : ''" :id="prodUnits.primaryUnit + '-' + pid + '-measurement-unit-ptile' + additionalTag" :name="'measurement-unit-' + pid + '-ptile' + additionalTag" :value="prodUnits.primaryUnit" v-model="prodUnits.selectedUnit">
                    <label :class="prodUnits.primaryUnit + '-label ct-form-check-label mb-0'" :for="prodUnits.primaryUnit + '-' + pid + '-measurement-unit-ptile' + additionalTag">
                    {{prodUnits.primaryUnit}}
                    </label>
                    <span class="checkmark"></span>
                    </div>
                    </div>
                    <template v-if="!isPDP &amp;&amp; isPriceAvailable">
                    <span class="quantity-error ct-span-error product-max-allocation" v-if="isMaxQtyReached">
                    Quantidade máxima atingida
                    </span>
                    <span class="quantity-error ct-span-product product-allocation" v-if="!isMinQtyReached &amp;&amp; !isMaxQtyReached">
                    {{quantitySelected}} no carrinho
                    </span>
                    <span class="quantity-error ct-span-error product-min-allocation" :data-pid="pid" v-if="isMinQtyReached &amp;&amp; !isMaxQtyReached">
                    Quantidade mínima atingida
                    </span>
                    </template>
                    </template>
                    </div>
                    <input class="quantity-value-mask d-none" name="quantity" type="number" min="0" value="">
                    </div>
                    <button type="button" class="add-to-cart button js-add-to-cart js-add-to-cart-tile 5060932 button--primary dynamic-layout-btn" data-toggle="modal" data-target="#chooseBonusProductModal" data-pid="5060932" data-quantity-value="null" aria-label="Carrinho">
                    <span class="d-block d-sm-none">
                    <span class="svg-wrapper svg-icon-cart" style="width:20px; height:20px">
                    <svg class="svg-inline icon-cart" xmlns="http://www.w3.org/2000/svg" viewBox="0 0 500 500" width="100%" height="100%"><path fill="#EB0203" fill-rule="evenodd" d="M 485.67317,94.386311 C 476.37798,83.847129 463.09468,78.03348 448.30404,78.03348 H 90.690813 L 87.079511,51.327997 C 83.185582,22.539551 62.962285,0 41.011841,0 H 14.727836 C 6.563151,0 0,6.5286975 0,14.580758 c 0,8.05206 6.5945535,14.580758 14.727836,14.580758 h 26.284005 c 4.710398,0 14.696435,9.855222 16.894619,26.021523 L 100.01739,368.0631 c 1.88416,13.77244 9.01256,26.70549 20.1605,36.37417 8.25889,7.15046 18.02511,11.9071 28.26237,13.89679 -4.17655,7.58572 -6.53175,16.25957 -6.53175,25.493 0,29.53459 24.27424,53.59751 54.13815,53.59751 29.8325,0 54.13814,-24.03184 54.13814,-53.59751 0,-8.79818 -2.19818,-17.09897 -5.9979,-24.43598 h 77.12488 c -3.79973,7.33701 -5.96652,15.6378 -5.96652,24.43598 0,29.53459 24.27424,53.59751 54.13817,53.59751 29.83249,0 54.13814,-24.03184 54.13814,-53.59751 0,-8.79818 -2.1982,-17.09897 -5.9979,-24.43598 h 38.56243 c 8.13328,0 14.72783,-6.5287 14.72783,-14.61183 0,-8.02098 -6.59455,-14.54967 -14.72783,-14.54967 H 159.24277 c -14.38241,0 -28.13677,-11.90711 -30.02092,-26.02153 l -3.07746,-22.88154 h 290.6314 c 14.03698,0 27.94834,-5.28513 39.06488,-14.95381 11.11652,-9.6376 18.27632,-22.57065 20.16048,-36.37417 l 21.10259,-156.78201 c 1.94694,-14.51858 -2.10398,-28.29103 -11.43057,-38.861299 z M 220.76053,443.82706 c 0,13.49265 -11.08513,24.46709 -24.68247,24.46709 -13.62874,0 -24.71387,-10.97444 -24.71387,-24.46709 0,-13.49262 11.08513,-24.43598 24.71387,-24.43598 13.59734,0 24.68247,10.94336 24.68247,24.43598 z m 173.43675,0 c 0,13.49265 -11.08512,24.46709 -24.68245,24.46709 -13.62876,0 -24.71388,-10.97444 -24.71388,-24.46709 0,-13.49262 11.08512,-24.43598 24.71388,-24.43598 13.59733,0 24.68245,10.94336 24.68245,24.43598 z m 73.7648,-314.46558 -21.13397,156.782 c -1.88416,14.11442 -15.63851,26.05261 -30.02091,26.05261 H 122.25046 L 94.616142,107.19499 H 448.33544 c 6.18632,0 11.61896,2.2695 15.23028,6.37326 3.64269,4.13484 5.21283,9.73086 4.39636,15.79323 z"></path></svg>
                    </span>
                    </span>
                    <span class="add-to-cart--text d-none d-sm-block">Carrinho</span>
                    </button>
                    </div>
                    </div>
                    </div>
                    </div>
                    
                    <div class="col-12 d-sm-none">
                    </div>
                    </div>
                    </div>
                    </div>
                    </div>
                    <div class="col-12 col-sm-3 col-lg-2 productTile" data-idx="13">
                    
                    <script type="text/javascript">//<!--
                    /* <![CDATA[ */
                    (function(){
                    try {
                        if(window.CQuotient) {
                        var cq_params = {};
                        
                        cq_params.cookieId = window.CQuotient.getCQCookieId();
                        cq_params.userId = window.CQuotient.getCQUserId();
                        cq_params.emailId = CQuotient.getCQHashedEmail();
                        cq_params.loginId = CQuotient.getCQHashedLogin();
                        cq_params.accumulate = true;
                        cq_params.products = [{
                            id: '4388726',
                            sku: ''
                        }];
                        cq_params.categoryId = 'refeicoes-faceis';
                        cq_params.refinements = '[{\"name\":\"priceMin\",\"value\":\"0.01\"},{\"name\":\"priceMax\",\"value\":\"null\"},{\"name\":\"curr\",\"value\":\"EUR\"},{\"name\":\"Category\",\"value\":\"refeicoes-faceis\"}]';
                        cq_params.personalized = 'false';
                        cq_params.sortingRule = 'FRESH-Refei\u00E7\u00F5es F\u00E1ceis';
                        cq_params.imageUUID = '__UNDEFINED__';
                        cq_params.realm = "BDVS";
                        cq_params.siteId = "continente";
                        cq_params.instanceType = "prd";
                        cq_params.queryLocale = "default";
                        cq_params.locale = window.CQuotient.locale;
                        
                        if(window.CQuotient.sendActivity)
                            window.CQuotient.sendActivity(CQuotient.clientId, 'viewCategory', cq_params);
                        else
                            window.CQuotient.activities.push({
                                activityType: 'viewCategory',
                                parameters: cq_params
                            });
                      }
                    } catch(err) {}
                    })();
                    /* ]]> */
                    // -->
                    </script>
                    <script type="text/javascript">//<!--
                    /* <![CDATA[ (viewCategoryProduct-active_data.js) */
                    (function(){
                    try {
                        if (dw.ac) {
                            var search_params = {};
                            search_params.persd = 'false';
                            search_params.refs = '[{\"name\":\"priceMin\",\"value\":\"0.01\"},{\"name\":\"priceMax\",\"value\":\"null\"},{\"name\":\"curr\",\"value\":\"EUR\"},{\"name\":\"Category\",\"value\":\"refeicoes-faceis\"}]';
                            search_params.sort = 'FRESH-Refei\u00E7\u00F5es F\u00E1ceis';
                            search_params.imageUUID = '';
                            search_params.searchID = 'adc2ebee-ded6-4d71-a833-c4f63de27d3e';
                            search_params.locale = 'default';
                            search_params.queryLocale = 'default';
                            search_params.showProducts = 'true';
                            dw.ac.applyContext({category: "refeicoes-faceis", searchData: search_params});
                            if (typeof dw.ac._scheduleDataSubmission === "function") {
                                dw.ac._scheduleDataSubmission();
                            }
                        }
                    } catch(err) {}
                    })();
                    /* ]]> */
                    // -->
                    </script>
                    <script type="text/javascript">//<!--
                    /* <![CDATA[ (viewProduct-active_data.js) */
                    dw.ac._capture({id: "4388726", type: "searchhit"});
                    /* ]]> */
                    // -->
                    </script>
                    <div class="product" data-pid="4388726">
                    <div class="product-tile pid-4388726 ct-product-tile data-layer-pushed" data-delay-time="3000" data-variants-mapping="[]" data-in-cart-msg="no carrinho" data-one-product-added="Adicionado ao carrinho" data-remove-from-cart-msg="Removido do carrinho" data-stay-open="6000.0" data-product-tile-impression="{&quot;name&quot;:&quot;4388726&quot;,&quot;id&quot;:&quot;4388726&quot;,&quot;price&quot;:1.29,&quot;brand&quot;:&quot;Continente Fácil &amp; Bom&quot;,&quot;category&quot;:[{&quot;category_level_1&quot;:&quot;Take-Away&quot;},{&quot;category_level_2&quot;:&quot;Sopas&quot;},{&quot;category_level_3&quot;:&quot;Tradicionais&quot;}],&quot;variant&quot;:&quot;&quot;}">
                    <div class="ct-inner-tile-wrap row no-gutters justify-content-center align-content-start">
                    
                    <div class="ct-image-container col-4 col-sm" data-confirmation-image="{&quot;url&quot;:&quot;https://www.continente.pt/dw/image/v2/BDVS_PRD/on/demandware.static/-/Sites-col-master-catalog/default/dw9b097bb2/images/col/438/4388726-frente.jpg?sw=87&amp;sh=80&quot;,&quot;fallbackimage&quot;:{&quot;url&quot;:&quot;https://www.continente.pt/dw/image/v2/BDVS_PRD/on/demandware.static/Sites-continente-Site/-/default/dw7c42b4da/images/noimagelarge_product.png?sw=87&amp;sh=80&quot;,&quot;title&quot;:&quot;Sopa de Feijão e Legumes&quot;,&quot;alt&quot;:&quot;Sopa de Feijão e Legumes&quot;},&quot;title&quot;:&quot;Sopa de Feijão e Legumes&quot;,&quot;alt&quot;:&quot;Sopa de Feijão e Legumes&quot;}">
                    <a href="https://www.continente.pt/produto/sopa-de-feijao-e-legumes-continente-facil-bom-4388726.html?cgid=refeicoes-faceis">
                    <picture class="intrinsic intrinsic--square">
                    <img class="ct-tile-image lazyloaded" loading="lazy" onerror="this.onerror=null;this.src='/on/demandware.static/Sites-continente-Site/-/default/dw7c42b4da/images/noimagelarge_product.png';" data-src="https://www.continente.pt/dw/image/v2/BDVS_PRD/on/demandware.static/-/Sites-col-master-catalog/default/dw9b097bb2/images/col/438/4388726-frente.jpg?sw=280&amp;sh=280" alt="Sopa de Feijão e Legumes" title="Sopa de Feijão e Legumes" src="https://www.continente.pt/dw/image/v2/BDVS_PRD/on/demandware.static/-/Sites-col-master-catalog/default/dw9b097bb2/images/col/438/4388726-frente.jpg?sw=280&amp;sh=280">
                    </picture>
                    </a>
                    <div class="color-swatches d-flex" style="margin-left: 5px;">
                    <div class="swatches d-flex">
                    </div>
                    </div>
                    </div>
                    <div class="ct-tile-body col col-sm-auto ">
                    <div class="ct-pdp-details">
                    
                    <div class="ct-pdp-link">
                    <a class="ct-tile--description" href="https://www.continente.pt/produto/sopa-de-feijao-e-legumes-continente-facil-bom-4388726.html?cgid=refeicoes-faceis">Sopa de Feijão e Legumes</a>
                    <div class="ct-tile--favorite-top d-sm-none">
                    <button class="wishlist-toggler guest-mode inactive button button--tertiary" data-pid="4388726" data-add-url="https://www.continente.pt/on/demandware.store/Sites-continente-Site/default/Wishlist-AddProduct?pid=4388726" data-toggle="tooltip" aria-label="Adicionar aos favoritos " data-original-title="Adicionar aos favoritos" data-placement="top">
                    <svg class="active-content" width="100%" height="100%" viewBox="0 0 20 22" fill="none" xmlns="http://www.w3.org/2000/svg">
                    <path fill-rule="evenodd" clip-rule="evenodd" d="M0 1.53052C0 0.685236 0.692171 0 1.54601 0H15.0736C15.9274 0 16.6196 0.685235 16.6196 1.53052V13.4064L15.8127 13.922L14.2658 14.2658L12.7189 13.4064L10.6054 14.3818C10.4994 14.2451 10.3327 14.157 10.1452 14.157H6.76329C6.4431 14.157 6.18354 14.414 6.18354 14.731C6.18354 15.0479 6.4431 15.3049 6.76329 15.3049H10.1452C10.2478 15.3049 10.3441 15.2785 10.4277 15.2322L10.3126 16.8439L13.2345 20.2793H1.54601C0.69217 20.2793 0 19.5941 0 18.7488V1.53052ZM6.18354 5.5483C6.18354 5.23132 6.4431 4.97436 6.76329 4.97436H12.3676C12.6878 4.97436 12.9473 5.23132 12.9473 5.5483C12.9473 5.86528 12.6878 6.12224 12.3676 6.12224H6.76329C6.4431 6.12224 6.18354 5.86528 6.18354 5.5483ZM6.76329 11.0961C6.4431 11.0961 6.18354 11.3531 6.18354 11.6701C6.18354 11.987 6.4431 12.244 6.76329 12.244H12.3676C12.6878 12.244 12.9473 11.987 12.9473 11.6701C12.9473 11.3531 12.6878 11.0961 12.3676 11.0961H6.76329ZM6.18354 8.60985C6.18354 8.29287 6.4431 8.03591 6.76329 8.03591H12.3676C12.6878 8.03591 12.9473 8.29287 12.9473 8.60985C12.9473 8.92684 12.6878 9.1838 12.3676 9.1838H6.76329C6.4431 9.1838 6.18354 8.92684 6.18354 8.60985ZM3.67118 5.5483C3.67118 5.23132 3.93075 4.97436 4.25093 4.97436H4.63743C4.95762 4.97436 5.21719 5.23132 5.21719 5.5483C5.21719 5.86528 4.95762 6.12224 4.63743 6.12224H4.25093C3.93075 6.12224 3.67118 5.86528 3.67118 5.5483ZM4.25093 11.0961C3.93075 11.0961 3.67118 11.3531 3.67118 11.6701C3.67118 11.987 3.93075 12.244 4.25093 12.244H4.63743C4.95762 12.244 5.21719 11.987 5.21719 11.6701C5.21719 11.3531 4.95762 11.0961 4.63743 11.0961H4.25093ZM3.67118 8.60985C3.67118 8.29287 3.93075 8.03591 4.25093 8.03591H4.63743C4.95762 8.03591 5.21719 8.29287 5.21719 8.60985C5.21719 8.92684 4.95762 9.1838 4.63743 9.1838H4.25093C3.93075 9.1838 3.67118 8.92684 3.67118 8.60985ZM4.25093 14.157C3.93075 14.157 3.67118 14.414 3.67118 14.731C3.67118 15.0479 3.93075 15.3049 4.25093 15.3049H4.63743C4.95762 15.3049 5.21719 15.0479 5.21719 14.731C5.21719 14.414 4.95762 14.157 4.63743 14.157H4.25093Z" fill="#EB0203"></path>
                    <path fill-rule="evenodd" clip-rule="evenodd" d="M14.6252 13.6363C13.4918 12.6215 11.7817 12.5264 10.6569 13.4792C9.12421 14.7764 9.34841 16.8912 10.4409 18.0122L14.0159 21.6742C14.2197 21.8832 14.4928 22 14.7822 22C15.0737 22 15.3448 21.8852 15.5486 21.6762L19.1236 18.0142C20.214 16.8933 20.4423 14.7785 18.9075 13.4792C17.7827 12.5283 16.0724 12.6217 14.9391 13.6365C14.8855 13.6845 14.8331 13.7345 14.7822 13.7866C14.7313 13.7345 14.6789 13.6843 14.6252 13.6363ZM18.1546 14.3522C19.0973 15.1508 18.9962 16.4896 18.2891 17.2173C18.2888 17.2175 18.2886 17.2177 18.2884 17.218L14.7832 20.8084L11.2753 17.2151C11.2752 17.215 11.2751 17.2149 11.2749 17.2148C10.5677 16.4887 10.4678 15.1495 11.4104 14.3518L11.4108 14.3514C12.0745 13.7892 13.2018 13.82 13.9488 14.5846L14.7822 15.4378L15.6157 14.5846C16.3617 13.8211 17.4896 13.79 18.1545 14.3521" fill="#EB0203"></path>
                    </svg>
                    <svg class="inactive-content" width="100%" height="100%" viewBox="0 0 20 23" fill="none" xmlns="http://www.w3.org/2000/svg">
                    <path fill-rule="evenodd" clip-rule="evenodd" d="M6.18408 5.77914C6.18408 5.46223 6.44363 5.20532 6.7638 5.20532H12.3678C12.6879 5.20532 12.9475 5.46223 12.9475 5.77914C12.9475 6.09606 12.6879 6.35297 12.3678 6.35297H6.7638C6.44363 6.35297 6.18408 6.09606 6.18408 5.77914Z" fill="#EB0203"></path>
                    <path fill-rule="evenodd" clip-rule="evenodd" d="M6.18408 11.9034C6.18408 11.5865 6.44363 11.3296 6.7638 11.3296H12.3678C12.6879 11.3296 12.9475 11.5865 12.9475 11.9034C12.9475 12.2202 12.6879 12.4771 12.3678 12.4771H6.7638C6.44363 12.4771 6.18408 12.2202 6.18408 11.9034Z" fill="#EB0203"></path>
                    <path fill-rule="evenodd" clip-rule="evenodd" d="M6.18408 8.84116C6.18408 8.52424 6.44363 8.26733 6.7638 8.26733H12.3678C12.6879 8.26733 12.9475 8.52424 12.9475 8.84116C12.9475 9.15807 12.6879 9.41498 12.3678 9.41498H6.7638C6.44363 9.41498 6.18408 9.15807 6.18408 8.84116Z" fill="#EB0203"></path>
                    <path fill-rule="evenodd" clip-rule="evenodd" d="M6.18408 14.9655C6.18408 14.6486 6.44363 14.3917 6.7638 14.3917H10.1455C10.4657 14.3917 10.7252 14.6486 10.7252 14.9655C10.7252 15.2825 10.4657 15.5394 10.1455 15.5394H6.7638C6.44363 15.5394 6.18408 15.2825 6.18408 14.9655Z" fill="#EB0203"></path>
                    <path fill-rule="evenodd" clip-rule="evenodd" d="M3.67139 5.77914C3.67139 5.46223 3.93094 5.20532 4.25111 5.20532H4.63759C4.95776 5.20532 5.21731 5.46223 5.21731 5.77914C5.21731 6.09606 4.95776 6.35297 4.63759 6.35297H4.25111C3.93094 6.35297 3.67139 6.09606 3.67139 5.77914Z" fill="#EB0203"></path>
                    <path fill-rule="evenodd" clip-rule="evenodd" d="M3.67139 11.9034C3.67139 11.5865 3.93094 11.3296 4.25111 11.3296H4.63759C4.95776 11.3296 5.21731 11.5865 5.21731 11.9034C5.21731 12.2202 4.95776 12.4771 4.63759 12.4771H4.25111C3.93094 12.4771 3.67139 12.2202 3.67139 11.9034Z" fill="#EB0203"></path>
                    <path fill-rule="evenodd" clip-rule="evenodd" d="M3.67139 8.84116C3.67139 8.52424 3.93094 8.26733 4.25111 8.26733H4.63759C4.95776 8.26733 5.21731 8.52424 5.21731 8.84116C5.21731 9.15807 4.95776 9.41498 4.63759 9.41498H4.25111C3.93094 9.41498 3.67139 9.15807 3.67139 8.84116Z" fill="#EB0203"></path>
                    <path fill-rule="evenodd" clip-rule="evenodd" d="M3.67139 14.9655C3.67139 14.6486 3.93094 14.3917 4.25111 14.3917H4.63759C4.95776 14.3917 5.21731 14.6486 5.21731 14.9655C5.21731 15.2825 4.95776 15.5394 4.63759 15.5394H4.25111C3.93094 15.5394 3.67139 15.2825 3.67139 14.9655Z" fill="#EB0203"></path>
                    <path fill-rule="evenodd" clip-rule="evenodd" d="M0 1.76033C0 0.914738 0.692131 0.229248 1.54592 0.229248H15.0727C15.9265 0.229248 16.6186 0.914738 16.6186 1.76033V11.2818C16.6186 11.5989 16.3591 11.8559 16.0389 11.8559C15.7187 11.8559 15.4592 11.5989 15.4592 11.2818V1.76033C15.4592 1.54893 15.2862 1.37756 15.0727 1.37756H1.54592C1.33247 1.37756 1.15944 1.54893 1.15944 1.76033V18.985C1.15944 19.1964 1.33247 19.3678 1.54592 19.3678H9.27551C9.59568 19.3678 9.85523 19.6249 9.85523 19.942C9.85523 20.2591 9.59568 20.5161 9.27551 20.5161H1.54592C0.692131 20.5161 0 19.8306 0 18.985V1.76033Z" fill="#EB0203"></path>
                    <path fill-rule="evenodd" clip-rule="evenodd" d="M14.6254 13.8718C13.4921 12.8567 11.7821 12.7615 10.6574 13.7147C9.12472 15.0124 9.34891 17.128 10.4413 18.2493L14.0161 21.9126C14.2199 22.1217 14.493 22.2386 14.7824 22.2386C15.0739 22.2386 15.3449 22.1238 15.5487 21.9147L19.1235 18.2514C20.2139 17.13 20.4422 15.0144 18.9075 13.7147C17.7827 12.7634 16.0726 12.8569 14.9392 13.872C14.8856 13.92 14.8333 13.9701 14.7824 14.0222C14.7314 13.97 14.6791 13.9199 14.6254 13.8718ZM18.1546 14.588C19.0972 15.3869 18.9961 16.7262 18.2891 17.4541C18.2888 17.4543 18.2886 17.4546 18.2884 17.4548L14.7834 21.0466L11.2757 17.452C11.2756 17.4519 11.2755 17.4517 11.2753 17.4516C10.5681 16.7252 10.4682 15.3856 11.4108 14.5876L11.4112 14.5872C12.0748 14.0248 13.202 14.0556 13.949 14.8205L14.7824 15.674L15.6158 14.8205C16.3618 14.0567 17.4896 14.0256 18.1545 14.5879" fill="#EB0203"></path>
                    </svg>
                    </button>
                    </div>
                    </div>
                    <p class="ct-tile--brand">Continente Fácil &amp; Bom</p>
                    <p class="ct-tile--quantity">emb. 400 gr</p>
                    </div>
                    <div class="ct-tile-bottom row no-gutters justify-content-between">
                    <div class="ct-price-wrap col-8 col-sm-12">
                    <div class="price js-product-price">
                    <div class="prices-wrapper">
                    <span class="sales ct-tile--price-primary ">
                    <span class="value" content="1.29">
                    <span class="ct-price-formatted">
                    €1,29
                    </span>
                    <span class="ct-m-unit">
                    /un
                    </span>
                    </span>
                    </span>
                    </div>
                    <div class="ct-tile--price-secondary">
                    <span class="ct-price-value">
                    €3,23
                    </span>
                    <span class="ct-m-unit">
                    /kg
                    </span>
                    </div>
                    </div>
                    </div>
                    <div class="ct-tile-buy-section d-flex justify-content-center no-gutters col-auto col-sm-12">
                    <div class="col-2 d-sm-flex d-none">
                    <button class="wishlist-toggler guest-mode inactive button button--tertiary" data-pid="4388726" data-add-url="https://www.continente.pt/on/demandware.store/Sites-continente-Site/default/Wishlist-AddProduct?pid=4388726" data-toggle="tooltip" aria-label="Adicionar aos favoritos " data-original-title="Adicionar aos favoritos" data-placement="top">
                    <svg class="active-content" width="100%" height="100%" viewBox="0 0 20 22" fill="none" xmlns="http://www.w3.org/2000/svg">
                    <path fill-rule="evenodd" clip-rule="evenodd" d="M0 1.53052C0 0.685236 0.692171 0 1.54601 0H15.0736C15.9274 0 16.6196 0.685235 16.6196 1.53052V13.4064L15.8127 13.922L14.2658 14.2658L12.7189 13.4064L10.6054 14.3818C10.4994 14.2451 10.3327 14.157 10.1452 14.157H6.76329C6.4431 14.157 6.18354 14.414 6.18354 14.731C6.18354 15.0479 6.4431 15.3049 6.76329 15.3049H10.1452C10.2478 15.3049 10.3441 15.2785 10.4277 15.2322L10.3126 16.8439L13.2345 20.2793H1.54601C0.69217 20.2793 0 19.5941 0 18.7488V1.53052ZM6.18354 5.5483C6.18354 5.23132 6.4431 4.97436 6.76329 4.97436H12.3676C12.6878 4.97436 12.9473 5.23132 12.9473 5.5483C12.9473 5.86528 12.6878 6.12224 12.3676 6.12224H6.76329C6.4431 6.12224 6.18354 5.86528 6.18354 5.5483ZM6.76329 11.0961C6.4431 11.0961 6.18354 11.3531 6.18354 11.6701C6.18354 11.987 6.4431 12.244 6.76329 12.244H12.3676C12.6878 12.244 12.9473 11.987 12.9473 11.6701C12.9473 11.3531 12.6878 11.0961 12.3676 11.0961H6.76329ZM6.18354 8.60985C6.18354 8.29287 6.4431 8.03591 6.76329 8.03591H12.3676C12.6878 8.03591 12.9473 8.29287 12.9473 8.60985C12.9473 8.92684 12.6878 9.1838 12.3676 9.1838H6.76329C6.4431 9.1838 6.18354 8.92684 6.18354 8.60985ZM3.67118 5.5483C3.67118 5.23132 3.93075 4.97436 4.25093 4.97436H4.63743C4.95762 4.97436 5.21719 5.23132 5.21719 5.5483C5.21719 5.86528 4.95762 6.12224 4.63743 6.12224H4.25093C3.93075 6.12224 3.67118 5.86528 3.67118 5.5483ZM4.25093 11.0961C3.93075 11.0961 3.67118 11.3531 3.67118 11.6701C3.67118 11.987 3.93075 12.244 4.25093 12.244H4.63743C4.95762 12.244 5.21719 11.987 5.21719 11.6701C5.21719 11.3531 4.95762 11.0961 4.63743 11.0961H4.25093ZM3.67118 8.60985C3.67118 8.29287 3.93075 8.03591 4.25093 8.03591H4.63743C4.95762 8.03591 5.21719 8.29287 5.21719 8.60985C5.21719 8.92684 4.95762 9.1838 4.63743 9.1838H4.25093C3.93075 9.1838 3.67118 8.92684 3.67118 8.60985ZM4.25093 14.157C3.93075 14.157 3.67118 14.414 3.67118 14.731C3.67118 15.0479 3.93075 15.3049 4.25093 15.3049H4.63743C4.95762 15.3049 5.21719 15.0479 5.21719 14.731C5.21719 14.414 4.95762 14.157 4.63743 14.157H4.25093Z" fill="#EB0203"></path>
                    <path fill-rule="evenodd" clip-rule="evenodd" d="M14.6252 13.6363C13.4918 12.6215 11.7817 12.5264 10.6569 13.4792C9.12421 14.7764 9.34841 16.8912 10.4409 18.0122L14.0159 21.6742C14.2197 21.8832 14.4928 22 14.7822 22C15.0737 22 15.3448 21.8852 15.5486 21.6762L19.1236 18.0142C20.214 16.8933 20.4423 14.7785 18.9075 13.4792C17.7827 12.5283 16.0724 12.6217 14.9391 13.6365C14.8855 13.6845 14.8331 13.7345 14.7822 13.7866C14.7313 13.7345 14.6789 13.6843 14.6252 13.6363ZM18.1546 14.3522C19.0973 15.1508 18.9962 16.4896 18.2891 17.2173C18.2888 17.2175 18.2886 17.2177 18.2884 17.218L14.7832 20.8084L11.2753 17.2151C11.2752 17.215 11.2751 17.2149 11.2749 17.2148C10.5677 16.4887 10.4678 15.1495 11.4104 14.3518L11.4108 14.3514C12.0745 13.7892 13.2018 13.82 13.9488 14.5846L14.7822 15.4378L15.6157 14.5846C16.3617 13.8211 17.4896 13.79 18.1545 14.3521" fill="#EB0203"></path>
                    </svg>
                    <svg class="inactive-content" width="100%" height="100%" viewBox="0 0 20 23" fill="none" xmlns="http://www.w3.org/2000/svg">
                    <path fill-rule="evenodd" clip-rule="evenodd" d="M6.18408 5.77914C6.18408 5.46223 6.44363 5.20532 6.7638 5.20532H12.3678C12.6879 5.20532 12.9475 5.46223 12.9475 5.77914C12.9475 6.09606 12.6879 6.35297 12.3678 6.35297H6.7638C6.44363 6.35297 6.18408 6.09606 6.18408 5.77914Z" fill="#EB0203"></path>
                    <path fill-rule="evenodd" clip-rule="evenodd" d="M6.18408 11.9034C6.18408 11.5865 6.44363 11.3296 6.7638 11.3296H12.3678C12.6879 11.3296 12.9475 11.5865 12.9475 11.9034C12.9475 12.2202 12.6879 12.4771 12.3678 12.4771H6.7638C6.44363 12.4771 6.18408 12.2202 6.18408 11.9034Z" fill="#EB0203"></path>
                    <path fill-rule="evenodd" clip-rule="evenodd" d="M6.18408 8.84116C6.18408 8.52424 6.44363 8.26733 6.7638 8.26733H12.3678C12.6879 8.26733 12.9475 8.52424 12.9475 8.84116C12.9475 9.15807 12.6879 9.41498 12.3678 9.41498H6.7638C6.44363 9.41498 6.18408 9.15807 6.18408 8.84116Z" fill="#EB0203"></path>
                    <path fill-rule="evenodd" clip-rule="evenodd" d="M6.18408 14.9655C6.18408 14.6486 6.44363 14.3917 6.7638 14.3917H10.1455C10.4657 14.3917 10.7252 14.6486 10.7252 14.9655C10.7252 15.2825 10.4657 15.5394 10.1455 15.5394H6.7638C6.44363 15.5394 6.18408 15.2825 6.18408 14.9655Z" fill="#EB0203"></path>
                    <path fill-rule="evenodd" clip-rule="evenodd" d="M3.67139 5.77914C3.67139 5.46223 3.93094 5.20532 4.25111 5.20532H4.63759C4.95776 5.20532 5.21731 5.46223 5.21731 5.77914C5.21731 6.09606 4.95776 6.35297 4.63759 6.35297H4.25111C3.93094 6.35297 3.67139 6.09606 3.67139 5.77914Z" fill="#EB0203"></path>
                    <path fill-rule="evenodd" clip-rule="evenodd" d="M3.67139 11.9034C3.67139 11.5865 3.93094 11.3296 4.25111 11.3296H4.63759C4.95776 11.3296 5.21731 11.5865 5.21731 11.9034C5.21731 12.2202 4.95776 12.4771 4.63759 12.4771H4.25111C3.93094 12.4771 3.67139 12.2202 3.67139 11.9034Z" fill="#EB0203"></path>
                    <path fill-rule="evenodd" clip-rule="evenodd" d="M3.67139 8.84116C3.67139 8.52424 3.93094 8.26733 4.25111 8.26733H4.63759C4.95776 8.26733 5.21731 8.52424 5.21731 8.84116C5.21731 9.15807 4.95776 9.41498 4.63759 9.41498H4.25111C3.93094 9.41498 3.67139 9.15807 3.67139 8.84116Z" fill="#EB0203"></path>
                    <path fill-rule="evenodd" clip-rule="evenodd" d="M3.67139 14.9655C3.67139 14.6486 3.93094 14.3917 4.25111 14.3917H4.63759C4.95776 14.3917 5.21731 14.6486 5.21731 14.9655C5.21731 15.2825 4.95776 15.5394 4.63759 15.5394H4.25111C3.93094 15.5394 3.67139 15.2825 3.67139 14.9655Z" fill="#EB0203"></path>
                    <path fill-rule="evenodd" clip-rule="evenodd" d="M0 1.76033C0 0.914738 0.692131 0.229248 1.54592 0.229248H15.0727C15.9265 0.229248 16.6186 0.914738 16.6186 1.76033V11.2818C16.6186 11.5989 16.3591 11.8559 16.0389 11.8559C15.7187 11.8559 15.4592 11.5989 15.4592 11.2818V1.76033C15.4592 1.54893 15.2862 1.37756 15.0727 1.37756H1.54592C1.33247 1.37756 1.15944 1.54893 1.15944 1.76033V18.985C1.15944 19.1964 1.33247 19.3678 1.54592 19.3678H9.27551C9.59568 19.3678 9.85523 19.6249 9.85523 19.942C9.85523 20.2591 9.59568 20.5161 9.27551 20.5161H1.54592C0.692131 20.5161 0 19.8306 0 18.985V1.76033Z" fill="#EB0203"></path>
                    <path fill-rule="evenodd" clip-rule="evenodd" d="M14.6254 13.8718C13.4921 12.8567 11.7821 12.7615 10.6574 13.7147C9.12472 15.0124 9.34891 17.128 10.4413 18.2493L14.0161 21.9126C14.2199 22.1217 14.493 22.2386 14.7824 22.2386C15.0739 22.2386 15.3449 22.1238 15.5487 21.9147L19.1235 18.2514C20.2139 17.13 20.4422 15.0144 18.9075 13.7147C17.7827 12.7634 16.0726 12.8569 14.9392 13.872C14.8856 13.92 14.8333 13.9701 14.7824 14.0222C14.7314 13.97 14.6791 13.9199 14.6254 13.8718ZM18.1546 14.588C19.0972 15.3869 18.9961 16.7262 18.2891 17.4541C18.2888 17.4543 18.2886 17.4546 18.2884 17.4548L14.7834 21.0466L11.2757 17.452C11.2756 17.4519 11.2755 17.4517 11.2753 17.4516C10.5681 16.7252 10.4682 15.3856 11.4108 14.5876L11.4112 14.5872C12.0748 14.0248 13.202 14.0556 13.949 14.8205L14.7824 15.674L15.6158 14.8205C16.3618 14.0567 17.4896 14.0256 18.1545 14.5879" fill="#EB0203"></path>
                    </svg>
                    </button>
                    </div>
                    <div class="col-sm-10 col-12">
                    <div class="ct-tile-quantity d-none" data-pid="4388726">
                    <input type="hidden" class="add-to-cart-url" value="https://www.continente.pt/on/demandware.store/Sites-continente-Site/default/Cart-AddProduct">
                    <div class="d-none tile-delete-confirmation-btn" data-pid="4388726" data-delay-time="3000" data-in-cart-msg="no carrinho" data-one-product-added="Adicionado ao carrinho" data-remove-from-cart-msg="Removido do carrinho" data-stay-open="6000.0" data-confirmation-image="{&quot;url&quot;:&quot;https://www.continente.pt/dw/image/v2/BDVS_PRD/on/demandware.static/-/Sites-col-master-catalog/default/dw9b097bb2/images/col/438/4388726-frente.jpg?sw=87&amp;sh=80&quot;,&quot;fallbackimage&quot;:{&quot;url&quot;:&quot;https://www.continente.pt/dw/image/v2/BDVS_PRD/on/demandware.static/Sites-continente-Site/-/default/dw7c42b4da/images/noimagelarge_product.png?sw=87&amp;sh=80&quot;,&quot;title&quot;:&quot;Sopa de Feijão e Legumes&quot;,&quot;alt&quot;:&quot;Sopa de Feijão e Legumes&quot;},&quot;title&quot;:&quot;Sopa de Feijão e Legumes&quot;,&quot;alt&quot;:&quot;Sopa de Feijão e Legumes&quot;}"></div>
                    <div class="ct-tile-quantity-update quantity-update product-qty-vue" data-remove-action="https://www.continente.pt/on/demandware.store/Sites-continente-Site/default/Cart-RemoveProductLineItem" data-action="https://www.continente.pt/on/demandware.store/Sites-continente-Site/default/Cart-UpdateQuantity" data-dimension-update="https://www.continente.pt/on/demandware.store/Sites-continente-Site/default/Cart-DimensionUpdate" data-pid="4388726" data-uuid="b0cbb1561315c102b753970ee5" data-add-delay="500.0" data-measure-options="{&quot;hasConversionRate&quot;:true,&quot;hasAlternativeSaleUnit&quot;:false,&quot;primaryToSecondary&quot;:1,&quot;secondaryToPrimary&quot;:1,&quot;unitConversionRate&quot;:1,&quot;minOrderQuantity&quot;:1,&quot;stepQuantity&quot;:1,&quot;primaryunit&quot;:&quot;un&quot;,&quot;secondaryunit&quot;:&quot;kg&quot;,&quot;selectedunit&quot;:&quot;primary&quot;,&quot;maxNumberOfUnitsPerSale&quot;:50}" data-price-available="null" :data-has-error="isMaxQtyReached || isMinQtyReached || qtySelectedMoreThanOne">
                    <template v-show="prodUnits">
                    <div class="quantity-input-wrapper has-units">
                    <label class="visually-hidden" :for="'quantity-' + pid + additionalTag">
                    Quantidade no carrinho
                    </label>
                    <input :ref="'quantityInput-' + pid + additionalTag" class="add-to-cart-quantity form-control ct-form-input text-center" inputmode="numeric" :class="{'is-invalid': isInvalid}" :data-pid="pid + additionalTag" :name="'quantity-' + pid + additionalTag" type="text" aria-label="Insira a quantidade" title="" v-model="displayValue" @change="updateQuantity" @focus="updateQtyFormat" @blur="restoreQtyFormat" :disabled="!isPriceAvailable">
                    <span class="quantity-icon quantity-icon--minus">
                    <button class="decrease-quantity-btn" @click="updateQuantity" :disabled="!isPriceAvailable" role="button" aria-label="Reduzir quantidade">
                    <i class="css-math-minus"></i>
                    </button>
                    </span>
                    <span class="quantity-icon quantity-icon--plus">
                    <button class="increase-quantity-btn" @click="updateQuantity" :disabled="isMaxQtyReached || !isPriceAvailable" role="button" aria-label="Aumentar quantidade">
                    <i class="css-math-plus"></i>
                    </button>
                    <span class="quantity-btn-disabled-placeholder"></span>
                    </span>
                    <template v-if="isPDP">
                    <span class="quantity-error ct-span-error text-sm-center product-max-allocation" v-if="isMaxQtyReached">
                    Quantidade máxima atingida
                    </span>
                    <span class="quantity-error ct-span-product text-sm-center product-allocation" v-if="!isMinQtyReached &amp;&amp; !isMaxQtyReached">
                    {{quantitySelected}} no carrinho
                    </span>
                    <span class="quantity-error ct-span-error text-sm-center product-min-allocation" :data-pid="pid" v-if="isMinQtyReached &amp;&amp; !isMaxQtyReached">
                    Quantidade mínima atingida
                    </span>
                    </template>
                    </div>
                    <template v-if="showNotes">
                    <div class="add-note-link-container ">
                    <div class="add-note">
                    <a href="/produto/sopa-de-feijao-e-legumes-continente-facil-bom-4388726.html?showNote=true" class="ct-add-note-redirect-pdp" aria-label="Adicionar comentário">
                    <span class="svg-wrapper svg-icon-notes" style="width:19px; height:20px">
                    <svg class="svg-inline icon-notes" viewBox="0 0 28 30" xmlns="http://www.w3.org/2000/svg" width="100%" height="100%"><path d="M21.738 0C22.985 0 24 1.04 24 2.319V12.47c0 .469-.37.848-.828.848-.457 0-.827-.38-.827-.848V2.32c0-.343-.273-.622-.607-.622H2.262c-.334 0-.607.279-.607.622V27.68c0 .343.273.622.607.622h7.81c.457 0 .827.38.827.849 0 .468-.37.848-.827.848h-7.81C1.015 30 0 28.96 0 27.681V2.32C0 1.04 1.015 0 2.262 0h19.476zm2.844 16.004l.227.007c.823.053 1.589.39 2.176.964.64.627.993 1.46.993 2.349 0 .888-.353 1.722-.993 2.348l-6.83 6.665c-.11.108-.247.186-.397.226l-5.032 1.363c-.078.021-.16.032-.241.032-.242 0-.478-.097-.647-.266-.23-.231-.314-.566-.218-.874l1.49-4.798c.044-.139.122-.266.227-.369l6.844-6.677c.64-.625 1.493-.97 2.401-.97zm-2.886 3.94l-4.922 4.802-.947 3.048 3.22-.872 4.897-4.78-2.248-2.197zm2.887-2.174c-.425 0-.824.162-1.124.455l-.484.472 2.248 2.197.484-.472c.62-.606.62-1.591 0-2.197l-.117-.104c-.283-.227-.636-.35-1.007-.35zm-10.839.022c.498 0 .904.396.904.883 0 .488-.406.884-.904.884H5.946c-.499 0-.904-.396-.904-.884 0-.487.405-.883.904-.883zm5.042-4.876c.498 0 .904.397.904.884s-.406.884-.904.884H5.946c-.499 0-.904-.397-.904-.884s.405-.884.904-.884zm0-4.875c.498 0 .904.396.904.884 0 .487-.406.883-.904.883H5.946c-.499 0-.904-.396-.904-.883 0-.488.405-.884.904-.884z" fill="#EB0203" fill-rule="evenodd"></path></svg>
                    </span>
                    <div class="available-note d-none"></div>
                    </a>
                    </div>
                    </div>
                    </template>
                    <div class="measurement-unit-section" v-if="isPriceAvailable &amp;&amp; prodUnits ? prodUnits.hasAlternativeUnit : false">
                    <div class="ct-form-radio" @click="setDimension">
                    <input type="radio" title="" class="ct-form-check-input product-measurement-unit" :data-type="prodUnits.selectedUnit == prodUnits.secondaryUnit ? 'primary' : ''" :id="prodUnits.secondaryUnit + '-' + pid + '-measurement-unit-ptile' + additionalTag" :name="'measurement-unit-' + pid + '-ptile' + additionalTag" :value="prodUnits.secondaryUnit" v-model="prodUnits.selectedUnit">
                    <label :class="prodUnits.secondaryUnit + '-label ct-form-check-label mb-0'" :for="prodUnits.secondaryUnit + '-' + pid + '-measurement-unit-ptile' + additionalTag">
                    {{prodUnits.secondaryUnit}}
                    </label>
                    <span class="checkmark"></span>
                    </div>
                    <div class="ct-form-radio" @click="setDimension">
                    <input type="radio" title="" class="ct-form-check-input product-measurement-unit" :data-type="prodUnits.selectedUnit == prodUnits.primaryUnit ? 'primary' : ''" :id="prodUnits.primaryUnit + '-' + pid + '-measurement-unit-ptile' + additionalTag" :name="'measurement-unit-' + pid + '-ptile' + additionalTag" :value="prodUnits.primaryUnit" v-model="prodUnits.selectedUnit">
                    <label :class="prodUnits.primaryUnit + '-label ct-form-check-label mb-0'" :for="prodUnits.primaryUnit + '-' + pid + '-measurement-unit-ptile' + additionalTag">
                    {{prodUnits.primaryUnit}}
                    </label>
                    <span class="checkmark"></span>
                    </div>
                    </div>
                    <template v-if="!isPDP &amp;&amp; isPriceAvailable">
                    <span class="quantity-error ct-span-error product-max-allocation" v-if="isMaxQtyReached">
                    Quantidade máxima atingida
                    </span>
                    <span class="quantity-error ct-span-product product-allocation" v-if="!isMinQtyReached &amp;&amp; !isMaxQtyReached">
                    {{quantitySelected}} no carrinho
                    </span>
                    <span class="quantity-error ct-span-error product-min-allocation" :data-pid="pid" v-if="isMinQtyReached &amp;&amp; !isMaxQtyReached">
                    Quantidade mínima atingida
                    </span>
                    </template>
                    </template>
                    </div>
                    <input class="quantity-value-mask d-none" name="quantity" type="number" min="0" value="">
                    </div>
                    <button type="button" class="add-to-cart button js-add-to-cart js-add-to-cart-tile 4388726 button--primary dynamic-layout-btn" data-toggle="modal" data-target="#chooseBonusProductModal" data-pid="4388726" data-quantity-value="null" aria-label="Carrinho">
                    <span class="d-block d-sm-none">
                    <span class="svg-wrapper svg-icon-cart" style="width:20px; height:20px">
                    <svg class="svg-inline icon-cart" xmlns="http://www.w3.org/2000/svg" viewBox="0 0 500 500" width="100%" height="100%"><path fill="#EB0203" fill-rule="evenodd" d="M 485.67317,94.386311 C 476.37798,83.847129 463.09468,78.03348 448.30404,78.03348 H 90.690813 L 87.079511,51.327997 C 83.185582,22.539551 62.962285,0 41.011841,0 H 14.727836 C 6.563151,0 0,6.5286975 0,14.580758 c 0,8.05206 6.5945535,14.580758 14.727836,14.580758 h 26.284005 c 4.710398,0 14.696435,9.855222 16.894619,26.021523 L 100.01739,368.0631 c 1.88416,13.77244 9.01256,26.70549 20.1605,36.37417 8.25889,7.15046 18.02511,11.9071 28.26237,13.89679 -4.17655,7.58572 -6.53175,16.25957 -6.53175,25.493 0,29.53459 24.27424,53.59751 54.13815,53.59751 29.8325,0 54.13814,-24.03184 54.13814,-53.59751 0,-8.79818 -2.19818,-17.09897 -5.9979,-24.43598 h 77.12488 c -3.79973,7.33701 -5.96652,15.6378 -5.96652,24.43598 0,29.53459 24.27424,53.59751 54.13817,53.59751 29.83249,0 54.13814,-24.03184 54.13814,-53.59751 0,-8.79818 -2.1982,-17.09897 -5.9979,-24.43598 h 38.56243 c 8.13328,0 14.72783,-6.5287 14.72783,-14.61183 0,-8.02098 -6.59455,-14.54967 -14.72783,-14.54967 H 159.24277 c -14.38241,0 -28.13677,-11.90711 -30.02092,-26.02153 l -3.07746,-22.88154 h 290.6314 c 14.03698,0 27.94834,-5.28513 39.06488,-14.95381 11.11652,-9.6376 18.27632,-22.57065 20.16048,-36.37417 l 21.10259,-156.78201 c 1.94694,-14.51858 -2.10398,-28.29103 -11.43057,-38.861299 z M 220.76053,443.82706 c 0,13.49265 -11.08513,24.46709 -24.68247,24.46709 -13.62874,0 -24.71387,-10.97444 -24.71387,-24.46709 0,-13.49262 11.08513,-24.43598 24.71387,-24.43598 13.59734,0 24.68247,10.94336 24.68247,24.43598 z m 173.43675,0 c 0,13.49265 -11.08512,24.46709 -24.68245,24.46709 -13.62876,0 -24.71388,-10.97444 -24.71388,-24.46709 0,-13.49262 11.08512,-24.43598 24.71388,-24.43598 13.59733,0 24.68245,10.94336 24.68245,24.43598 z m 73.7648,-314.46558 -21.13397,156.782 c -1.88416,14.11442 -15.63851,26.05261 -30.02091,26.05261 H 122.25046 L 94.616142,107.19499 H 448.33544 c 6.18632,0 11.61896,2.2695 15.23028,6.37326 3.64269,4.13484 5.21283,9.73086 4.39636,15.79323 z"></path></svg>
                    </span>
                    </span>
                    <span class="add-to-cart--text d-none d-sm-block">Carrinho</span>
                    </button>
                    </div>
                    </div>
                    </div>
                    </div>
                    
                    <div class="col-12 d-sm-none">
                    </div>
                    </div>
                    </div>
                    </div>
                    </div>
                    <div class="col-12 col-sm-3 col-lg-2 productTile" data-idx="14">
                    
                    <script type="text/javascript">//<!--
                    /* <![CDATA[ */
                    (function(){
                    try {
                        if(window.CQuotient) {
                        var cq_params = {};
                        
                        cq_params.cookieId = window.CQuotient.getCQCookieId();
                        cq_params.userId = window.CQuotient.getCQUserId();
                        cq_params.emailId = CQuotient.getCQHashedEmail();
                        cq_params.loginId = CQuotient.getCQHashedLogin();
                        cq_params.accumulate = true;
                        cq_params.products = [{
                            id: '3606266',
                            sku: ''
                        }];
                        cq_params.categoryId = 'refeicoes-faceis';
                        cq_params.refinements = '[{\"name\":\"priceMin\",\"value\":\"0.01\"},{\"name\":\"priceMax\",\"value\":\"null\"},{\"name\":\"curr\",\"value\":\"EUR\"},{\"name\":\"Category\",\"value\":\"refeicoes-faceis\"}]';
                        cq_params.personalized = 'false';
                        cq_params.sortingRule = 'FRESH-Refei\u00E7\u00F5es F\u00E1ceis';
                        cq_params.imageUUID = '__UNDEFINED__';
                        cq_params.realm = "BDVS";
                        cq_params.siteId = "continente";
                        cq_params.instanceType = "prd";
                        cq_params.queryLocale = "default";
                        cq_params.locale = window.CQuotient.locale;
                        
                        if(window.CQuotient.sendActivity)
                            window.CQuotient.sendActivity(CQuotient.clientId, 'viewCategory', cq_params);
                        else
                            window.CQuotient.activities.push({
                                activityType: 'viewCategory',
                                parameters: cq_params
                            });
                      }
                    } catch(err) {}
                    })();
                    /* ]]> */
                    // -->
                    </script>
                    <script type="text/javascript">//<!--
                    /* <![CDATA[ (viewCategoryProduct-active_data.js) */
                    (function(){
                    try {
                        if (dw.ac) {
                            var search_params = {};
                            search_params.persd = 'false';
                            search_params.refs = '[{\"name\":\"priceMin\",\"value\":\"0.01\"},{\"name\":\"priceMax\",\"value\":\"null\"},{\"name\":\"curr\",\"value\":\"EUR\"},{\"name\":\"Category\",\"value\":\"refeicoes-faceis\"}]';
                            search_params.sort = 'FRESH-Refei\u00E7\u00F5es F\u00E1ceis';
                            search_params.imageUUID = '';
                            search_params.searchID = 'adc2ebee-ded6-4d71-a833-c4f63de27d3e';
                            search_params.locale = 'default';
                            search_params.queryLocale = 'default';
                            search_params.showProducts = 'true';
                            dw.ac.applyContext({category: "refeicoes-faceis", searchData: search_params});
                            if (typeof dw.ac._scheduleDataSubmission === "function") {
                                dw.ac._scheduleDataSubmission();
                            }
                        }
                    } catch(err) {}
                    })();
                    /* ]]> */
                    // -->
                    </script>
                    <script type="text/javascript">//<!--
                    /* <![CDATA[ (viewProduct-active_data.js) */
                    dw.ac._capture({id: "3606266", type: "searchhit"});
                    /* ]]> */
                    // -->
                    </script>
                    <div class="product" data-pid="3606266">
                    <div class="product-tile pid-3606266 ct-product-tile data-layer-pushed" data-delay-time="3000" data-variants-mapping="[]" data-in-cart-msg="no carrinho" data-one-product-added="Adicionado ao carrinho" data-remove-from-cart-msg="Removido do carrinho" data-stay-open="6000.0" data-product-tile-impression="{&quot;name&quot;:&quot;3606266&quot;,&quot;id&quot;:&quot;3606266&quot;,&quot;price&quot;:1.29,&quot;brand&quot;:&quot;Continente&quot;,&quot;category&quot;:[{&quot;category_level_1&quot;:&quot;Frutas e Legumes&quot;},{&quot;category_level_2&quot;:&quot;Legumes&quot;},{&quot;category_level_3&quot;:&quot;Saladas, Sopas e Salteados&quot;}],&quot;variant&quot;:&quot;&quot;}">
                    <div class="ct-inner-tile-wrap row no-gutters justify-content-center align-content-start">
                    
                    <div class="ct-image-container col-4 col-sm" data-confirmation-image="{&quot;url&quot;:&quot;https://www.continente.pt/dw/image/v2/BDVS_PRD/on/demandware.static/-/Sites-col-master-catalog/default/dw234ae5c9/images/col/360/3606266-cima.jpg?sw=87&amp;sh=80&quot;,&quot;fallbackimage&quot;:{&quot;url&quot;:&quot;https://www.continente.pt/dw/image/v2/BDVS_PRD/on/demandware.static/Sites-continente-Site/-/default/dw7c42b4da/images/noimagelarge_product.png?sw=87&amp;sh=80&quot;,&quot;title&quot;:&quot;Salada Ibéria&quot;,&quot;alt&quot;:&quot;Salada Ibéria&quot;},&quot;title&quot;:&quot;Salada Ibéria&quot;,&quot;alt&quot;:&quot;Salada Ibéria&quot;}">
                    <a href="https://www.continente.pt/produto/salada-iberia-continente-3606266.html?cgid=refeicoes-faceis">
                    <picture class="intrinsic intrinsic--square">
                    <img class="ct-tile-image lazyloaded" loading="lazy" onerror="this.onerror=null;this.src='/on/demandware.static/Sites-continente-Site/-/default/dw7c42b4da/images/noimagelarge_product.png';" data-src="https://www.continente.pt/dw/image/v2/BDVS_PRD/on/demandware.static/-/Sites-col-master-catalog/default/dw234ae5c9/images/col/360/3606266-cima.jpg?sw=280&amp;sh=280" alt="Salada Ibéria" title="Salada Ibéria" src="https://www.continente.pt/dw/image/v2/BDVS_PRD/on/demandware.static/-/Sites-col-master-catalog/default/dw234ae5c9/images/col/360/3606266-cima.jpg?sw=280&amp;sh=280">
                    </picture>
                    </a>
                    <div class=" ct-product-tile-badge ct-product-tile-badge--general">
                    <img class="img-fluid ct-tooltip-trigger lazyloaded" loading="lazy" data-src="https://www.continente.pt/dw/image/v2/BDVS_PRD/on/demandware.static/-/Sites-continente-Library/default/dw62d4c957/images/badges/general/col/madein.png?sw=25&amp;sh=25" alt="Crachá do produto" title="" data-toggle="tooltip" data-placement="right" data-original-title="Made in Portugal" src="https://www.continente.pt/dw/image/v2/BDVS_PRD/on/demandware.static/-/Sites-continente-Library/default/dw62d4c957/images/badges/general/col/madein.png?sw=25&amp;sh=25">
                    </div>
                    <div class="color-swatches d-flex" style="margin-left: 5px;">
                    <div class="swatches d-flex">
                    </div>
                    </div>
                    </div>
                    <div class="ct-tile-body col col-sm-auto ">
                    <div class="ct-pdp-details">
                    <div class="ct-pdp-link">
                    <a class="ct-tile--description" href="https://www.continente.pt/produto/salada-iberia-continente-3606266.html?cgid=refeicoes-faceis">Salada Ibéria</a>
                    <div class="ct-tile--favorite-top d-sm-none">
                    <button class="wishlist-toggler guest-mode inactive button button--tertiary" data-pid="3606266" data-add-url="https://www.continente.pt/on/demandware.store/Sites-continente-Site/default/Wishlist-AddProduct?pid=3606266" data-toggle="tooltip" aria-label="Adicionar aos favoritos " data-original-title="Adicionar aos favoritos" data-placement="top">
                    <svg class="active-content" width="100%" height="100%" viewBox="0 0 20 22" fill="none" xmlns="http://www.w3.org/2000/svg">
                    <path fill-rule="evenodd" clip-rule="evenodd" d="M0 1.53052C0 0.685236 0.692171 0 1.54601 0H15.0736C15.9274 0 16.6196 0.685235 16.6196 1.53052V13.4064L15.8127 13.922L14.2658 14.2658L12.7189 13.4064L10.6054 14.3818C10.4994 14.2451 10.3327 14.157 10.1452 14.157H6.76329C6.4431 14.157 6.18354 14.414 6.18354 14.731C6.18354 15.0479 6.4431 15.3049 6.76329 15.3049H10.1452C10.2478 15.3049 10.3441 15.2785 10.4277 15.2322L10.3126 16.8439L13.2345 20.2793H1.54601C0.69217 20.2793 0 19.5941 0 18.7488V1.53052ZM6.18354 5.5483C6.18354 5.23132 6.4431 4.97436 6.76329 4.97436H12.3676C12.6878 4.97436 12.9473 5.23132 12.9473 5.5483C12.9473 5.86528 12.6878 6.12224 12.3676 6.12224H6.76329C6.4431 6.12224 6.18354 5.86528 6.18354 5.5483ZM6.76329 11.0961C6.4431 11.0961 6.18354 11.3531 6.18354 11.6701C6.18354 11.987 6.4431 12.244 6.76329 12.244H12.3676C12.6878 12.244 12.9473 11.987 12.9473 11.6701C12.9473 11.3531 12.6878 11.0961 12.3676 11.0961H6.76329ZM6.18354 8.60985C6.18354 8.29287 6.4431 8.03591 6.76329 8.03591H12.3676C12.6878 8.03591 12.9473 8.29287 12.9473 8.60985C12.9473 8.92684 12.6878 9.1838 12.3676 9.1838H6.76329C6.4431 9.1838 6.18354 8.92684 6.18354 8.60985ZM3.67118 5.5483C3.67118 5.23132 3.93075 4.97436 4.25093 4.97436H4.63743C4.95762 4.97436 5.21719 5.23132 5.21719 5.5483C5.21719 5.86528 4.95762 6.12224 4.63743 6.12224H4.25093C3.93075 6.12224 3.67118 5.86528 3.67118 5.5483ZM4.25093 11.0961C3.93075 11.0961 3.67118 11.3531 3.67118 11.6701C3.67118 11.987 3.93075 12.244 4.25093 12.244H4.63743C4.95762 12.244 5.21719 11.987 5.21719 11.6701C5.21719 11.3531 4.95762 11.0961 4.63743 11.0961H4.25093ZM3.67118 8.60985C3.67118 8.29287 3.93075 8.03591 4.25093 8.03591H4.63743C4.95762 8.03591 5.21719 8.29287 5.21719 8.60985C5.21719 8.92684 4.95762 9.1838 4.63743 9.1838H4.25093C3.93075 9.1838 3.67118 8.92684 3.67118 8.60985ZM4.25093 14.157C3.93075 14.157 3.67118 14.414 3.67118 14.731C3.67118 15.0479 3.93075 15.3049 4.25093 15.3049H4.63743C4.95762 15.3049 5.21719 15.0479 5.21719 14.731C5.21719 14.414 4.95762 14.157 4.63743 14.157H4.25093Z" fill="#EB0203"></path>
                    <path fill-rule="evenodd" clip-rule="evenodd" d="M14.6252 13.6363C13.4918 12.6215 11.7817 12.5264 10.6569 13.4792C9.12421 14.7764 9.34841 16.8912 10.4409 18.0122L14.0159 21.6742C14.2197 21.8832 14.4928 22 14.7822 22C15.0737 22 15.3448 21.8852 15.5486 21.6762L19.1236 18.0142C20.214 16.8933 20.4423 14.7785 18.9075 13.4792C17.7827 12.5283 16.0724 12.6217 14.9391 13.6365C14.8855 13.6845 14.8331 13.7345 14.7822 13.7866C14.7313 13.7345 14.6789 13.6843 14.6252 13.6363ZM18.1546 14.3522C19.0973 15.1508 18.9962 16.4896 18.2891 17.2173C18.2888 17.2175 18.2886 17.2177 18.2884 17.218L14.7832 20.8084L11.2753 17.2151C11.2752 17.215 11.2751 17.2149 11.2749 17.2148C10.5677 16.4887 10.4678 15.1495 11.4104 14.3518L11.4108 14.3514C12.0745 13.7892 13.2018 13.82 13.9488 14.5846L14.7822 15.4378L15.6157 14.5846C16.3617 13.8211 17.4896 13.79 18.1545 14.3521" fill="#EB0203"></path>
                    </svg>
                    <svg class="inactive-content" width="100%" height="100%" viewBox="0 0 20 23" fill="none" xmlns="http://www.w3.org/2000/svg">
                    <path fill-rule="evenodd" clip-rule="evenodd" d="M6.18408 5.77914C6.18408 5.46223 6.44363 5.20532 6.7638 5.20532H12.3678C12.6879 5.20532 12.9475 5.46223 12.9475 5.77914C12.9475 6.09606 12.6879 6.35297 12.3678 6.35297H6.7638C6.44363 6.35297 6.18408 6.09606 6.18408 5.77914Z" fill="#EB0203"></path>
                    <path fill-rule="evenodd" clip-rule="evenodd" d="M6.18408 11.9034C6.18408 11.5865 6.44363 11.3296 6.7638 11.3296H12.3678C12.6879 11.3296 12.9475 11.5865 12.9475 11.9034C12.9475 12.2202 12.6879 12.4771 12.3678 12.4771H6.7638C6.44363 12.4771 6.18408 12.2202 6.18408 11.9034Z" fill="#EB0203"></path>
                    <path fill-rule="evenodd" clip-rule="evenodd" d="M6.18408 8.84116C6.18408 8.52424 6.44363 8.26733 6.7638 8.26733H12.3678C12.6879 8.26733 12.9475 8.52424 12.9475 8.84116C12.9475 9.15807 12.6879 9.41498 12.3678 9.41498H6.7638C6.44363 9.41498 6.18408 9.15807 6.18408 8.84116Z" fill="#EB0203"></path>
                    <path fill-rule="evenodd" clip-rule="evenodd" d="M6.18408 14.9655C6.18408 14.6486 6.44363 14.3917 6.7638 14.3917H10.1455C10.4657 14.3917 10.7252 14.6486 10.7252 14.9655C10.7252 15.2825 10.4657 15.5394 10.1455 15.5394H6.7638C6.44363 15.5394 6.18408 15.2825 6.18408 14.9655Z" fill="#EB0203"></path>
                    <path fill-rule="evenodd" clip-rule="evenodd" d="M3.67139 5.77914C3.67139 5.46223 3.93094 5.20532 4.25111 5.20532H4.63759C4.95776 5.20532 5.21731 5.46223 5.21731 5.77914C5.21731 6.09606 4.95776 6.35297 4.63759 6.35297H4.25111C3.93094 6.35297 3.67139 6.09606 3.67139 5.77914Z" fill="#EB0203"></path>
                    <path fill-rule="evenodd" clip-rule="evenodd" d="M3.67139 11.9034C3.67139 11.5865 3.93094 11.3296 4.25111 11.3296H4.63759C4.95776 11.3296 5.21731 11.5865 5.21731 11.9034C5.21731 12.2202 4.95776 12.4771 4.63759 12.4771H4.25111C3.93094 12.4771 3.67139 12.2202 3.67139 11.9034Z" fill="#EB0203"></path>
                    <path fill-rule="evenodd" clip-rule="evenodd" d="M3.67139 8.84116C3.67139 8.52424 3.93094 8.26733 4.25111 8.26733H4.63759C4.95776 8.26733 5.21731 8.52424 5.21731 8.84116C5.21731 9.15807 4.95776 9.41498 4.63759 9.41498H4.25111C3.93094 9.41498 3.67139 9.15807 3.67139 8.84116Z" fill="#EB0203"></path>
                    <path fill-rule="evenodd" clip-rule="evenodd" d="M3.67139 14.9655C3.67139 14.6486 3.93094 14.3917 4.25111 14.3917H4.63759C4.95776 14.3917 5.21731 14.6486 5.21731 14.9655C5.21731 15.2825 4.95776 15.5394 4.63759 15.5394H4.25111C3.93094 15.5394 3.67139 15.2825 3.67139 14.9655Z" fill="#EB0203"></path>
                    <path fill-rule="evenodd" clip-rule="evenodd" d="M0 1.76033C0 0.914738 0.692131 0.229248 1.54592 0.229248H15.0727C15.9265 0.229248 16.6186 0.914738 16.6186 1.76033V11.2818C16.6186 11.5989 16.3591 11.8559 16.0389 11.8559C15.7187 11.8559 15.4592 11.5989 15.4592 11.2818V1.76033C15.4592 1.54893 15.2862 1.37756 15.0727 1.37756H1.54592C1.33247 1.37756 1.15944 1.54893 1.15944 1.76033V18.985C1.15944 19.1964 1.33247 19.3678 1.54592 19.3678H9.27551C9.59568 19.3678 9.85523 19.6249 9.85523 19.942C9.85523 20.2591 9.59568 20.5161 9.27551 20.5161H1.54592C0.692131 20.5161 0 19.8306 0 18.985V1.76033Z" fill="#EB0203"></path>
                    <path fill-rule="evenodd" clip-rule="evenodd" d="M14.6254 13.8718C13.4921 12.8567 11.7821 12.7615 10.6574 13.7147C9.12472 15.0124 9.34891 17.128 10.4413 18.2493L14.0161 21.9126C14.2199 22.1217 14.493 22.2386 14.7824 22.2386C15.0739 22.2386 15.3449 22.1238 15.5487 21.9147L19.1235 18.2514C20.2139 17.13 20.4422 15.0144 18.9075 13.7147C17.7827 12.7634 16.0726 12.8569 14.9392 13.872C14.8856 13.92 14.8333 13.9701 14.7824 14.0222C14.7314 13.97 14.6791 13.9199 14.6254 13.8718ZM18.1546 14.588C19.0972 15.3869 18.9961 16.7262 18.2891 17.4541C18.2888 17.4543 18.2886 17.4546 18.2884 17.4548L14.7834 21.0466L11.2757 17.452C11.2756 17.4519 11.2755 17.4517 11.2753 17.4516C10.5681 16.7252 10.4682 15.3856 11.4108 14.5876L11.4112 14.5872C12.0748 14.0248 13.202 14.0556 13.949 14.8205L14.7824 15.674L15.6158 14.8205C16.3618 14.0567 17.4896 14.0256 18.1545 14.5879" fill="#EB0203"></path>
                    </svg>
                    </button>
                    </div>
                    </div>
                    <p class="ct-tile--brand">Continente</p>
                    <p class="ct-tile--quantity">emb. 150 gr</p>
                    </div>
                    <div class="ct-tile-bottom row no-gutters justify-content-between">
                    <div class="ct-price-wrap col-8 col-sm-12">
                    <div class="price js-product-price">
                    <div class="prices-wrapper">
                    <span class="sales ct-tile--price-primary ">
                    <span class="value" content="1.29">
                    <span class="ct-price-formatted">
                    €1,29
                    </span>
                    <span class="ct-m-unit">
                    /un
                    </span>
                    </span>
                    </span>
                    </div>
                    <div class="ct-tile--price-secondary">
                    <span class="ct-price-value">
                    €8,60
                    </span>
                    <span class="ct-m-unit">
                    /kg
                    </span>
                    </div>
                    </div>
                    </div>
                    <div class="ct-tile-buy-section d-flex justify-content-center no-gutters col-auto col-sm-12">
                    <div class="col-2 d-sm-flex d-none">
                    <button class="wishlist-toggler guest-mode inactive button button--tertiary" data-pid="3606266" data-add-url="https://www.continente.pt/on/demandware.store/Sites-continente-Site/default/Wishlist-AddProduct?pid=3606266" data-toggle="tooltip" aria-label="Adicionar aos favoritos " data-original-title="Adicionar aos favoritos" data-placement="top">
                    <svg class="active-content" width="100%" height="100%" viewBox="0 0 20 22" fill="none" xmlns="http://www.w3.org/2000/svg">
                    <path fill-rule="evenodd" clip-rule="evenodd" d="M0 1.53052C0 0.685236 0.692171 0 1.54601 0H15.0736C15.9274 0 16.6196 0.685235 16.6196 1.53052V13.4064L15.8127 13.922L14.2658 14.2658L12.7189 13.4064L10.6054 14.3818C10.4994 14.2451 10.3327 14.157 10.1452 14.157H6.76329C6.4431 14.157 6.18354 14.414 6.18354 14.731C6.18354 15.0479 6.4431 15.3049 6.76329 15.3049H10.1452C10.2478 15.3049 10.3441 15.2785 10.4277 15.2322L10.3126 16.8439L13.2345 20.2793H1.54601C0.69217 20.2793 0 19.5941 0 18.7488V1.53052ZM6.18354 5.5483C6.18354 5.23132 6.4431 4.97436 6.76329 4.97436H12.3676C12.6878 4.97436 12.9473 5.23132 12.9473 5.5483C12.9473 5.86528 12.6878 6.12224 12.3676 6.12224H6.76329C6.4431 6.12224 6.18354 5.86528 6.18354 5.5483ZM6.76329 11.0961C6.4431 11.0961 6.18354 11.3531 6.18354 11.6701C6.18354 11.987 6.4431 12.244 6.76329 12.244H12.3676C12.6878 12.244 12.9473 11.987 12.9473 11.6701C12.9473 11.3531 12.6878 11.0961 12.3676 11.0961H6.76329ZM6.18354 8.60985C6.18354 8.29287 6.4431 8.03591 6.76329 8.03591H12.3676C12.6878 8.03591 12.9473 8.29287 12.9473 8.60985C12.9473 8.92684 12.6878 9.1838 12.3676 9.1838H6.76329C6.4431 9.1838 6.18354 8.92684 6.18354 8.60985ZM3.67118 5.5483C3.67118 5.23132 3.93075 4.97436 4.25093 4.97436H4.63743C4.95762 4.97436 5.21719 5.23132 5.21719 5.5483C5.21719 5.86528 4.95762 6.12224 4.63743 6.12224H4.25093C3.93075 6.12224 3.67118 5.86528 3.67118 5.5483ZM4.25093 11.0961C3.93075 11.0961 3.67118 11.3531 3.67118 11.6701C3.67118 11.987 3.93075 12.244 4.25093 12.244H4.63743C4.95762 12.244 5.21719 11.987 5.21719 11.6701C5.21719 11.3531 4.95762 11.0961 4.63743 11.0961H4.25093ZM3.67118 8.60985C3.67118 8.29287 3.93075 8.03591 4.25093 8.03591H4.63743C4.95762 8.03591 5.21719 8.29287 5.21719 8.60985C5.21719 8.92684 4.95762 9.1838 4.63743 9.1838H4.25093C3.93075 9.1838 3.67118 8.92684 3.67118 8.60985ZM4.25093 14.157C3.93075 14.157 3.67118 14.414 3.67118 14.731C3.67118 15.0479 3.93075 15.3049 4.25093 15.3049H4.63743C4.95762 15.3049 5.21719 15.0479 5.21719 14.731C5.21719 14.414 4.95762 14.157 4.63743 14.157H4.25093Z" fill="#EB0203"></path>
                    <path fill-rule="evenodd" clip-rule="evenodd" d="M14.6252 13.6363C13.4918 12.6215 11.7817 12.5264 10.6569 13.4792C9.12421 14.7764 9.34841 16.8912 10.4409 18.0122L14.0159 21.6742C14.2197 21.8832 14.4928 22 14.7822 22C15.0737 22 15.3448 21.8852 15.5486 21.6762L19.1236 18.0142C20.214 16.8933 20.4423 14.7785 18.9075 13.4792C17.7827 12.5283 16.0724 12.6217 14.9391 13.6365C14.8855 13.6845 14.8331 13.7345 14.7822 13.7866C14.7313 13.7345 14.6789 13.6843 14.6252 13.6363ZM18.1546 14.3522C19.0973 15.1508 18.9962 16.4896 18.2891 17.2173C18.2888 17.2175 18.2886 17.2177 18.2884 17.218L14.7832 20.8084L11.2753 17.2151C11.2752 17.215 11.2751 17.2149 11.2749 17.2148C10.5677 16.4887 10.4678 15.1495 11.4104 14.3518L11.4108 14.3514C12.0745 13.7892 13.2018 13.82 13.9488 14.5846L14.7822 15.4378L15.6157 14.5846C16.3617 13.8211 17.4896 13.79 18.1545 14.3521" fill="#EB0203"></path>
                    </svg>
                    <svg class="inactive-content" width="100%" height="100%" viewBox="0 0 20 23" fill="none" xmlns="http://www.w3.org/2000/svg">
                    <path fill-rule="evenodd" clip-rule="evenodd" d="M6.18408 5.77914C6.18408 5.46223 6.44363 5.20532 6.7638 5.20532H12.3678C12.6879 5.20532 12.9475 5.46223 12.9475 5.77914C12.9475 6.09606 12.6879 6.35297 12.3678 6.35297H6.7638C6.44363 6.35297 6.18408 6.09606 6.18408 5.77914Z" fill="#EB0203"></path>
                    <path fill-rule="evenodd" clip-rule="evenodd" d="M6.18408 11.9034C6.18408 11.5865 6.44363 11.3296 6.7638 11.3296H12.3678C12.6879 11.3296 12.9475 11.5865 12.9475 11.9034C12.9475 12.2202 12.6879 12.4771 12.3678 12.4771H6.7638C6.44363 12.4771 6.18408 12.2202 6.18408 11.9034Z" fill="#EB0203"></path>
                    <path fill-rule="evenodd" clip-rule="evenodd" d="M6.18408 8.84116C6.18408 8.52424 6.44363 8.26733 6.7638 8.26733H12.3678C12.6879 8.26733 12.9475 8.52424 12.9475 8.84116C12.9475 9.15807 12.6879 9.41498 12.3678 9.41498H6.7638C6.44363 9.41498 6.18408 9.15807 6.18408 8.84116Z" fill="#EB0203"></path>
                    <path fill-rule="evenodd" clip-rule="evenodd" d="M6.18408 14.9655C6.18408 14.6486 6.44363 14.3917 6.7638 14.3917H10.1455C10.4657 14.3917 10.7252 14.6486 10.7252 14.9655C10.7252 15.2825 10.4657 15.5394 10.1455 15.5394H6.7638C6.44363 15.5394 6.18408 15.2825 6.18408 14.9655Z" fill="#EB0203"></path>
                    <path fill-rule="evenodd" clip-rule="evenodd" d="M3.67139 5.77914C3.67139 5.46223 3.93094 5.20532 4.25111 5.20532H4.63759C4.95776 5.20532 5.21731 5.46223 5.21731 5.77914C5.21731 6.09606 4.95776 6.35297 4.63759 6.35297H4.25111C3.93094 6.35297 3.67139 6.09606 3.67139 5.77914Z" fill="#EB0203"></path>
                    <path fill-rule="evenodd" clip-rule="evenodd" d="M3.67139 11.9034C3.67139 11.5865 3.93094 11.3296 4.25111 11.3296H4.63759C4.95776 11.3296 5.21731 11.5865 5.21731 11.9034C5.21731 12.2202 4.95776 12.4771 4.63759 12.4771H4.25111C3.93094 12.4771 3.67139 12.2202 3.67139 11.9034Z" fill="#EB0203"></path>
                    <path fill-rule="evenodd" clip-rule="evenodd" d="M3.67139 8.84116C3.67139 8.52424 3.93094 8.26733 4.25111 8.26733H4.63759C4.95776 8.26733 5.21731 8.52424 5.21731 8.84116C5.21731 9.15807 4.95776 9.41498 4.63759 9.41498H4.25111C3.93094 9.41498 3.67139 9.15807 3.67139 8.84116Z" fill="#EB0203"></path>
                    <path fill-rule="evenodd" clip-rule="evenodd" d="M3.67139 14.9655C3.67139 14.6486 3.93094 14.3917 4.25111 14.3917H4.63759C4.95776 14.3917 5.21731 14.6486 5.21731 14.9655C5.21731 15.2825 4.95776 15.5394 4.63759 15.5394H4.25111C3.93094 15.5394 3.67139 15.2825 3.67139 14.9655Z" fill="#EB0203"></path>
                    <path fill-rule="evenodd" clip-rule="evenodd" d="M0 1.76033C0 0.914738 0.692131 0.229248 1.54592 0.229248H15.0727C15.9265 0.229248 16.6186 0.914738 16.6186 1.76033V11.2818C16.6186 11.5989 16.3591 11.8559 16.0389 11.8559C15.7187 11.8559 15.4592 11.5989 15.4592 11.2818V1.76033C15.4592 1.54893 15.2862 1.37756 15.0727 1.37756H1.54592C1.33247 1.37756 1.15944 1.54893 1.15944 1.76033V18.985C1.15944 19.1964 1.33247 19.3678 1.54592 19.3678H9.27551C9.59568 19.3678 9.85523 19.6249 9.85523 19.942C9.85523 20.2591 9.59568 20.5161 9.27551 20.5161H1.54592C0.692131 20.5161 0 19.8306 0 18.985V1.76033Z" fill="#EB0203"></path>
                    <path fill-rule="evenodd" clip-rule="evenodd" d="M14.6254 13.8718C13.4921 12.8567 11.7821 12.7615 10.6574 13.7147C9.12472 15.0124 9.34891 17.128 10.4413 18.2493L14.0161 21.9126C14.2199 22.1217 14.493 22.2386 14.7824 22.2386C15.0739 22.2386 15.3449 22.1238 15.5487 21.9147L19.1235 18.2514C20.2139 17.13 20.4422 15.0144 18.9075 13.7147C17.7827 12.7634 16.0726 12.8569 14.9392 13.872C14.8856 13.92 14.8333 13.9701 14.7824 14.0222C14.7314 13.97 14.6791 13.9199 14.6254 13.8718ZM18.1546 14.588C19.0972 15.3869 18.9961 16.7262 18.2891 17.4541C18.2888 17.4543 18.2886 17.4546 18.2884 17.4548L14.7834 21.0466L11.2757 17.452C11.2756 17.4519 11.2755 17.4517 11.2753 17.4516C10.5681 16.7252 10.4682 15.3856 11.4108 14.5876L11.4112 14.5872C12.0748 14.0248 13.202 14.0556 13.949 14.8205L14.7824 15.674L15.6158 14.8205C16.3618 14.0567 17.4896 14.0256 18.1545 14.5879" fill="#EB0203"></path>
                    </svg>
                    </button>
                    </div>
                    <div class="col-sm-10 col-12">
                    <div class="ct-tile-quantity d-none" data-pid="3606266">
                    <input type="hidden" class="add-to-cart-url" value="https://www.continente.pt/on/demandware.store/Sites-continente-Site/default/Cart-AddProduct">
                    <div class="d-none tile-delete-confirmation-btn" data-pid="3606266" data-delay-time="3000" data-in-cart-msg="no carrinho" data-one-product-added="Adicionado ao carrinho" data-remove-from-cart-msg="Removido do carrinho" data-stay-open="6000.0" data-confirmation-image="{&quot;url&quot;:&quot;https://www.continente.pt/dw/image/v2/BDVS_PRD/on/demandware.static/-/Sites-col-master-catalog/default/dw234ae5c9/images/col/360/3606266-cima.jpg?sw=87&amp;sh=80&quot;,&quot;fallbackimage&quot;:{&quot;url&quot;:&quot;https://www.continente.pt/dw/image/v2/BDVS_PRD/on/demandware.static/Sites-continente-Site/-/default/dw7c42b4da/images/noimagelarge_product.png?sw=87&amp;sh=80&quot;,&quot;title&quot;:&quot;Salada Ibéria&quot;,&quot;alt&quot;:&quot;Salada Ibéria&quot;},&quot;title&quot;:&quot;Salada Ibéria&quot;,&quot;alt&quot;:&quot;Salada Ibéria&quot;}"></div>
                    <div class="ct-tile-quantity-update quantity-update product-qty-vue" data-remove-action="https://www.continente.pt/on/demandware.store/Sites-continente-Site/default/Cart-RemoveProductLineItem" data-action="https://www.continente.pt/on/demandware.store/Sites-continente-Site/default/Cart-UpdateQuantity" data-dimension-update="https://www.continente.pt/on/demandware.store/Sites-continente-Site/default/Cart-DimensionUpdate" data-pid="3606266" data-uuid="12240c4e4b2e092dd8e4bb12a9" data-add-delay="500.0" data-measure-options="{&quot;hasConversionRate&quot;:false,&quot;hasAlternativeSaleUnit&quot;:false,&quot;unitConversionRate&quot;:0,&quot;minOrderQuantity&quot;:1,&quot;stepQuantity&quot;:1,&quot;primaryunit&quot;:&quot;un&quot;,&quot;secondaryunit&quot;:&quot;kg&quot;,&quot;selectedunit&quot;:&quot;primary&quot;,&quot;maxNumberOfUnitsPerSale&quot;:50}" data-price-available="null" :data-has-error="isMaxQtyReached || isMinQtyReached || qtySelectedMoreThanOne">
                    <template v-show="prodUnits">
                    <div class="quantity-input-wrapper has-units">
                    <label class="visually-hidden" :for="'quantity-' + pid + additionalTag">
                    Quantidade no carrinho
                    </label>
                    <input :ref="'quantityInput-' + pid + additionalTag" class="add-to-cart-quantity form-control ct-form-input text-center" inputmode="numeric" :class="{'is-invalid': isInvalid}" :data-pid="pid + additionalTag" :name="'quantity-' + pid + additionalTag" type="text" aria-label="Insira a quantidade" title="" v-model="displayValue" @change="updateQuantity" @focus="updateQtyFormat" @blur="restoreQtyFormat" :disabled="!isPriceAvailable">
                    <span class="quantity-icon quantity-icon--minus">
                    <button class="decrease-quantity-btn" @click="updateQuantity" :disabled="!isPriceAvailable" role="button" aria-label="Reduzir quantidade">
                    <i class="css-math-minus"></i>
                    </button>
                    </span>
                    <span class="quantity-icon quantity-icon--plus">
                    <button class="increase-quantity-btn" @click="updateQuantity" :disabled="isMaxQtyReached || !isPriceAvailable" role="button" aria-label="Aumentar quantidade">
                    <i class="css-math-plus"></i>
                    </button>
                    <span class="quantity-btn-disabled-placeholder"></span>
                    </span>
                    <template v-if="isPDP">
                    <span class="quantity-error ct-span-error text-sm-center product-max-allocation" v-if="isMaxQtyReached">
                    Quantidade máxima atingida
                    </span>
                    <span class="quantity-error ct-span-product text-sm-center product-allocation" v-if="!isMinQtyReached &amp;&amp; !isMaxQtyReached">
                    {{quantitySelected}} no carrinho
                    </span>
                    <span class="quantity-error ct-span-error text-sm-center product-min-allocation" :data-pid="pid" v-if="isMinQtyReached &amp;&amp; !isMaxQtyReached">
                    Quantidade mínima atingida
                    </span>
                    </template>
                    </div>
                    <template v-if="showNotes">
                    <div class="add-note-link-container ">
                    <div class="add-note">
                    <a href="/produto/salada-iberia-continente-3606266.html?showNote=true" class="ct-add-note-redirect-pdp" aria-label="Adicionar comentário">
                    <span class="svg-wrapper svg-icon-notes" style="width:19px; height:20px">
                    <svg class="svg-inline icon-notes" viewBox="0 0 28 30" xmlns="http://www.w3.org/2000/svg" width="100%" height="100%"><path d="M21.738 0C22.985 0 24 1.04 24 2.319V12.47c0 .469-.37.848-.828.848-.457 0-.827-.38-.827-.848V2.32c0-.343-.273-.622-.607-.622H2.262c-.334 0-.607.279-.607.622V27.68c0 .343.273.622.607.622h7.81c.457 0 .827.38.827.849 0 .468-.37.848-.827.848h-7.81C1.015 30 0 28.96 0 27.681V2.32C0 1.04 1.015 0 2.262 0h19.476zm2.844 16.004l.227.007c.823.053 1.589.39 2.176.964.64.627.993 1.46.993 2.349 0 .888-.353 1.722-.993 2.348l-6.83 6.665c-.11.108-.247.186-.397.226l-5.032 1.363c-.078.021-.16.032-.241.032-.242 0-.478-.097-.647-.266-.23-.231-.314-.566-.218-.874l1.49-4.798c.044-.139.122-.266.227-.369l6.844-6.677c.64-.625 1.493-.97 2.401-.97zm-2.886 3.94l-4.922 4.802-.947 3.048 3.22-.872 4.897-4.78-2.248-2.197zm2.887-2.174c-.425 0-.824.162-1.124.455l-.484.472 2.248 2.197.484-.472c.62-.606.62-1.591 0-2.197l-.117-.104c-.283-.227-.636-.35-1.007-.35zm-10.839.022c.498 0 .904.396.904.883 0 .488-.406.884-.904.884H5.946c-.499 0-.904-.396-.904-.884 0-.487.405-.883.904-.883zm5.042-4.876c.498 0 .904.397.904.884s-.406.884-.904.884H5.946c-.499 0-.904-.397-.904-.884s.405-.884.904-.884zm0-4.875c.498 0 .904.396.904.884 0 .487-.406.883-.904.883H5.946c-.499 0-.904-.396-.904-.883 0-.488.405-.884.904-.884z" fill="#EB0203" fill-rule="evenodd"></path></svg>
                    </span>
                    <div class="available-note d-none"></div>
                    </a>
                    </div>
                    </div>
                    </template>
                    <div class="measurement-unit-section" v-if="isPriceAvailable &amp;&amp; prodUnits ? prodUnits.hasAlternativeUnit : false">
                    <div class="ct-form-radio" @click="setDimension">
                    <input type="radio" title="" class="ct-form-check-input product-measurement-unit" :data-type="prodUnits.selectedUnit == prodUnits.secondaryUnit ? 'primary' : ''" :id="prodUnits.secondaryUnit + '-' + pid + '-measurement-unit-ptile' + additionalTag" :name="'measurement-unit-' + pid + '-ptile' + additionalTag" :value="prodUnits.secondaryUnit" v-model="prodUnits.selectedUnit">
                    <label :class="prodUnits.secondaryUnit + '-label ct-form-check-label mb-0'" :for="prodUnits.secondaryUnit + '-' + pid + '-measurement-unit-ptile' + additionalTag">
                    {{prodUnits.secondaryUnit}}
                    </label>
                    <span class="checkmark"></span>
                    </div>
                    <div class="ct-form-radio" @click="setDimension">
                    <input type="radio" title="" class="ct-form-check-input product-measurement-unit" :data-type="prodUnits.selectedUnit == prodUnits.primaryUnit ? 'primary' : ''" :id="prodUnits.primaryUnit + '-' + pid + '-measurement-unit-ptile' + additionalTag" :name="'measurement-unit-' + pid + '-ptile' + additionalTag" :value="prodUnits.primaryUnit" v-model="prodUnits.selectedUnit">
                    <label :class="prodUnits.primaryUnit + '-label ct-form-check-label mb-0'" :for="prodUnits.primaryUnit + '-' + pid + '-measurement-unit-ptile' + additionalTag">
                    {{prodUnits.primaryUnit}}
                    </label>
                    <span class="checkmark"></span>
                    </div>
                    </div>
                    <template v-if="!isPDP &amp;&amp; isPriceAvailable">
                    <span class="quantity-error ct-span-error product-max-allocation" v-if="isMaxQtyReached">
                    Quantidade máxima atingida
                    </span>
                    <span class="quantity-error ct-span-product product-allocation" v-if="!isMinQtyReached &amp;&amp; !isMaxQtyReached">
                    {{quantitySelected}} no carrinho
                    </span>
                    <span class="quantity-error ct-span-error product-min-allocation" :data-pid="pid" v-if="isMinQtyReached &amp;&amp; !isMaxQtyReached">
                    Quantidade mínima atingida
                    </span>
                    </template>
                    </template>
                    </div>
                    <input class="quantity-value-mask d-none" name="quantity" type="number" min="0" value="">
                    </div>
                    <button type="button" class="add-to-cart button js-add-to-cart js-add-to-cart-tile 3606266 button--primary dynamic-layout-btn" data-toggle="modal" data-target="#chooseBonusProductModal" data-pid="3606266" data-quantity-value="null" aria-label="Carrinho">
                    <span class="d-block d-sm-none">
                    <span class="svg-wrapper svg-icon-cart" style="width:20px; height:20px">
                    <svg class="svg-inline icon-cart" xmlns="http://www.w3.org/2000/svg" viewBox="0 0 500 500" width="100%" height="100%"><path fill="#EB0203" fill-rule="evenodd" d="M 485.67317,94.386311 C 476.37798,83.847129 463.09468,78.03348 448.30404,78.03348 H 90.690813 L 87.079511,51.327997 C 83.185582,22.539551 62.962285,0 41.011841,0 H 14.727836 C 6.563151,0 0,6.5286975 0,14.580758 c 0,8.05206 6.5945535,14.580758 14.727836,14.580758 h 26.284005 c 4.710398,0 14.696435,9.855222 16.894619,26.021523 L 100.01739,368.0631 c 1.88416,13.77244 9.01256,26.70549 20.1605,36.37417 8.25889,7.15046 18.02511,11.9071 28.26237,13.89679 -4.17655,7.58572 -6.53175,16.25957 -6.53175,25.493 0,29.53459 24.27424,53.59751 54.13815,53.59751 29.8325,0 54.13814,-24.03184 54.13814,-53.59751 0,-8.79818 -2.19818,-17.09897 -5.9979,-24.43598 h 77.12488 c -3.79973,7.33701 -5.96652,15.6378 -5.96652,24.43598 0,29.53459 24.27424,53.59751 54.13817,53.59751 29.83249,0 54.13814,-24.03184 54.13814,-53.59751 0,-8.79818 -2.1982,-17.09897 -5.9979,-24.43598 h 38.56243 c 8.13328,0 14.72783,-6.5287 14.72783,-14.61183 0,-8.02098 -6.59455,-14.54967 -14.72783,-14.54967 H 159.24277 c -14.38241,0 -28.13677,-11.90711 -30.02092,-26.02153 l -3.07746,-22.88154 h 290.6314 c 14.03698,0 27.94834,-5.28513 39.06488,-14.95381 11.11652,-9.6376 18.27632,-22.57065 20.16048,-36.37417 l 21.10259,-156.78201 c 1.94694,-14.51858 -2.10398,-28.29103 -11.43057,-38.861299 z M 220.76053,443.82706 c 0,13.49265 -11.08513,24.46709 -24.68247,24.46709 -13.62874,0 -24.71387,-10.97444 -24.71387,-24.46709 0,-13.49262 11.08513,-24.43598 24.71387,-24.43598 13.59734,0 24.68247,10.94336 24.68247,24.43598 z m 173.43675,0 c 0,13.49265 -11.08512,24.46709 -24.68245,24.46709 -13.62876,0 -24.71388,-10.97444 -24.71388,-24.46709 0,-13.49262 11.08512,-24.43598 24.71388,-24.43598 13.59733,0 24.68245,10.94336 24.68245,24.43598 z m 73.7648,-314.46558 -21.13397,156.782 c -1.88416,14.11442 -15.63851,26.05261 -30.02091,26.05261 H 122.25046 L 94.616142,107.19499 H 448.33544 c 6.18632,0 11.61896,2.2695 15.23028,6.37326 3.64269,4.13484 5.21283,9.73086 4.39636,15.79323 z"></path></svg>
                    </span>
                    </span>
                    <span class="add-to-cart--text d-none d-sm-block">Carrinho</span>
                    </button>
                    </div>
                    </div>
                    </div>
                    </div>
                    
                    <div class="col-12 d-sm-none">
                    </div>
                    </div>
                    </div>
                    </div>
                    </div>
                    <div class="col-12 col-sm-3 col-lg-2 productTile" data-idx="15">
                    
                    <script type="text/javascript">//<!--
                    /* <![CDATA[ */
                    (function(){
                    try {
                        if(window.CQuotient) {
                        var cq_params = {};
                        
                        cq_params.cookieId = window.CQuotient.getCQCookieId();
                        cq_params.userId = window.CQuotient.getCQUserId();
                        cq_params.emailId = CQuotient.getCQHashedEmail();
                        cq_params.loginId = CQuotient.getCQHashedLogin();
                        cq_params.accumulate = true;
                        cq_params.products = [{
                            id: '5469856',
                            sku: ''
                        }];
                        cq_params.categoryId = 'refeicoes-faceis';
                        cq_params.refinements = '[{\"name\":\"priceMin\",\"value\":\"0.01\"},{\"name\":\"priceMax\",\"value\":\"null\"},{\"name\":\"curr\",\"value\":\"EUR\"},{\"name\":\"Category\",\"value\":\"refeicoes-faceis\"}]';
                        cq_params.personalized = 'false';
                        cq_params.sortingRule = 'FRESH-Refei\u00E7\u00F5es F\u00E1ceis';
                        cq_params.imageUUID = '__UNDEFINED__';
                        cq_params.realm = "BDVS";
                        cq_params.siteId = "continente";
                        cq_params.instanceType = "prd";
                        cq_params.queryLocale = "default";
                        cq_params.locale = window.CQuotient.locale;
                        
                        if(window.CQuotient.sendActivity)
                            window.CQuotient.sendActivity(CQuotient.clientId, 'viewCategory', cq_params);
                        else
                            window.CQuotient.activities.push({
                                activityType: 'viewCategory',
                                parameters: cq_params
                            });
                      }
                    } catch(err) {}
                    })();
                    /* ]]> */
                    // -->
                    </script>
                    <script type="text/javascript">//<!--
                    /* <![CDATA[ (viewCategoryProduct-active_data.js) */
                    (function(){
                    try {
                        if (dw.ac) {
                            var search_params = {};
                            search_params.persd = 'false';
                            search_params.refs = '[{\"name\":\"priceMin\",\"value\":\"0.01\"},{\"name\":\"priceMax\",\"value\":\"null\"},{\"name\":\"curr\",\"value\":\"EUR\"},{\"name\":\"Category\",\"value\":\"refeicoes-faceis\"}]';
                            search_params.sort = 'FRESH-Refei\u00E7\u00F5es F\u00E1ceis';
                            search_params.imageUUID = '';
                            search_params.searchID = 'adc2ebee-ded6-4d71-a833-c4f63de27d3e';
                            search_params.locale = 'default';
                            search_params.queryLocale = 'default';
                            search_params.showProducts = 'true';
                            dw.ac.applyContext({category: "refeicoes-faceis", searchData: search_params});
                            if (typeof dw.ac._scheduleDataSubmission === "function") {
                                dw.ac._scheduleDataSubmission();
                            }
                        }
                    } catch(err) {}
                    })();
                    /* ]]> */
                    // -->
                    </script>
                    <script type="text/javascript">//<!--
                    /* <![CDATA[ (viewProduct-active_data.js) */
                    dw.ac._capture({id: "5469856", type: "searchhit"});
                    /* ]]> */
                    // -->
                    </script>
                    <div class="product" data-pid="5469856">
                    <div class="product-tile pid-5469856 ct-product-tile data-layer-pushed" data-delay-time="3000" data-variants-mapping="[]" data-in-cart-msg="no carrinho" data-one-product-added="Adicionado ao carrinho" data-remove-from-cart-msg="Removido do carrinho" data-stay-open="6000.0" data-product-tile-impression="{&quot;name&quot;:&quot;5469856&quot;,&quot;id&quot;:&quot;5469856&quot;,&quot;price&quot;:1.29,&quot;brand&quot;:&quot;Continente Fácil &amp; Bom&quot;,&quot;category&quot;:[{&quot;category_level_1&quot;:&quot;Take-Away&quot;},{&quot;category_level_2&quot;:&quot;Sopas&quot;},{&quot;category_level_3&quot;:&quot;Tradicionais&quot;}],&quot;variant&quot;:&quot;&quot;}">
                    <div class="ct-inner-tile-wrap row no-gutters justify-content-center align-content-start">
                    
                    <div class="ct-image-container col-4 col-sm" data-confirmation-image="{&quot;url&quot;:&quot;https://www.continente.pt/dw/image/v2/BDVS_PRD/on/demandware.static/-/Sites-col-master-catalog/default/dwb3694437/images/col/546/5469856-frente.jpg?sw=87&amp;sh=80&quot;,&quot;fallbackimage&quot;:{&quot;url&quot;:&quot;https://www.continente.pt/dw/image/v2/BDVS_PRD/on/demandware.static/Sites-continente-Site/-/default/dw7c42b4da/images/noimagelarge_product.png?sw=87&amp;sh=80&quot;,&quot;title&quot;:&quot;Sopa de Grão com Espinafres&quot;,&quot;alt&quot;:&quot;Sopa de Grão com Espinafres&quot;},&quot;title&quot;:&quot;Sopa de Grão com Espinafres&quot;,&quot;alt&quot;:&quot;Sopa de Grão com Espinafres&quot;}">
                    <a href="https://www.continente.pt/produto/sopa-de-grao-com-espinafres-continente-facil-bom-5469856.html?cgid=refeicoes-faceis">
                    <picture class="intrinsic intrinsic--square">
                    <img class="ct-tile-image lazyloaded" loading="lazy" onerror="this.onerror=null;this.src='/on/demandware.static/Sites-continente-Site/-/default/dw7c42b4da/images/noimagelarge_product.png';" data-src="https://www.continente.pt/dw/image/v2/BDVS_PRD/on/demandware.static/-/Sites-col-master-catalog/default/dwb3694437/images/col/546/5469856-frente.jpg?sw=280&amp;sh=280" alt="Sopa de Grão com Espinafres" title="Sopa de Grão com Espinafres" src="https://www.continente.pt/dw/image/v2/BDVS_PRD/on/demandware.static/-/Sites-col-master-catalog/default/dwb3694437/images/col/546/5469856-frente.jpg?sw=280&amp;sh=280">
                    </picture>
                    </a>
                    <div class="color-swatches d-flex" style="margin-left: 5px;">
                    <div class="swatches d-flex">
                    </div>
                    </div>
                    </div>
                    <div class="ct-tile-body col col-sm-auto ">
                    <div class="ct-pdp-details">
                    <div class="ct-pdp-link">
                    <a class="ct-tile--description" href="https://www.continente.pt/produto/sopa-de-grao-com-espinafres-continente-facil-bom-5469856.html?cgid=refeicoes-faceis">Sopa de Grão com Espinafres</a>
                    <div class="ct-tile--favorite-top d-sm-none">
                    <button class="wishlist-toggler guest-mode inactive button button--tertiary" data-pid="5469856" data-add-url="https://www.continente.pt/on/demandware.store/Sites-continente-Site/default/Wishlist-AddProduct?pid=5469856" data-toggle="tooltip" aria-label="Adicionar aos favoritos " data-original-title="Adicionar aos favoritos" data-placement="top">
                    <svg class="active-content" width="100%" height="100%" viewBox="0 0 20 22" fill="none" xmlns="http://www.w3.org/2000/svg">
                    <path fill-rule="evenodd" clip-rule="evenodd" d="M0 1.53052C0 0.685236 0.692171 0 1.54601 0H15.0736C15.9274 0 16.6196 0.685235 16.6196 1.53052V13.4064L15.8127 13.922L14.2658 14.2658L12.7189 13.4064L10.6054 14.3818C10.4994 14.2451 10.3327 14.157 10.1452 14.157H6.76329C6.4431 14.157 6.18354 14.414 6.18354 14.731C6.18354 15.0479 6.4431 15.3049 6.76329 15.3049H10.1452C10.2478 15.3049 10.3441 15.2785 10.4277 15.2322L10.3126 16.8439L13.2345 20.2793H1.54601C0.69217 20.2793 0 19.5941 0 18.7488V1.53052ZM6.18354 5.5483C6.18354 5.23132 6.4431 4.97436 6.76329 4.97436H12.3676C12.6878 4.97436 12.9473 5.23132 12.9473 5.5483C12.9473 5.86528 12.6878 6.12224 12.3676 6.12224H6.76329C6.4431 6.12224 6.18354 5.86528 6.18354 5.5483ZM6.76329 11.0961C6.4431 11.0961 6.18354 11.3531 6.18354 11.6701C6.18354 11.987 6.4431 12.244 6.76329 12.244H12.3676C12.6878 12.244 12.9473 11.987 12.9473 11.6701C12.9473 11.3531 12.6878 11.0961 12.3676 11.0961H6.76329ZM6.18354 8.60985C6.18354 8.29287 6.4431 8.03591 6.76329 8.03591H12.3676C12.6878 8.03591 12.9473 8.29287 12.9473 8.60985C12.9473 8.92684 12.6878 9.1838 12.3676 9.1838H6.76329C6.4431 9.1838 6.18354 8.92684 6.18354 8.60985ZM3.67118 5.5483C3.67118 5.23132 3.93075 4.97436 4.25093 4.97436H4.63743C4.95762 4.97436 5.21719 5.23132 5.21719 5.5483C5.21719 5.86528 4.95762 6.12224 4.63743 6.12224H4.25093C3.93075 6.12224 3.67118 5.86528 3.67118 5.5483ZM4.25093 11.0961C3.93075 11.0961 3.67118 11.3531 3.67118 11.6701C3.67118 11.987 3.93075 12.244 4.25093 12.244H4.63743C4.95762 12.244 5.21719 11.987 5.21719 11.6701C5.21719 11.3531 4.95762 11.0961 4.63743 11.0961H4.25093ZM3.67118 8.60985C3.67118 8.29287 3.93075 8.03591 4.25093 8.03591H4.63743C4.95762 8.03591 5.21719 8.29287 5.21719 8.60985C5.21719 8.92684 4.95762 9.1838 4.63743 9.1838H4.25093C3.93075 9.1838 3.67118 8.92684 3.67118 8.60985ZM4.25093 14.157C3.93075 14.157 3.67118 14.414 3.67118 14.731C3.67118 15.0479 3.93075 15.3049 4.25093 15.3049H4.63743C4.95762 15.3049 5.21719 15.0479 5.21719 14.731C5.21719 14.414 4.95762 14.157 4.63743 14.157H4.25093Z" fill="#EB0203"></path>
                    <path fill-rule="evenodd" clip-rule="evenodd" d="M14.6252 13.6363C13.4918 12.6215 11.7817 12.5264 10.6569 13.4792C9.12421 14.7764 9.34841 16.8912 10.4409 18.0122L14.0159 21.6742C14.2197 21.8832 14.4928 22 14.7822 22C15.0737 22 15.3448 21.8852 15.5486 21.6762L19.1236 18.0142C20.214 16.8933 20.4423 14.7785 18.9075 13.4792C17.7827 12.5283 16.0724 12.6217 14.9391 13.6365C14.8855 13.6845 14.8331 13.7345 14.7822 13.7866C14.7313 13.7345 14.6789 13.6843 14.6252 13.6363ZM18.1546 14.3522C19.0973 15.1508 18.9962 16.4896 18.2891 17.2173C18.2888 17.2175 18.2886 17.2177 18.2884 17.218L14.7832 20.8084L11.2753 17.2151C11.2752 17.215 11.2751 17.2149 11.2749 17.2148C10.5677 16.4887 10.4678 15.1495 11.4104 14.3518L11.4108 14.3514C12.0745 13.7892 13.2018 13.82 13.9488 14.5846L14.7822 15.4378L15.6157 14.5846C16.3617 13.8211 17.4896 13.79 18.1545 14.3521" fill="#EB0203"></path>
                    </svg>
                    <svg class="inactive-content" width="100%" height="100%" viewBox="0 0 20 23" fill="none" xmlns="http://www.w3.org/2000/svg">
                    <path fill-rule="evenodd" clip-rule="evenodd" d="M6.18408 5.77914C6.18408 5.46223 6.44363 5.20532 6.7638 5.20532H12.3678C12.6879 5.20532 12.9475 5.46223 12.9475 5.77914C12.9475 6.09606 12.6879 6.35297 12.3678 6.35297H6.7638C6.44363 6.35297 6.18408 6.09606 6.18408 5.77914Z" fill="#EB0203"></path>
                    <path fill-rule="evenodd" clip-rule="evenodd" d="M6.18408 11.9034C6.18408 11.5865 6.44363 11.3296 6.7638 11.3296H12.3678C12.6879 11.3296 12.9475 11.5865 12.9475 11.9034C12.9475 12.2202 12.6879 12.4771 12.3678 12.4771H6.7638C6.44363 12.4771 6.18408 12.2202 6.18408 11.9034Z" fill="#EB0203"></path>
                    <path fill-rule="evenodd" clip-rule="evenodd" d="M6.18408 8.84116C6.18408 8.52424 6.44363 8.26733 6.7638 8.26733H12.3678C12.6879 8.26733 12.9475 8.52424 12.9475 8.84116C12.9475 9.15807 12.6879 9.41498 12.3678 9.41498H6.7638C6.44363 9.41498 6.18408 9.15807 6.18408 8.84116Z" fill="#EB0203"></path>
                    <path fill-rule="evenodd" clip-rule="evenodd" d="M6.18408 14.9655C6.18408 14.6486 6.44363 14.3917 6.7638 14.3917H10.1455C10.4657 14.3917 10.7252 14.6486 10.7252 14.9655C10.7252 15.2825 10.4657 15.5394 10.1455 15.5394H6.7638C6.44363 15.5394 6.18408 15.2825 6.18408 14.9655Z" fill="#EB0203"></path>
                    <path fill-rule="evenodd" clip-rule="evenodd" d="M3.67139 5.77914C3.67139 5.46223 3.93094 5.20532 4.25111 5.20532H4.63759C4.95776 5.20532 5.21731 5.46223 5.21731 5.77914C5.21731 6.09606 4.95776 6.35297 4.63759 6.35297H4.25111C3.93094 6.35297 3.67139 6.09606 3.67139 5.77914Z" fill="#EB0203"></path>
                    <path fill-rule="evenodd" clip-rule="evenodd" d="M3.67139 11.9034C3.67139 11.5865 3.93094 11.3296 4.25111 11.3296H4.63759C4.95776 11.3296 5.21731 11.5865 5.21731 11.9034C5.21731 12.2202 4.95776 12.4771 4.63759 12.4771H4.25111C3.93094 12.4771 3.67139 12.2202 3.67139 11.9034Z" fill="#EB0203"></path>
                    <path fill-rule="evenodd" clip-rule="evenodd" d="M3.67139 8.84116C3.67139 8.52424 3.93094 8.26733 4.25111 8.26733H4.63759C4.95776 8.26733 5.21731 8.52424 5.21731 8.84116C5.21731 9.15807 4.95776 9.41498 4.63759 9.41498H4.25111C3.93094 9.41498 3.67139 9.15807 3.67139 8.84116Z" fill="#EB0203"></path>
                    <path fill-rule="evenodd" clip-rule="evenodd" d="M3.67139 14.9655C3.67139 14.6486 3.93094 14.3917 4.25111 14.3917H4.63759C4.95776 14.3917 5.21731 14.6486 5.21731 14.9655C5.21731 15.2825 4.95776 15.5394 4.63759 15.5394H4.25111C3.93094 15.5394 3.67139 15.2825 3.67139 14.9655Z" fill="#EB0203"></path>
                    <path fill-rule="evenodd" clip-rule="evenodd" d="M0 1.76033C0 0.914738 0.692131 0.229248 1.54592 0.229248H15.0727C15.9265 0.229248 16.6186 0.914738 16.6186 1.76033V11.2818C16.6186 11.5989 16.3591 11.8559 16.0389 11.8559C15.7187 11.8559 15.4592 11.5989 15.4592 11.2818V1.76033C15.4592 1.54893 15.2862 1.37756 15.0727 1.37756H1.54592C1.33247 1.37756 1.15944 1.54893 1.15944 1.76033V18.985C1.15944 19.1964 1.33247 19.3678 1.54592 19.3678H9.27551C9.59568 19.3678 9.85523 19.6249 9.85523 19.942C9.85523 20.2591 9.59568 20.5161 9.27551 20.5161H1.54592C0.692131 20.5161 0 19.8306 0 18.985V1.76033Z" fill="#EB0203"></path>
                    <path fill-rule="evenodd" clip-rule="evenodd" d="M14.6254 13.8718C13.4921 12.8567 11.7821 12.7615 10.6574 13.7147C9.12472 15.0124 9.34891 17.128 10.4413 18.2493L14.0161 21.9126C14.2199 22.1217 14.493 22.2386 14.7824 22.2386C15.0739 22.2386 15.3449 22.1238 15.5487 21.9147L19.1235 18.2514C20.2139 17.13 20.4422 15.0144 18.9075 13.7147C17.7827 12.7634 16.0726 12.8569 14.9392 13.872C14.8856 13.92 14.8333 13.9701 14.7824 14.0222C14.7314 13.97 14.6791 13.9199 14.6254 13.8718ZM18.1546 14.588C19.0972 15.3869 18.9961 16.7262 18.2891 17.4541C18.2888 17.4543 18.2886 17.4546 18.2884 17.4548L14.7834 21.0466L11.2757 17.452C11.2756 17.4519 11.2755 17.4517 11.2753 17.4516C10.5681 16.7252 10.4682 15.3856 11.4108 14.5876L11.4112 14.5872C12.0748 14.0248 13.202 14.0556 13.949 14.8205L14.7824 15.674L15.6158 14.8205C16.3618 14.0567 17.4896 14.0256 18.1545 14.5879" fill="#EB0203"></path>
                    </svg>
                    </button>
                    </div>
                    </div>
                    <p class="ct-tile--brand">Continente Fácil &amp; Bom</p>
                    <p class="ct-tile--quantity">emb. 400 gr</p>
                    </div>
                    <div class="ct-tile-bottom row no-gutters justify-content-between">
                    <div class="ct-price-wrap col-8 col-sm-12">
                    <div class="price js-product-price">
                    <div class="prices-wrapper">
                    <span class="sales ct-tile--price-primary ">
                    <span class="value" content="1.29">
                    <span class="ct-price-formatted">
                    €1,29
                    </span>
                    <span class="ct-m-unit">
                    /un
                    </span>
                    </span>
                    </span>
                    </div>
                    <div class="ct-tile--price-secondary">
                    <span class="ct-price-value">
                    €3,23
                    </span>
                    <span class="ct-m-unit">
                    /kg
                    </span>
                    </div>
                    </div>
                    </div>
                    <div class="ct-tile-buy-section d-flex justify-content-center no-gutters col-auto col-sm-12">
                    <div class="col-2 d-sm-flex d-none">
                    <button class="wishlist-toggler guest-mode inactive button button--tertiary" data-pid="5469856" data-add-url="https://www.continente.pt/on/demandware.store/Sites-continente-Site/default/Wishlist-AddProduct?pid=5469856" data-toggle="tooltip" aria-label="Adicionar aos favoritos " data-original-title="Adicionar aos favoritos" data-placement="top">
                    <svg class="active-content" width="100%" height="100%" viewBox="0 0 20 22" fill="none" xmlns="http://www.w3.org/2000/svg">
                    <path fill-rule="evenodd" clip-rule="evenodd" d="M0 1.53052C0 0.685236 0.692171 0 1.54601 0H15.0736C15.9274 0 16.6196 0.685235 16.6196 1.53052V13.4064L15.8127 13.922L14.2658 14.2658L12.7189 13.4064L10.6054 14.3818C10.4994 14.2451 10.3327 14.157 10.1452 14.157H6.76329C6.4431 14.157 6.18354 14.414 6.18354 14.731C6.18354 15.0479 6.4431 15.3049 6.76329 15.3049H10.1452C10.2478 15.3049 10.3441 15.2785 10.4277 15.2322L10.3126 16.8439L13.2345 20.2793H1.54601C0.69217 20.2793 0 19.5941 0 18.7488V1.53052ZM6.18354 5.5483C6.18354 5.23132 6.4431 4.97436 6.76329 4.97436H12.3676C12.6878 4.97436 12.9473 5.23132 12.9473 5.5483C12.9473 5.86528 12.6878 6.12224 12.3676 6.12224H6.76329C6.4431 6.12224 6.18354 5.86528 6.18354 5.5483ZM6.76329 11.0961C6.4431 11.0961 6.18354 11.3531 6.18354 11.6701C6.18354 11.987 6.4431 12.244 6.76329 12.244H12.3676C12.6878 12.244 12.9473 11.987 12.9473 11.6701C12.9473 11.3531 12.6878 11.0961 12.3676 11.0961H6.76329ZM6.18354 8.60985C6.18354 8.29287 6.4431 8.03591 6.76329 8.03591H12.3676C12.6878 8.03591 12.9473 8.29287 12.9473 8.60985C12.9473 8.92684 12.6878 9.1838 12.3676 9.1838H6.76329C6.4431 9.1838 6.18354 8.92684 6.18354 8.60985ZM3.67118 5.5483C3.67118 5.23132 3.93075 4.97436 4.25093 4.97436H4.63743C4.95762 4.97436 5.21719 5.23132 5.21719 5.5483C5.21719 5.86528 4.95762 6.12224 4.63743 6.12224H4.25093C3.93075 6.12224 3.67118 5.86528 3.67118 5.5483ZM4.25093 11.0961C3.93075 11.0961 3.67118 11.3531 3.67118 11.6701C3.67118 11.987 3.93075 12.244 4.25093 12.244H4.63743C4.95762 12.244 5.21719 11.987 5.21719 11.6701C5.21719 11.3531 4.95762 11.0961 4.63743 11.0961H4.25093ZM3.67118 8.60985C3.67118 8.29287 3.93075 8.03591 4.25093 8.03591H4.63743C4.95762 8.03591 5.21719 8.29287 5.21719 8.60985C5.21719 8.92684 4.95762 9.1838 4.63743 9.1838H4.25093C3.93075 9.1838 3.67118 8.92684 3.67118 8.60985ZM4.25093 14.157C3.93075 14.157 3.67118 14.414 3.67118 14.731C3.67118 15.0479 3.93075 15.3049 4.25093 15.3049H4.63743C4.95762 15.3049 5.21719 15.0479 5.21719 14.731C5.21719 14.414 4.95762 14.157 4.63743 14.157H4.25093Z" fill="#EB0203"></path>
                    <path fill-rule="evenodd" clip-rule="evenodd" d="M14.6252 13.6363C13.4918 12.6215 11.7817 12.5264 10.6569 13.4792C9.12421 14.7764 9.34841 16.8912 10.4409 18.0122L14.0159 21.6742C14.2197 21.8832 14.4928 22 14.7822 22C15.0737 22 15.3448 21.8852 15.5486 21.6762L19.1236 18.0142C20.214 16.8933 20.4423 14.7785 18.9075 13.4792C17.7827 12.5283 16.0724 12.6217 14.9391 13.6365C14.8855 13.6845 14.8331 13.7345 14.7822 13.7866C14.7313 13.7345 14.6789 13.6843 14.6252 13.6363ZM18.1546 14.3522C19.0973 15.1508 18.9962 16.4896 18.2891 17.2173C18.2888 17.2175 18.2886 17.2177 18.2884 17.218L14.7832 20.8084L11.2753 17.2151C11.2752 17.215 11.2751 17.2149 11.2749 17.2148C10.5677 16.4887 10.4678 15.1495 11.4104 14.3518L11.4108 14.3514C12.0745 13.7892 13.2018 13.82 13.9488 14.5846L14.7822 15.4378L15.6157 14.5846C16.3617 13.8211 17.4896 13.79 18.1545 14.3521" fill="#EB0203"></path>
                    </svg>
                    <svg class="inactive-content" width="100%" height="100%" viewBox="0 0 20 23" fill="none" xmlns="http://www.w3.org/2000/svg">
                    <path fill-rule="evenodd" clip-rule="evenodd" d="M6.18408 5.77914C6.18408 5.46223 6.44363 5.20532 6.7638 5.20532H12.3678C12.6879 5.20532 12.9475 5.46223 12.9475 5.77914C12.9475 6.09606 12.6879 6.35297 12.3678 6.35297H6.7638C6.44363 6.35297 6.18408 6.09606 6.18408 5.77914Z" fill="#EB0203"></path>
                    <path fill-rule="evenodd" clip-rule="evenodd" d="M6.18408 11.9034C6.18408 11.5865 6.44363 11.3296 6.7638 11.3296H12.3678C12.6879 11.3296 12.9475 11.5865 12.9475 11.9034C12.9475 12.2202 12.6879 12.4771 12.3678 12.4771H6.7638C6.44363 12.4771 6.18408 12.2202 6.18408 11.9034Z" fill="#EB0203"></path>
                    <path fill-rule="evenodd" clip-rule="evenodd" d="M6.18408 8.84116C6.18408 8.52424 6.44363 8.26733 6.7638 8.26733H12.3678C12.6879 8.26733 12.9475 8.52424 12.9475 8.84116C12.9475 9.15807 12.6879 9.41498 12.3678 9.41498H6.7638C6.44363 9.41498 6.18408 9.15807 6.18408 8.84116Z" fill="#EB0203"></path>
                    <path fill-rule="evenodd" clip-rule="evenodd" d="M6.18408 14.9655C6.18408 14.6486 6.44363 14.3917 6.7638 14.3917H10.1455C10.4657 14.3917 10.7252 14.6486 10.7252 14.9655C10.7252 15.2825 10.4657 15.5394 10.1455 15.5394H6.7638C6.44363 15.5394 6.18408 15.2825 6.18408 14.9655Z" fill="#EB0203"></path>
                    <path fill-rule="evenodd" clip-rule="evenodd" d="M3.67139 5.77914C3.67139 5.46223 3.93094 5.20532 4.25111 5.20532H4.63759C4.95776 5.20532 5.21731 5.46223 5.21731 5.77914C5.21731 6.09606 4.95776 6.35297 4.63759 6.35297H4.25111C3.93094 6.35297 3.67139 6.09606 3.67139 5.77914Z" fill="#EB0203"></path>
                    <path fill-rule="evenodd" clip-rule="evenodd" d="M3.67139 11.9034C3.67139 11.5865 3.93094 11.3296 4.25111 11.3296H4.63759C4.95776 11.3296 5.21731 11.5865 5.21731 11.9034C5.21731 12.2202 4.95776 12.4771 4.63759 12.4771H4.25111C3.93094 12.4771 3.67139 12.2202 3.67139 11.9034Z" fill="#EB0203"></path>
                    <path fill-rule="evenodd" clip-rule="evenodd" d="M3.67139 8.84116C3.67139 8.52424 3.93094 8.26733 4.25111 8.26733H4.63759C4.95776 8.26733 5.21731 8.52424 5.21731 8.84116C5.21731 9.15807 4.95776 9.41498 4.63759 9.41498H4.25111C3.93094 9.41498 3.67139 9.15807 3.67139 8.84116Z" fill="#EB0203"></path>
                    <path fill-rule="evenodd" clip-rule="evenodd" d="M3.67139 14.9655C3.67139 14.6486 3.93094 14.3917 4.25111 14.3917H4.63759C4.95776 14.3917 5.21731 14.6486 5.21731 14.9655C5.21731 15.2825 4.95776 15.5394 4.63759 15.5394H4.25111C3.93094 15.5394 3.67139 15.2825 3.67139 14.9655Z" fill="#EB0203"></path>
                    <path fill-rule="evenodd" clip-rule="evenodd" d="M0 1.76033C0 0.914738 0.692131 0.229248 1.54592 0.229248H15.0727C15.9265 0.229248 16.6186 0.914738 16.6186 1.76033V11.2818C16.6186 11.5989 16.3591 11.8559 16.0389 11.8559C15.7187 11.8559 15.4592 11.5989 15.4592 11.2818V1.76033C15.4592 1.54893 15.2862 1.37756 15.0727 1.37756H1.54592C1.33247 1.37756 1.15944 1.54893 1.15944 1.76033V18.985C1.15944 19.1964 1.33247 19.3678 1.54592 19.3678H9.27551C9.59568 19.3678 9.85523 19.6249 9.85523 19.942C9.85523 20.2591 9.59568 20.5161 9.27551 20.5161H1.54592C0.692131 20.5161 0 19.8306 0 18.985V1.76033Z" fill="#EB0203"></path>
                    <path fill-rule="evenodd" clip-rule="evenodd" d="M14.6254 13.8718C13.4921 12.8567 11.7821 12.7615 10.6574 13.7147C9.12472 15.0124 9.34891 17.128 10.4413 18.2493L14.0161 21.9126C14.2199 22.1217 14.493 22.2386 14.7824 22.2386C15.0739 22.2386 15.3449 22.1238 15.5487 21.9147L19.1235 18.2514C20.2139 17.13 20.4422 15.0144 18.9075 13.7147C17.7827 12.7634 16.0726 12.8569 14.9392 13.872C14.8856 13.92 14.8333 13.9701 14.7824 14.0222C14.7314 13.97 14.6791 13.9199 14.6254 13.8718ZM18.1546 14.588C19.0972 15.3869 18.9961 16.7262 18.2891 17.4541C18.2888 17.4543 18.2886 17.4546 18.2884 17.4548L14.7834 21.0466L11.2757 17.452C11.2756 17.4519 11.2755 17.4517 11.2753 17.4516C10.5681 16.7252 10.4682 15.3856 11.4108 14.5876L11.4112 14.5872C12.0748 14.0248 13.202 14.0556 13.949 14.8205L14.7824 15.674L15.6158 14.8205C16.3618 14.0567 17.4896 14.0256 18.1545 14.5879" fill="#EB0203"></path>
                    </svg>
                    </button>
                    </div>
                    <div class="col-sm-10 col-12">
                    <div class="ct-tile-quantity d-none" data-pid="5469856">
                    <input type="hidden" class="add-to-cart-url" value="https://www.continente.pt/on/demandware.store/Sites-continente-Site/default/Cart-AddProduct">
                    <div class="d-none tile-delete-confirmation-btn" data-pid="5469856" data-delay-time="3000" data-in-cart-msg="no carrinho" data-one-product-added="Adicionado ao carrinho" data-remove-from-cart-msg="Removido do carrinho" data-stay-open="6000.0" data-confirmation-image="{&quot;url&quot;:&quot;https://www.continente.pt/dw/image/v2/BDVS_PRD/on/demandware.static/-/Sites-col-master-catalog/default/dwb3694437/images/col/546/5469856-frente.jpg?sw=87&amp;sh=80&quot;,&quot;fallbackimage&quot;:{&quot;url&quot;:&quot;https://www.continente.pt/dw/image/v2/BDVS_PRD/on/demandware.static/Sites-continente-Site/-/default/dw7c42b4da/images/noimagelarge_product.png?sw=87&amp;sh=80&quot;,&quot;title&quot;:&quot;Sopa de Grão com Espinafres&quot;,&quot;alt&quot;:&quot;Sopa de Grão com Espinafres&quot;},&quot;title&quot;:&quot;Sopa de Grão com Espinafres&quot;,&quot;alt&quot;:&quot;Sopa de Grão com Espinafres&quot;}"></div>
                    <div class="ct-tile-quantity-update quantity-update product-qty-vue" data-remove-action="https://www.continente.pt/on/demandware.store/Sites-continente-Site/default/Cart-RemoveProductLineItem" data-action="https://www.continente.pt/on/demandware.store/Sites-continente-Site/default/Cart-UpdateQuantity" data-dimension-update="https://www.continente.pt/on/demandware.store/Sites-continente-Site/default/Cart-DimensionUpdate" data-pid="5469856" data-uuid="abce657b8b2cb05262a73b4646" data-add-delay="500.0" data-measure-options="{&quot;hasConversionRate&quot;:true,&quot;hasAlternativeSaleUnit&quot;:false,&quot;primaryToSecondary&quot;:1,&quot;secondaryToPrimary&quot;:1,&quot;unitConversionRate&quot;:1,&quot;minOrderQuantity&quot;:1,&quot;stepQuantity&quot;:1,&quot;primaryunit&quot;:&quot;un&quot;,&quot;secondaryunit&quot;:&quot;kg&quot;,&quot;selectedunit&quot;:&quot;primary&quot;,&quot;maxNumberOfUnitsPerSale&quot;:50}" data-price-available="null" :data-has-error="isMaxQtyReached || isMinQtyReached || qtySelectedMoreThanOne">
                    <template v-show="prodUnits">
                    <div class="quantity-input-wrapper has-units">
                    <label class="visually-hidden" :for="'quantity-' + pid + additionalTag">
                    Quantidade no carrinho
                    </label>
                    <input :ref="'quantityInput-' + pid + additionalTag" class="add-to-cart-quantity form-control ct-form-input text-center" inputmode="numeric" :class="{'is-invalid': isInvalid}" :data-pid="pid + additionalTag" :name="'quantity-' + pid + additionalTag" type="text" aria-label="Insira a quantidade" title="" v-model="displayValue" @change="updateQuantity" @focus="updateQtyFormat" @blur="restoreQtyFormat" :disabled="!isPriceAvailable">
                    <span class="quantity-icon quantity-icon--minus">
                    <button class="decrease-quantity-btn" @click="updateQuantity" :disabled="!isPriceAvailable" role="button" aria-label="Reduzir quantidade">
                    <i class="css-math-minus"></i>
                    </button>
                    </span>
                    <span class="quantity-icon quantity-icon--plus">
                    <button class="increase-quantity-btn" @click="updateQuantity" :disabled="isMaxQtyReached || !isPriceAvailable" role="button" aria-label="Aumentar quantidade">
                    <i class="css-math-plus"></i>
                    </button>
                    <span class="quantity-btn-disabled-placeholder"></span>
                    </span>
                    <template v-if="isPDP">
                    <span class="quantity-error ct-span-error text-sm-center product-max-allocation" v-if="isMaxQtyReached">
                    Quantidade máxima atingida
                     </span>
                    <span class="quantity-error ct-span-product text-sm-center product-allocation" v-if="!isMinQtyReached &amp;&amp; !isMaxQtyReached">
                    {{quantitySelected}} no carrinho
                    </span>
                    <span class="quantity-error ct-span-error text-sm-center product-min-allocation" :data-pid="pid" v-if="isMinQtyReached &amp;&amp; !isMaxQtyReached">
                    Quantidade mínima atingida
                    </span>
                    </template>
                    </div>
                    <template v-if="showNotes">
                    <div class="add-note-link-container ">
                    <div class="add-note">
                    <a href="/produto/sopa-de-grao-com-espinafres-continente-facil-bom-5469856.html?showNote=true" class="ct-add-note-redirect-pdp" aria-label="Adicionar comentário">
                    <span class="svg-wrapper svg-icon-notes" style="width:19px; height:20px">
                    <svg class="svg-inline icon-notes" viewBox="0 0 28 30" xmlns="http://www.w3.org/2000/svg" width="100%" height="100%"><path d="M21.738 0C22.985 0 24 1.04 24 2.319V12.47c0 .469-.37.848-.828.848-.457 0-.827-.38-.827-.848V2.32c0-.343-.273-.622-.607-.622H2.262c-.334 0-.607.279-.607.622V27.68c0 .343.273.622.607.622h7.81c.457 0 .827.38.827.849 0 .468-.37.848-.827.848h-7.81C1.015 30 0 28.96 0 27.681V2.32C0 1.04 1.015 0 2.262 0h19.476zm2.844 16.004l.227.007c.823.053 1.589.39 2.176.964.64.627.993 1.46.993 2.349 0 .888-.353 1.722-.993 2.348l-6.83 6.665c-.11.108-.247.186-.397.226l-5.032 1.363c-.078.021-.16.032-.241.032-.242 0-.478-.097-.647-.266-.23-.231-.314-.566-.218-.874l1.49-4.798c.044-.139.122-.266.227-.369l6.844-6.677c.64-.625 1.493-.97 2.401-.97zm-2.886 3.94l-4.922 4.802-.947 3.048 3.22-.872 4.897-4.78-2.248-2.197zm2.887-2.174c-.425 0-.824.162-1.124.455l-.484.472 2.248 2.197.484-.472c.62-.606.62-1.591 0-2.197l-.117-.104c-.283-.227-.636-.35-1.007-.35zm-10.839.022c.498 0 .904.396.904.883 0 .488-.406.884-.904.884H5.946c-.499 0-.904-.396-.904-.884 0-.487.405-.883.904-.883zm5.042-4.876c.498 0 .904.397.904.884s-.406.884-.904.884H5.946c-.499 0-.904-.397-.904-.884s.405-.884.904-.884zm0-4.875c.498 0 .904.396.904.884 0 .487-.406.883-.904.883H5.946c-.499 0-.904-.396-.904-.883 0-.488.405-.884.904-.884z" fill="#EB0203" fill-rule="evenodd"></path></svg>
                    </span>
                    <div class="available-note d-none"></div>
                    </a>
                    </div>
                    </div>
                    </template>
                    <div class="measurement-unit-section" v-if="isPriceAvailable &amp;&amp; prodUnits ? prodUnits.hasAlternativeUnit : false">
                    <div class="ct-form-radio" @click="setDimension">
                    <input type="radio" title="" class="ct-form-check-input product-measurement-unit" :data-type="prodUnits.selectedUnit == prodUnits.secondaryUnit ? 'primary' : ''" :id="prodUnits.secondaryUnit + '-' + pid + '-measurement-unit-ptile' + additionalTag" :name="'measurement-unit-' + pid + '-ptile' + additionalTag" :value="prodUnits.secondaryUnit" v-model="prodUnits.selectedUnit">
                    <label :class="prodUnits.secondaryUnit + '-label ct-form-check-label mb-0'" :for="prodUnits.secondaryUnit + '-' + pid + '-measurement-unit-ptile' + additionalTag">
                    {{prodUnits.secondaryUnit}}
                    </label>
                    <span class="checkmark"></span>
                    </div>
                    <div class="ct-form-radio" @click="setDimension">
                    <input type="radio" title="" class="ct-form-check-input product-measurement-unit" :data-type="prodUnits.selectedUnit == prodUnits.primaryUnit ? 'primary' : ''" :id="prodUnits.primaryUnit + '-' + pid + '-measurement-unit-ptile' + additionalTag" :name="'measurement-unit-' + pid + '-ptile' + additionalTag" :value="prodUnits.primaryUnit" v-model="prodUnits.selectedUnit">
                    <label :class="prodUnits.primaryUnit + '-label ct-form-check-label mb-0'" :for="prodUnits.primaryUnit + '-' + pid + '-measurement-unit-ptile' + additionalTag">
                    {{prodUnits.primaryUnit}}
                    </label>
                    <span class="checkmark"></span>
                    </div>
                    </div>
                    <template v-if="!isPDP &amp;&amp; isPriceAvailable">
                    <span class="quantity-error ct-span-error product-max-allocation" v-if="isMaxQtyReached">
                    Quantidade máxima atingida
                    </span>
                    <span class="quantity-error ct-span-product product-allocation" v-if="!isMinQtyReached &amp;&amp; !isMaxQtyReached">
                    {{quantitySelected}} no carrinho
                    </span>
                    <span class="quantity-error ct-span-error product-min-allocation" :data-pid="pid" v-if="isMinQtyReached &amp;&amp; !isMaxQtyReached">
                    Quantidade mínima atingida
                    </span>
                    </template>
                    </template>
                    </div>
                    <input class="quantity-value-mask d-none" name="quantity" type="number" min="0" value="">
                    </div>
                    <button type="button" class="add-to-cart button js-add-to-cart js-add-to-cart-tile 5469856 button--primary dynamic-layout-btn" data-toggle="modal" data-target="#chooseBonusProductModal" data-pid="5469856" data-quantity-value="null" aria-label="Carrinho">
                    <span class="d-block d-sm-none">
                    <span class="svg-wrapper svg-icon-cart" style="width:20px; height:20px">
                    <svg class="svg-inline icon-cart" xmlns="http://www.w3.org/2000/svg" viewBox="0 0 500 500" width="100%" height="100%"><path fill="#EB0203" fill-rule="evenodd" d="M 485.67317,94.386311 C 476.37798,83.847129 463.09468,78.03348 448.30404,78.03348 H 90.690813 L 87.079511,51.327997 C 83.185582,22.539551 62.962285,0 41.011841,0 H 14.727836 C 6.563151,0 0,6.5286975 0,14.580758 c 0,8.05206 6.5945535,14.580758 14.727836,14.580758 h 26.284005 c 4.710398,0 14.696435,9.855222 16.894619,26.021523 L 100.01739,368.0631 c 1.88416,13.77244 9.01256,26.70549 20.1605,36.37417 8.25889,7.15046 18.02511,11.9071 28.26237,13.89679 -4.17655,7.58572 -6.53175,16.25957 -6.53175,25.493 0,29.53459 24.27424,53.59751 54.13815,53.59751 29.8325,0 54.13814,-24.03184 54.13814,-53.59751 0,-8.79818 -2.19818,-17.09897 -5.9979,-24.43598 h 77.12488 c -3.79973,7.33701 -5.96652,15.6378 -5.96652,24.43598 0,29.53459 24.27424,53.59751 54.13817,53.59751 29.83249,0 54.13814,-24.03184 54.13814,-53.59751 0,-8.79818 -2.1982,-17.09897 -5.9979,-24.43598 h 38.56243 c 8.13328,0 14.72783,-6.5287 14.72783,-14.61183 0,-8.02098 -6.59455,-14.54967 -14.72783,-14.54967 H 159.24277 c -14.38241,0 -28.13677,-11.90711 -30.02092,-26.02153 l -3.07746,-22.88154 h 290.6314 c 14.03698,0 27.94834,-5.28513 39.06488,-14.95381 11.11652,-9.6376 18.27632,-22.57065 20.16048,-36.37417 l 21.10259,-156.78201 c 1.94694,-14.51858 -2.10398,-28.29103 -11.43057,-38.861299 z M 220.76053,443.82706 c 0,13.49265 -11.08513,24.46709 -24.68247,24.46709 -13.62874,0 -24.71387,-10.97444 -24.71387,-24.46709 0,-13.49262 11.08513,-24.43598 24.71387,-24.43598 13.59734,0 24.68247,10.94336 24.68247,24.43598 z m 173.43675,0 c 0,13.49265 -11.08512,24.46709 -24.68245,24.46709 -13.62876,0 -24.71388,-10.97444 -24.71388,-24.46709 0,-13.49262 11.08512,-24.43598 24.71388,-24.43598 13.59733,0 24.68245,10.94336 24.68245,24.43598 z m 73.7648,-314.46558 -21.13397,156.782 c -1.88416,14.11442 -15.63851,26.05261 -30.02091,26.05261 H 122.25046 L 94.616142,107.19499 H 448.33544 c 6.18632,0 11.61896,2.2695 15.23028,6.37326 3.64269,4.13484 5.21283,9.73086 4.39636,15.79323 z"></path></svg>
                    </span>
                    </span>
                    <span class="add-to-cart--text d-none d-sm-block">Carrinho</span>
                    </button>
                    </div>
                    </div>
                    </div>
                    </div>
                    
                    <div class="col-12 d-sm-none">
                    </div>
                    </div>
                    </div>
                    </div>
                    </div>
                    <div class="col-12 col-sm-3 col-lg-2 productTile" data-idx="16">
                    
                    <script type="text/javascript">//<!--
                    /* <![CDATA[ */
                    (function(){
                    try {
                        if(window.CQuotient) {
                        var cq_params = {};
                        
                        cq_params.cookieId = window.CQuotient.getCQCookieId();
                        cq_params.userId = window.CQuotient.getCQUserId();
                        cq_params.emailId = CQuotient.getCQHashedEmail();
                        cq_params.loginId = CQuotient.getCQHashedLogin();
                        cq_params.accumulate = true;
                        cq_params.products = [{
                            id: '4720142',
                            sku: ''
                        }];
                        cq_params.categoryId = 'refeicoes-faceis';
                        cq_params.refinements = '[{\"name\":\"priceMin\",\"value\":\"0.01\"},{\"name\":\"priceMax\",\"value\":\"null\"},{\"name\":\"curr\",\"value\":\"EUR\"},{\"name\":\"Category\",\"value\":\"refeicoes-faceis\"}]';
                        cq_params.personalized = 'false';
                        cq_params.sortingRule = 'FRESH-Refei\u00E7\u00F5es F\u00E1ceis';
                        cq_params.imageUUID = '__UNDEFINED__';
                        cq_params.realm = "BDVS";
                        cq_params.siteId = "continente";
                        cq_params.instanceType = "prd";
                        cq_params.queryLocale = "default";
                        cq_params.locale = window.CQuotient.locale;
                        
                        if(window.CQuotient.sendActivity)
                            window.CQuotient.sendActivity(CQuotient.clientId, 'viewCategory', cq_params);
                        else
                            window.CQuotient.activities.push({
                                activityType: 'viewCategory',
                                parameters: cq_params
                            });
                      }
                    } catch(err) {}
                    })();
                    /* ]]> */
                    // -->
                    </script>
                    <script type="text/javascript">//<!--
                    /* <![CDATA[ (viewCategoryProduct-active_data.js) */
                    (function(){
                    try {
                        if (dw.ac) {
                            var search_params = {};
                            search_params.persd = 'false';
                            search_params.refs = '[{\"name\":\"priceMin\",\"value\":\"0.01\"},{\"name\":\"priceMax\",\"value\":\"null\"},{\"name\":\"curr\",\"value\":\"EUR\"},{\"name\":\"Category\",\"value\":\"refeicoes-faceis\"}]';
                            search_params.sort = 'FRESH-Refei\u00E7\u00F5es F\u00E1ceis';
                            search_params.imageUUID = '';
                            search_params.searchID = 'adc2ebee-ded6-4d71-a833-c4f63de27d3e';
                            search_params.locale = 'default';
                            search_params.queryLocale = 'default';
                            search_params.showProducts = 'true';
                            dw.ac.applyContext({category: "refeicoes-faceis", searchData: search_params});
                            if (typeof dw.ac._scheduleDataSubmission === "function") {
                                dw.ac._scheduleDataSubmission();
                            }
                        }
                    } catch(err) {}
                    })();
                    /* ]]> */
                    // -->
                    </script>
                    <script type="text/javascript">//<!--
                    /* <![CDATA[ (viewProduct-active_data.js) */
                    dw.ac._capture({id: "4720142", type: "searchhit"});
                    /* ]]> */
                    // -->
                    </script>
                    <div class="product" data-pid="4720142">
                    <div class="product-tile pid-4720142 ct-product-tile data-layer-pushed" data-delay-time="3000" data-variants-mapping="[]" data-in-cart-msg="no carrinho" data-one-product-added="Adicionado ao carrinho" data-remove-from-cart-msg="Removido do carrinho" data-stay-open="6000.0" data-product-tile-impression="{&quot;name&quot;:&quot;4720142&quot;,&quot;id&quot;:&quot;4720142&quot;,&quot;price&quot;:4.99,&quot;brand&quot;:&quot;Ristorante&quot;,&quot;category&quot;:[{&quot;category_level_1&quot;:&quot;Congelados&quot;},{&quot;category_level_2&quot;:&quot;Pizzas&quot;}],&quot;variant&quot;:&quot;&quot;}">
                    <div class="ct-inner-tile-wrap row no-gutters justify-content-center align-content-start">
                    
                    <div class="ct-image-container col-4 col-sm" data-confirmation-image="{&quot;url&quot;:&quot;https://www.continente.pt/dw/image/v2/BDVS_PRD/on/demandware.static/-/Sites-col-master-catalog/default/dwc28d4017/images/col/472/4720142-direito.jpg?sw=87&amp;sh=80&quot;,&quot;fallbackimage&quot;:{&quot;url&quot;:&quot;https://www.continente.pt/dw/image/v2/BDVS_PRD/on/demandware.static/Sites-continente-Site/-/default/dw7c42b4da/images/noimagelarge_product.png?sw=87&amp;sh=80&quot;,&quot;title&quot;:&quot;Pizza Ristorante de Salame, Mozzarella e Pesto&quot;,&quot;alt&quot;:&quot;Pizza Ristorante de Salame, Mozzarella e Pesto&quot;},&quot;title&quot;:&quot;Pizza Ristorante de Salame, Mozzarella e Pesto&quot;,&quot;alt&quot;:&quot;Pizza Ristorante de Salame, Mozzarella e Pesto&quot;}">
                    <a href="https://www.continente.pt/produto/pizza-ristorante-de-salame-mozzarella-e-pesto-ristorante-4720142.html?cgid=refeicoes-faceis">
                    <picture class="intrinsic intrinsic--square">
                    <img class="ct-tile-image lazyloaded" loading="lazy" onerror="this.onerror=null;this.src='/on/demandware.static/Sites-continente-Site/-/default/dw7c42b4da/images/noimagelarge_product.png';" data-src="https://www.continente.pt/dw/image/v2/BDVS_PRD/on/demandware.static/-/Sites-col-master-catalog/default/dwc28d4017/images/col/472/4720142-direito.jpg?sw=280&amp;sh=280" alt="Pizza Ristorante de Salame, Mozzarella e Pesto" title="Pizza Ristorante de Salame, Mozzarella e Pesto" src="https://www.continente.pt/dw/image/v2/BDVS_PRD/on/demandware.static/-/Sites-col-master-catalog/default/dwc28d4017/images/col/472/4720142-direito.jpg?sw=280&amp;sh=280">
                    </picture>
                    </a>
                    <div class=" ct-product-tile-badge ct-product-tile-badge--general">
                    <img class="img-fluid ct-tooltip-trigger lazyloaded" loading="lazy" data-src="https://www.continente.pt/dw/image/v2/BDVS_PRD/on/demandware.static/-/Sites-continente-Library/default/dwf71400b7/images/badges/general/col/congelado.png?sw=25&amp;sh=25" alt="Crachá do produto" title="" data-toggle="tooltip" data-placement="right" data-original-title="Congelado" src="https://www.continente.pt/dw/image/v2/BDVS_PRD/on/demandware.static/-/Sites-continente-Library/default/dwf71400b7/images/badges/general/col/congelado.png?sw=25&amp;sh=25">
                    </div>
                    <div class="color-swatches d-flex" style="margin-left: 5px;">
                    <div class="swatches d-flex">
                    </div>
                    </div>
                    </div>
                    <div class="ct-tile-body col col-sm-auto ">
                    <div class="ct-pdp-details">
                    <div class="ct-pdp-link">
                    <a class="ct-tile--description" href="https://www.continente.pt/produto/pizza-ristorante-de-salame-mozzarella-e-pesto-ristorante-4720142.html?cgid=refeicoes-faceis">Pizza Ristorante de Salame, Mozzarella e Pesto</a>
                    <div class="ct-tile--favorite-top d-sm-none">
                    <button class="wishlist-toggler guest-mode inactive button button--tertiary" data-pid="4720142" data-add-url="https://www.continente.pt/on/demandware.store/Sites-continente-Site/default/Wishlist-AddProduct?pid=4720142" data-toggle="tooltip" aria-label="Adicionar aos favoritos " data-original-title="Adicionar aos favoritos" data-placement="top">
                    <svg class="active-content" width="100%" height="100%" viewBox="0 0 20 22" fill="none" xmlns="http://www.w3.org/2000/svg">
                    <path fill-rule="evenodd" clip-rule="evenodd" d="M0 1.53052C0 0.685236 0.692171 0 1.54601 0H15.0736C15.9274 0 16.6196 0.685235 16.6196 1.53052V13.4064L15.8127 13.922L14.2658 14.2658L12.7189 13.4064L10.6054 14.3818C10.4994 14.2451 10.3327 14.157 10.1452 14.157H6.76329C6.4431 14.157 6.18354 14.414 6.18354 14.731C6.18354 15.0479 6.4431 15.3049 6.76329 15.3049H10.1452C10.2478 15.3049 10.3441 15.2785 10.4277 15.2322L10.3126 16.8439L13.2345 20.2793H1.54601C0.69217 20.2793 0 19.5941 0 18.7488V1.53052ZM6.18354 5.5483C6.18354 5.23132 6.4431 4.97436 6.76329 4.97436H12.3676C12.6878 4.97436 12.9473 5.23132 12.9473 5.5483C12.9473 5.86528 12.6878 6.12224 12.3676 6.12224H6.76329C6.4431 6.12224 6.18354 5.86528 6.18354 5.5483ZM6.76329 11.0961C6.4431 11.0961 6.18354 11.3531 6.18354 11.6701C6.18354 11.987 6.4431 12.244 6.76329 12.244H12.3676C12.6878 12.244 12.9473 11.987 12.9473 11.6701C12.9473 11.3531 12.6878 11.0961 12.3676 11.0961H6.76329ZM6.18354 8.60985C6.18354 8.29287 6.4431 8.03591 6.76329 8.03591H12.3676C12.6878 8.03591 12.9473 8.29287 12.9473 8.60985C12.9473 8.92684 12.6878 9.1838 12.3676 9.1838H6.76329C6.4431 9.1838 6.18354 8.92684 6.18354 8.60985ZM3.67118 5.5483C3.67118 5.23132 3.93075 4.97436 4.25093 4.97436H4.63743C4.95762 4.97436 5.21719 5.23132 5.21719 5.5483C5.21719 5.86528 4.95762 6.12224 4.63743 6.12224H4.25093C3.93075 6.12224 3.67118 5.86528 3.67118 5.5483ZM4.25093 11.0961C3.93075 11.0961 3.67118 11.3531 3.67118 11.6701C3.67118 11.987 3.93075 12.244 4.25093 12.244H4.63743C4.95762 12.244 5.21719 11.987 5.21719 11.6701C5.21719 11.3531 4.95762 11.0961 4.63743 11.0961H4.25093ZM3.67118 8.60985C3.67118 8.29287 3.93075 8.03591 4.25093 8.03591H4.63743C4.95762 8.03591 5.21719 8.29287 5.21719 8.60985C5.21719 8.92684 4.95762 9.1838 4.63743 9.1838H4.25093C3.93075 9.1838 3.67118 8.92684 3.67118 8.60985ZM4.25093 14.157C3.93075 14.157 3.67118 14.414 3.67118 14.731C3.67118 15.0479 3.93075 15.3049 4.25093 15.3049H4.63743C4.95762 15.3049 5.21719 15.0479 5.21719 14.731C5.21719 14.414 4.95762 14.157 4.63743 14.157H4.25093Z" fill="#EB0203"></path>
                    <path fill-rule="evenodd" clip-rule="evenodd" d="M14.6252 13.6363C13.4918 12.6215 11.7817 12.5264 10.6569 13.4792C9.12421 14.7764 9.34841 16.8912 10.4409 18.0122L14.0159 21.6742C14.2197 21.8832 14.4928 22 14.7822 22C15.0737 22 15.3448 21.8852 15.5486 21.6762L19.1236 18.0142C20.214 16.8933 20.4423 14.7785 18.9075 13.4792C17.7827 12.5283 16.0724 12.6217 14.9391 13.6365C14.8855 13.6845 14.8331 13.7345 14.7822 13.7866C14.7313 13.7345 14.6789 13.6843 14.6252 13.6363ZM18.1546 14.3522C19.0973 15.1508 18.9962 16.4896 18.2891 17.2173C18.2888 17.2175 18.2886 17.2177 18.2884 17.218L14.7832 20.8084L11.2753 17.2151C11.2752 17.215 11.2751 17.2149 11.2749 17.2148C10.5677 16.4887 10.4678 15.1495 11.4104 14.3518L11.4108 14.3514C12.0745 13.7892 13.2018 13.82 13.9488 14.5846L14.7822 15.4378L15.6157 14.5846C16.3617 13.8211 17.4896 13.79 18.1545 14.3521" fill="#EB0203"></path>
                    </svg>
                    <svg class="inactive-content" width="100%" height="100%" viewBox="0 0 20 23" fill="none" xmlns="http://www.w3.org/2000/svg">
                    <path fill-rule="evenodd" clip-rule="evenodd" d="M6.18408 5.77914C6.18408 5.46223 6.44363 5.20532 6.7638 5.20532H12.3678C12.6879 5.20532 12.9475 5.46223 12.9475 5.77914C12.9475 6.09606 12.6879 6.35297 12.3678 6.35297H6.7638C6.44363 6.35297 6.18408 6.09606 6.18408 5.77914Z" fill="#EB0203"></path>
                    <path fill-rule="evenodd" clip-rule="evenodd" d="M6.18408 11.9034C6.18408 11.5865 6.44363 11.3296 6.7638 11.3296H12.3678C12.6879 11.3296 12.9475 11.5865 12.9475 11.9034C12.9475 12.2202 12.6879 12.4771 12.3678 12.4771H6.7638C6.44363 12.4771 6.18408 12.2202 6.18408 11.9034Z" fill="#EB0203"></path>
                    <path fill-rule="evenodd" clip-rule="evenodd" d="M6.18408 8.84116C6.18408 8.52424 6.44363 8.26733 6.7638 8.26733H12.3678C12.6879 8.26733 12.9475 8.52424 12.9475 8.84116C12.9475 9.15807 12.6879 9.41498 12.3678 9.41498H6.7638C6.44363 9.41498 6.18408 9.15807 6.18408 8.84116Z" fill="#EB0203"></path>
                    <path fill-rule="evenodd" clip-rule="evenodd" d="M6.18408 14.9655C6.18408 14.6486 6.44363 14.3917 6.7638 14.3917H10.1455C10.4657 14.3917 10.7252 14.6486 10.7252 14.9655C10.7252 15.2825 10.4657 15.5394 10.1455 15.5394H6.7638C6.44363 15.5394 6.18408 15.2825 6.18408 14.9655Z" fill="#EB0203"></path>
                    <path fill-rule="evenodd" clip-rule="evenodd" d="M3.67139 5.77914C3.67139 5.46223 3.93094 5.20532 4.25111 5.20532H4.63759C4.95776 5.20532 5.21731 5.46223 5.21731 5.77914C5.21731 6.09606 4.95776 6.35297 4.63759 6.35297H4.25111C3.93094 6.35297 3.67139 6.09606 3.67139 5.77914Z" fill="#EB0203"></path>
                    <path fill-rule="evenodd" clip-rule="evenodd" d="M3.67139 11.9034C3.67139 11.5865 3.93094 11.3296 4.25111 11.3296H4.63759C4.95776 11.3296 5.21731 11.5865 5.21731 11.9034C5.21731 12.2202 4.95776 12.4771 4.63759 12.4771H4.25111C3.93094 12.4771 3.67139 12.2202 3.67139 11.9034Z" fill="#EB0203"></path>
                    <path fill-rule="evenodd" clip-rule="evenodd" d="M3.67139 8.84116C3.67139 8.52424 3.93094 8.26733 4.25111 8.26733H4.63759C4.95776 8.26733 5.21731 8.52424 5.21731 8.84116C5.21731 9.15807 4.95776 9.41498 4.63759 9.41498H4.25111C3.93094 9.41498 3.67139 9.15807 3.67139 8.84116Z" fill="#EB0203"></path>
                    <path fill-rule="evenodd" clip-rule="evenodd" d="M3.67139 14.9655C3.67139 14.6486 3.93094 14.3917 4.25111 14.3917H4.63759C4.95776 14.3917 5.21731 14.6486 5.21731 14.9655C5.21731 15.2825 4.95776 15.5394 4.63759 15.5394H4.25111C3.93094 15.5394 3.67139 15.2825 3.67139 14.9655Z" fill="#EB0203"></path>
                    <path fill-rule="evenodd" clip-rule="evenodd" d="M0 1.76033C0 0.914738 0.692131 0.229248 1.54592 0.229248H15.0727C15.9265 0.229248 16.6186 0.914738 16.6186 1.76033V11.2818C16.6186 11.5989 16.3591 11.8559 16.0389 11.8559C15.7187 11.8559 15.4592 11.5989 15.4592 11.2818V1.76033C15.4592 1.54893 15.2862 1.37756 15.0727 1.37756H1.54592C1.33247 1.37756 1.15944 1.54893 1.15944 1.76033V18.985C1.15944 19.1964 1.33247 19.3678 1.54592 19.3678H9.27551C9.59568 19.3678 9.85523 19.6249 9.85523 19.942C9.85523 20.2591 9.59568 20.5161 9.27551 20.5161H1.54592C0.692131 20.5161 0 19.8306 0 18.985V1.76033Z" fill="#EB0203"></path>
                    <path fill-rule="evenodd" clip-rule="evenodd" d="M14.6254 13.8718C13.4921 12.8567 11.7821 12.7615 10.6574 13.7147C9.12472 15.0124 9.34891 17.128 10.4413 18.2493L14.0161 21.9126C14.2199 22.1217 14.493 22.2386 14.7824 22.2386C15.0739 22.2386 15.3449 22.1238 15.5487 21.9147L19.1235 18.2514C20.2139 17.13 20.4422 15.0144 18.9075 13.7147C17.7827 12.7634 16.0726 12.8569 14.9392 13.872C14.8856 13.92 14.8333 13.9701 14.7824 14.0222C14.7314 13.97 14.6791 13.9199 14.6254 13.8718ZM18.1546 14.588C19.0972 15.3869 18.9961 16.7262 18.2891 17.4541C18.2888 17.4543 18.2886 17.4546 18.2884 17.4548L14.7834 21.0466L11.2757 17.452C11.2756 17.4519 11.2755 17.4517 11.2753 17.4516C10.5681 16.7252 10.4682 15.3856 11.4108 14.5876L11.4112 14.5872C12.0748 14.0248 13.202 14.0556 13.949 14.8205L14.7824 15.674L15.6158 14.8205C16.3618 14.0567 17.4896 14.0256 18.1545 14.5879" fill="#EB0203"></path>
                    </svg>
                    </button>
                    </div>
                    </div>
                    <p class="ct-tile--brand">Ristorante</p>
                    <p class="ct-tile--quantity">emb. 380 gr</p>
                    </div>
                    <div class="ct-tile-bottom row no-gutters justify-content-between">
                    <div class="ct-price-wrap col-8 col-sm-12">
                    <div class="price js-product-price">
                    <div class="prices-wrapper">
                    <span class="sales ct-tile--price-primary ">
                    <span class="value" content="4.99">
                    <span class="ct-price-formatted">
                    €4,99
                    </span>
                    <span class="ct-m-unit">
                    /un
                    </span>
                    </span>
                    </span>
                    </div>
                    <div class="ct-tile--price-secondary">
                    <span class="ct-price-value">
                    €13,86
                    </span>
                    <span class="ct-m-unit">
                    /kg
                    </span>
                    </div>
                    </div>
                    </div>
                    <div class="ct-tile-buy-section d-flex justify-content-center no-gutters col-auto col-sm-12">
                    <div class="col-2 d-sm-flex d-none">
                    <button class="wishlist-toggler guest-mode inactive button button--tertiary" data-pid="4720142" data-add-url="https://www.continente.pt/on/demandware.store/Sites-continente-Site/default/Wishlist-AddProduct?pid=4720142" data-toggle="tooltip" aria-label="Adicionar aos favoritos " data-original-title="Adicionar aos favoritos" data-placement="top">
                    <svg class="active-content" width="100%" height="100%" viewBox="0 0 20 22" fill="none" xmlns="http://www.w3.org/2000/svg">
                    <path fill-rule="evenodd" clip-rule="evenodd" d="M0 1.53052C0 0.685236 0.692171 0 1.54601 0H15.0736C15.9274 0 16.6196 0.685235 16.6196 1.53052V13.4064L15.8127 13.922L14.2658 14.2658L12.7189 13.4064L10.6054 14.3818C10.4994 14.2451 10.3327 14.157 10.1452 14.157H6.76329C6.4431 14.157 6.18354 14.414 6.18354 14.731C6.18354 15.0479 6.4431 15.3049 6.76329 15.3049H10.1452C10.2478 15.3049 10.3441 15.2785 10.4277 15.2322L10.3126 16.8439L13.2345 20.2793H1.54601C0.69217 20.2793 0 19.5941 0 18.7488V1.53052ZM6.18354 5.5483C6.18354 5.23132 6.4431 4.97436 6.76329 4.97436H12.3676C12.6878 4.97436 12.9473 5.23132 12.9473 5.5483C12.9473 5.86528 12.6878 6.12224 12.3676 6.12224H6.76329C6.4431 6.12224 6.18354 5.86528 6.18354 5.5483ZM6.76329 11.0961C6.4431 11.0961 6.18354 11.3531 6.18354 11.6701C6.18354 11.987 6.4431 12.244 6.76329 12.244H12.3676C12.6878 12.244 12.9473 11.987 12.9473 11.6701C12.9473 11.3531 12.6878 11.0961 12.3676 11.0961H6.76329ZM6.18354 8.60985C6.18354 8.29287 6.4431 8.03591 6.76329 8.03591H12.3676C12.6878 8.03591 12.9473 8.29287 12.9473 8.60985C12.9473 8.92684 12.6878 9.1838 12.3676 9.1838H6.76329C6.4431 9.1838 6.18354 8.92684 6.18354 8.60985ZM3.67118 5.5483C3.67118 5.23132 3.93075 4.97436 4.25093 4.97436H4.63743C4.95762 4.97436 5.21719 5.23132 5.21719 5.5483C5.21719 5.86528 4.95762 6.12224 4.63743 6.12224H4.25093C3.93075 6.12224 3.67118 5.86528 3.67118 5.5483ZM4.25093 11.0961C3.93075 11.0961 3.67118 11.3531 3.67118 11.6701C3.67118 11.987 3.93075 12.244 4.25093 12.244H4.63743C4.95762 12.244 5.21719 11.987 5.21719 11.6701C5.21719 11.3531 4.95762 11.0961 4.63743 11.0961H4.25093ZM3.67118 8.60985C3.67118 8.29287 3.93075 8.03591 4.25093 8.03591H4.63743C4.95762 8.03591 5.21719 8.29287 5.21719 8.60985C5.21719 8.92684 4.95762 9.1838 4.63743 9.1838H4.25093C3.93075 9.1838 3.67118 8.92684 3.67118 8.60985ZM4.25093 14.157C3.93075 14.157 3.67118 14.414 3.67118 14.731C3.67118 15.0479 3.93075 15.3049 4.25093 15.3049H4.63743C4.95762 15.3049 5.21719 15.0479 5.21719 14.731C5.21719 14.414 4.95762 14.157 4.63743 14.157H4.25093Z" fill="#EB0203"></path>
                    <path fill-rule="evenodd" clip-rule="evenodd" d="M14.6252 13.6363C13.4918 12.6215 11.7817 12.5264 10.6569 13.4792C9.12421 14.7764 9.34841 16.8912 10.4409 18.0122L14.0159 21.6742C14.2197 21.8832 14.4928 22 14.7822 22C15.0737 22 15.3448 21.8852 15.5486 21.6762L19.1236 18.0142C20.214 16.8933 20.4423 14.7785 18.9075 13.4792C17.7827 12.5283 16.0724 12.6217 14.9391 13.6365C14.8855 13.6845 14.8331 13.7345 14.7822 13.7866C14.7313 13.7345 14.6789 13.6843 14.6252 13.6363ZM18.1546 14.3522C19.0973 15.1508 18.9962 16.4896 18.2891 17.2173C18.2888 17.2175 18.2886 17.2177 18.2884 17.218L14.7832 20.8084L11.2753 17.2151C11.2752 17.215 11.2751 17.2149 11.2749 17.2148C10.5677 16.4887 10.4678 15.1495 11.4104 14.3518L11.4108 14.3514C12.0745 13.7892 13.2018 13.82 13.9488 14.5846L14.7822 15.4378L15.6157 14.5846C16.3617 13.8211 17.4896 13.79 18.1545 14.3521" fill="#EB0203"></path>
                    </svg>
                    <svg class="inactive-content" width="100%" height="100%" viewBox="0 0 20 23" fill="none" xmlns="http://www.w3.org/2000/svg">
                    <path fill-rule="evenodd" clip-rule="evenodd" d="M6.18408 5.77914C6.18408 5.46223 6.44363 5.20532 6.7638 5.20532H12.3678C12.6879 5.20532 12.9475 5.46223 12.9475 5.77914C12.9475 6.09606 12.6879 6.35297 12.3678 6.35297H6.7638C6.44363 6.35297 6.18408 6.09606 6.18408 5.77914Z" fill="#EB0203"></path>
                    <path fill-rule="evenodd" clip-rule="evenodd" d="M6.18408 11.9034C6.18408 11.5865 6.44363 11.3296 6.7638 11.3296H12.3678C12.6879 11.3296 12.9475 11.5865 12.9475 11.9034C12.9475 12.2202 12.6879 12.4771 12.3678 12.4771H6.7638C6.44363 12.4771 6.18408 12.2202 6.18408 11.9034Z" fill="#EB0203"></path>
                    <path fill-rule="evenodd" clip-rule="evenodd" d="M6.18408 8.84116C6.18408 8.52424 6.44363 8.26733 6.7638 8.26733H12.3678C12.6879 8.26733 12.9475 8.52424 12.9475 8.84116C12.9475 9.15807 12.6879 9.41498 12.3678 9.41498H6.7638C6.44363 9.41498 6.18408 9.15807 6.18408 8.84116Z" fill="#EB0203"></path>
                    <path fill-rule="evenodd" clip-rule="evenodd" d="M6.18408 14.9655C6.18408 14.6486 6.44363 14.3917 6.7638 14.3917H10.1455C10.4657 14.3917 10.7252 14.6486 10.7252 14.9655C10.7252 15.2825 10.4657 15.5394 10.1455 15.5394H6.7638C6.44363 15.5394 6.18408 15.2825 6.18408 14.9655Z" fill="#EB0203"></path>
                    <path fill-rule="evenodd" clip-rule="evenodd" d="M3.67139 5.77914C3.67139 5.46223 3.93094 5.20532 4.25111 5.20532H4.63759C4.95776 5.20532 5.21731 5.46223 5.21731 5.77914C5.21731 6.09606 4.95776 6.35297 4.63759 6.35297H4.25111C3.93094 6.35297 3.67139 6.09606 3.67139 5.77914Z" fill="#EB0203"></path>
                    <path fill-rule="evenodd" clip-rule="evenodd" d="M3.67139 11.9034C3.67139 11.5865 3.93094 11.3296 4.25111 11.3296H4.63759C4.95776 11.3296 5.21731 11.5865 5.21731 11.9034C5.21731 12.2202 4.95776 12.4771 4.63759 12.4771H4.25111C3.93094 12.4771 3.67139 12.2202 3.67139 11.9034Z" fill="#EB0203"></path>
                    <path fill-rule="evenodd" clip-rule="evenodd" d="M3.67139 8.84116C3.67139 8.52424 3.93094 8.26733 4.25111 8.26733H4.63759C4.95776 8.26733 5.21731 8.52424 5.21731 8.84116C5.21731 9.15807 4.95776 9.41498 4.63759 9.41498H4.25111C3.93094 9.41498 3.67139 9.15807 3.67139 8.84116Z" fill="#EB0203"></path>
                    <path fill-rule="evenodd" clip-rule="evenodd" d="M3.67139 14.9655C3.67139 14.6486 3.93094 14.3917 4.25111 14.3917H4.63759C4.95776 14.3917 5.21731 14.6486 5.21731 14.9655C5.21731 15.2825 4.95776 15.5394 4.63759 15.5394H4.25111C3.93094 15.5394 3.67139 15.2825 3.67139 14.9655Z" fill="#EB0203"></path>
                    <path fill-rule="evenodd" clip-rule="evenodd" d="M0 1.76033C0 0.914738 0.692131 0.229248 1.54592 0.229248H15.0727C15.9265 0.229248 16.6186 0.914738 16.6186 1.76033V11.2818C16.6186 11.5989 16.3591 11.8559 16.0389 11.8559C15.7187 11.8559 15.4592 11.5989 15.4592 11.2818V1.76033C15.4592 1.54893 15.2862 1.37756 15.0727 1.37756H1.54592C1.33247 1.37756 1.15944 1.54893 1.15944 1.76033V18.985C1.15944 19.1964 1.33247 19.3678 1.54592 19.3678H9.27551C9.59568 19.3678 9.85523 19.6249 9.85523 19.942C9.85523 20.2591 9.59568 20.5161 9.27551 20.5161H1.54592C0.692131 20.5161 0 19.8306 0 18.985V1.76033Z" fill="#EB0203"></path>
                    <path fill-rule="evenodd" clip-rule="evenodd" d="M14.6254 13.8718C13.4921 12.8567 11.7821 12.7615 10.6574 13.7147C9.12472 15.0124 9.34891 17.128 10.4413 18.2493L14.0161 21.9126C14.2199 22.1217 14.493 22.2386 14.7824 22.2386C15.0739 22.2386 15.3449 22.1238 15.5487 21.9147L19.1235 18.2514C20.2139 17.13 20.4422 15.0144 18.9075 13.7147C17.7827 12.7634 16.0726 12.8569 14.9392 13.872C14.8856 13.92 14.8333 13.9701 14.7824 14.0222C14.7314 13.97 14.6791 13.9199 14.6254 13.8718ZM18.1546 14.588C19.0972 15.3869 18.9961 16.7262 18.2891 17.4541C18.2888 17.4543 18.2886 17.4546 18.2884 17.4548L14.7834 21.0466L11.2757 17.452C11.2756 17.4519 11.2755 17.4517 11.2753 17.4516C10.5681 16.7252 10.4682 15.3856 11.4108 14.5876L11.4112 14.5872C12.0748 14.0248 13.202 14.0556 13.949 14.8205L14.7824 15.674L15.6158 14.8205C16.3618 14.0567 17.4896 14.0256 18.1545 14.5879" fill="#EB0203"></path>
                    </svg>
                    </button>
                    </div>
                    <div class="col-sm-10 col-12">
                    <div class="ct-tile-quantity d-none" data-pid="4720142">
                    <input type="hidden" class="add-to-cart-url" value="https://www.continente.pt/on/demandware.store/Sites-continente-Site/default/Cart-AddProduct">
                    <div class="d-none tile-delete-confirmation-btn" data-pid="4720142" data-delay-time="3000" data-in-cart-msg="no carrinho" data-one-product-added="Adicionado ao carrinho" data-remove-from-cart-msg="Removido do carrinho" data-stay-open="6000.0" data-confirmation-image="{&quot;url&quot;:&quot;https://www.continente.pt/dw/image/v2/BDVS_PRD/on/demandware.static/-/Sites-col-master-catalog/default/dwc28d4017/images/col/472/4720142-direito.jpg?sw=87&amp;sh=80&quot;,&quot;fallbackimage&quot;:{&quot;url&quot;:&quot;https://www.continente.pt/dw/image/v2/BDVS_PRD/on/demandware.static/Sites-continente-Site/-/default/dw7c42b4da/images/noimagelarge_product.png?sw=87&amp;sh=80&quot;,&quot;title&quot;:&quot;Pizza Ristorante de Salame, Mozzarella e Pesto&quot;,&quot;alt&quot;:&quot;Pizza Ristorante de Salame, Mozzarella e Pesto&quot;},&quot;title&quot;:&quot;Pizza Ristorante de Salame, Mozzarella e Pesto&quot;,&quot;alt&quot;:&quot;Pizza Ristorante de Salame, Mozzarella e Pesto&quot;}"></div>
                    <div class="ct-tile-quantity-update quantity-update product-qty-vue" data-remove-action="https://www.continente.pt/on/demandware.store/Sites-continente-Site/default/Cart-RemoveProductLineItem" data-action="https://www.continente.pt/on/demandware.store/Sites-continente-Site/default/Cart-UpdateQuantity" data-dimension-update="https://www.continente.pt/on/demandware.store/Sites-continente-Site/default/Cart-DimensionUpdate" data-pid="4720142" data-uuid="cba65028574b4ea29717fb3afc" data-add-delay="500.0" data-measure-options="{&quot;hasConversionRate&quot;:false,&quot;hasAlternativeSaleUnit&quot;:false,&quot;unitConversionRate&quot;:0,&quot;minOrderQuantity&quot;:1,&quot;stepQuantity&quot;:1,&quot;primaryunit&quot;:&quot;un&quot;,&quot;secondaryunit&quot;:&quot;kg&quot;,&quot;selectedunit&quot;:&quot;primary&quot;,&quot;maxNumberOfUnitsPerSale&quot;:50}" data-price-available="null" :data-has-error="isMaxQtyReached || isMinQtyReached || qtySelectedMoreThanOne">
                    <template v-show="prodUnits">
                    <div class="quantity-input-wrapper has-units">
                    <label class="visually-hidden" :for="'quantity-' + pid + additionalTag">
                    Quantidade no carrinho
                    </label>
                    <input :ref="'quantityInput-' + pid + additionalTag" class="add-to-cart-quantity form-control ct-form-input text-center" inputmode="numeric" :class="{'is-invalid': isInvalid}" :data-pid="pid + additionalTag" :name="'quantity-' + pid + additionalTag" type="text" aria-label="Insira a quantidade" title="" v-model="displayValue" @change="updateQuantity" @focus="updateQtyFormat" @blur="restoreQtyFormat" :disabled="!isPriceAvailable">
                    <span class="quantity-icon quantity-icon--minus">
                    <button class="decrease-quantity-btn" @click="updateQuantity" :disabled="!isPriceAvailable" role="button" aria-label="Reduzir quantidade">
                    <i class="css-math-minus"></i>
                    </button>
                    </span>
                    <span class="quantity-icon quantity-icon--plus">
                    <button class="increase-quantity-btn" @click="updateQuantity" :disabled="isMaxQtyReached || !isPriceAvailable" role="button" aria-label="Aumentar quantidade">
                    <i class="css-math-plus"></i>
                    </button>
                    <span class="quantity-btn-disabled-placeholder"></span>
                    </span>
                    <template v-if="isPDP">
                    <span class="quantity-error ct-span-error text-sm-center product-max-allocation" v-if="isMaxQtyReached">
                    Quantidade máxima atingida
                    </span>
                    <span class="quantity-error ct-span-product text-sm-center product-allocation" v-if="!isMinQtyReached &amp;&amp; !isMaxQtyReached">
                    {{quantitySelected}} no carrinho
                    </span>
                    <span class="quantity-error ct-span-error text-sm-center product-min-allocation" :data-pid="pid" v-if="isMinQtyReached &amp;&amp; !isMaxQtyReached">
                    Quantidade mínima atingida
                    </span>
                    </template>
                    </div>
                    <template v-if="showNotes">
                    <div class="add-note-link-container ">
                    <div class="add-note">
                    <a href="/produto/pizza-ristorante-de-salame-mozzarella-e-pesto-ristorante-4720142.html?showNote=true" class="ct-add-note-redirect-pdp" aria-label="Adicionar comentário">
                    <span class="svg-wrapper svg-icon-notes" style="width:19px; height:20px">
                    <svg class="svg-inline icon-notes" viewBox="0 0 28 30" xmlns="http://www.w3.org/2000/svg" width="100%" height="100%"><path d="M21.738 0C22.985 0 24 1.04 24 2.319V12.47c0 .469-.37.848-.828.848-.457 0-.827-.38-.827-.848V2.32c0-.343-.273-.622-.607-.622H2.262c-.334 0-.607.279-.607.622V27.68c0 .343.273.622.607.622h7.81c.457 0 .827.38.827.849 0 .468-.37.848-.827.848h-7.81C1.015 30 0 28.96 0 27.681V2.32C0 1.04 1.015 0 2.262 0h19.476zm2.844 16.004l.227.007c.823.053 1.589.39 2.176.964.64.627.993 1.46.993 2.349 0 .888-.353 1.722-.993 2.348l-6.83 6.665c-.11.108-.247.186-.397.226l-5.032 1.363c-.078.021-.16.032-.241.032-.242 0-.478-.097-.647-.266-.23-.231-.314-.566-.218-.874l1.49-4.798c.044-.139.122-.266.227-.369l6.844-6.677c.64-.625 1.493-.97 2.401-.97zm-2.886 3.94l-4.922 4.802-.947 3.048 3.22-.872 4.897-4.78-2.248-2.197zm2.887-2.174c-.425 0-.824.162-1.124.455l-.484.472 2.248 2.197.484-.472c.62-.606.62-1.591 0-2.197l-.117-.104c-.283-.227-.636-.35-1.007-.35zm-10.839.022c.498 0 .904.396.904.883 0 .488-.406.884-.904.884H5.946c-.499 0-.904-.396-.904-.884 0-.487.405-.883.904-.883zm5.042-4.876c.498 0 .904.397.904.884s-.406.884-.904.884H5.946c-.499 0-.904-.397-.904-.884s.405-.884.904-.884zm0-4.875c.498 0 .904.396.904.884 0 .487-.406.883-.904.883H5.946c-.499 0-.904-.396-.904-.883 0-.488.405-.884.904-.884z" fill="#EB0203" fill-rule="evenodd"></path></svg>
                    </span>
                    <div class="available-note d-none"></div>
                    </a>
                    </div>
                    </div>
                    </template>
                    <div class="measurement-unit-section" v-if="isPriceAvailable &amp;&amp; prodUnits ? prodUnits.hasAlternativeUnit : false">
                    <div class="ct-form-radio" @click="setDimension">
                    <input type="radio" title="" class="ct-form-check-input product-measurement-unit" :data-type="prodUnits.selectedUnit == prodUnits.secondaryUnit ? 'primary' : ''" :id="prodUnits.secondaryUnit + '-' + pid + '-measurement-unit-ptile' + additionalTag" :name="'measurement-unit-' + pid + '-ptile' + additionalTag" :value="prodUnits.secondaryUnit" v-model="prodUnits.selectedUnit">
                    <label :class="prodUnits.secondaryUnit + '-label ct-form-check-label mb-0'" :for="prodUnits.secondaryUnit + '-' + pid + '-measurement-unit-ptile' + additionalTag">
                    {{prodUnits.secondaryUnit}}
                    </label>
                    <span class="checkmark"></span>
                    </div>
                    <div class="ct-form-radio" @click="setDimension">
                    <input type="radio" title="" class="ct-form-check-input product-measurement-unit" :data-type="prodUnits.selectedUnit == prodUnits.primaryUnit ? 'primary' : ''" :id="prodUnits.primaryUnit + '-' + pid + '-measurement-unit-ptile' + additionalTag" :name="'measurement-unit-' + pid + '-ptile' + additionalTag" :value="prodUnits.primaryUnit" v-model="prodUnits.selectedUnit">
                    <label :class="prodUnits.primaryUnit + '-label ct-form-check-label mb-0'" :for="prodUnits.primaryUnit + '-' + pid + '-measurement-unit-ptile' + additionalTag">
                    {{prodUnits.primaryUnit}}
                    </label>
                     <span class="checkmark"></span>
                    </div>
                    </div>
                    <template v-if="!isPDP &amp;&amp; isPriceAvailable">
                    <span class="quantity-error ct-span-error product-max-allocation" v-if="isMaxQtyReached">
                    Quantidade máxima atingida
                    </span>
                    <span class="quantity-error ct-span-product product-allocation" v-if="!isMinQtyReached &amp;&amp; !isMaxQtyReached">
                    {{quantitySelected}} no carrinho
                    </span>
                    <span class="quantity-error ct-span-error product-min-allocation" :data-pid="pid" v-if="isMinQtyReached &amp;&amp; !isMaxQtyReached">
                    Quantidade mínima atingida
                    </span>
                    </template>
                    </template>
                    </div>
                    <input class="quantity-value-mask d-none" name="quantity" type="number" min="0" value="">
                    </div>
                    <button type="button" class="add-to-cart button js-add-to-cart js-add-to-cart-tile 4720142 button--primary dynamic-layout-btn" data-toggle="modal" data-target="#chooseBonusProductModal" data-pid="4720142" data-quantity-value="null" aria-label="Carrinho">
                    <span class="d-block d-sm-none">
                    <span class="svg-wrapper svg-icon-cart" style="width:20px; height:20px">
                    <svg class="svg-inline icon-cart" xmlns="http://www.w3.org/2000/svg" viewBox="0 0 500 500" width="100%" height="100%"><path fill="#EB0203" fill-rule="evenodd" d="M 485.67317,94.386311 C 476.37798,83.847129 463.09468,78.03348 448.30404,78.03348 H 90.690813 L 87.079511,51.327997 C 83.185582,22.539551 62.962285,0 41.011841,0 H 14.727836 C 6.563151,0 0,6.5286975 0,14.580758 c 0,8.05206 6.5945535,14.580758 14.727836,14.580758 h 26.284005 c 4.710398,0 14.696435,9.855222 16.894619,26.021523 L 100.01739,368.0631 c 1.88416,13.77244 9.01256,26.70549 20.1605,36.37417 8.25889,7.15046 18.02511,11.9071 28.26237,13.89679 -4.17655,7.58572 -6.53175,16.25957 -6.53175,25.493 0,29.53459 24.27424,53.59751 54.13815,53.59751 29.8325,0 54.13814,-24.03184 54.13814,-53.59751 0,-8.79818 -2.19818,-17.09897 -5.9979,-24.43598 h 77.12488 c -3.79973,7.33701 -5.96652,15.6378 -5.96652,24.43598 0,29.53459 24.27424,53.59751 54.13817,53.59751 29.83249,0 54.13814,-24.03184 54.13814,-53.59751 0,-8.79818 -2.1982,-17.09897 -5.9979,-24.43598 h 38.56243 c 8.13328,0 14.72783,-6.5287 14.72783,-14.61183 0,-8.02098 -6.59455,-14.54967 -14.72783,-14.54967 H 159.24277 c -14.38241,0 -28.13677,-11.90711 -30.02092,-26.02153 l -3.07746,-22.88154 h 290.6314 c 14.03698,0 27.94834,-5.28513 39.06488,-14.95381 11.11652,-9.6376 18.27632,-22.57065 20.16048,-36.37417 l 21.10259,-156.78201 c 1.94694,-14.51858 -2.10398,-28.29103 -11.43057,-38.861299 z M 220.76053,443.82706 c 0,13.49265 -11.08513,24.46709 -24.68247,24.46709 -13.62874,0 -24.71387,-10.97444 -24.71387,-24.46709 0,-13.49262 11.08513,-24.43598 24.71387,-24.43598 13.59734,0 24.68247,10.94336 24.68247,24.43598 z m 173.43675,0 c 0,13.49265 -11.08512,24.46709 -24.68245,24.46709 -13.62876,0 -24.71388,-10.97444 -24.71388,-24.46709 0,-13.49262 11.08512,-24.43598 24.71388,-24.43598 13.59733,0 24.68245,10.94336 24.68245,24.43598 z m 73.7648,-314.46558 -21.13397,156.782 c -1.88416,14.11442 -15.63851,26.05261 -30.02091,26.05261 H 122.25046 L 94.616142,107.19499 H 448.33544 c 6.18632,0 11.61896,2.2695 15.23028,6.37326 3.64269,4.13484 5.21283,9.73086 4.39636,15.79323 z"></path></svg>
                    </span>
                    </span>
                    <span class="add-to-cart--text d-none d-sm-block">Carrinho</span>
                    </button>
                    
                    </div>
                    </div>
                    </div>
                    </div>
                    
                    <div class="col-12 d-sm-none">
                    </div>
                    </div>
                    </div>
                    </div>
                    </div>
                    <div class="col-12 col-sm-3 col-lg-2 productTile" data-idx="17">
                    
                    <script type="text/javascript">//<!--
                    /* <![CDATA[ */
                    (function(){
                    try {
                        if(window.CQuotient) {
                        var cq_params = {};
                        
                        cq_params.cookieId = window.CQuotient.getCQCookieId();
                        cq_params.userId = window.CQuotient.getCQUserId();
                        cq_params.emailId = CQuotient.getCQHashedEmail();
                        cq_params.loginId = CQuotient.getCQHashedLogin();
                        cq_params.accumulate = true;
                        cq_params.products = [{
                            id: '3002399',
                            sku: ''
                        }];
                        cq_params.categoryId = 'refeicoes-faceis';
                        cq_params.refinements = '[{\"name\":\"priceMin\",\"value\":\"0.01\"},{\"name\":\"priceMax\",\"value\":\"null\"},{\"name\":\"curr\",\"value\":\"EUR\"},{\"name\":\"Category\",\"value\":\"refeicoes-faceis\"}]';
                        cq_params.personalized = 'false';
                        cq_params.sortingRule = 'FRESH-Refei\u00E7\u00F5es F\u00E1ceis';
                        cq_params.imageUUID = '__UNDEFINED__';
                        cq_params.realm = "BDVS";
                        cq_params.siteId = "continente";
                        cq_params.instanceType = "prd";
                        cq_params.queryLocale = "default";
                        cq_params.locale = window.CQuotient.locale;
                        
                        if(window.CQuotient.sendActivity)
                            window.CQuotient.sendActivity(CQuotient.clientId, 'viewCategory', cq_params);
                        else
                            window.CQuotient.activities.push({
                                activityType: 'viewCategory',
                                parameters: cq_params
                            });
                      }
                    } catch(err) {}
                    })();
                    /* ]]> */
                    // -->
                    </script>
                    <script type="text/javascript">//<!--
                    /* <![CDATA[ (viewCategoryProduct-active_data.js) */
                    (function(){
                    try {
                        if (dw.ac) {
                            var search_params = {};
                            search_params.persd = 'false';
                            search_params.refs = '[{\"name\":\"priceMin\",\"value\":\"0.01\"},{\"name\":\"priceMax\",\"value\":\"null\"},{\"name\":\"curr\",\"value\":\"EUR\"},{\"name\":\"Category\",\"value\":\"refeicoes-faceis\"}]';
                            search_params.sort = 'FRESH-Refei\u00E7\u00F5es F\u00E1ceis';
                            search_params.imageUUID = '';
                            search_params.searchID = 'adc2ebee-ded6-4d71-a833-c4f63de27d3e';
                            search_params.locale = 'default';
                            search_params.queryLocale = 'default';
                            search_params.showProducts = 'true';
                            dw.ac.applyContext({category: "refeicoes-faceis", searchData: search_params});
                            if (typeof dw.ac._scheduleDataSubmission === "function") {
                                dw.ac._scheduleDataSubmission();
                            }
                        }
                    } catch(err) {}
                    })();
                    /* ]]> */
                    // -->
                    </script>
                    <script type="text/javascript">//<!--
                    /* <![CDATA[ (viewProduct-active_data.js) */
                    dw.ac._capture({id: "3002399", type: "searchhit"});
                    /* ]]> */
                    // -->
                    </script>
                    <div class="product" data-pid="3002399">
                    <div class="product-tile pid-3002399 ct-product-tile data-layer-pushed" data-delay-time="3000" data-variants-mapping="[]" data-in-cart-msg="no carrinho" data-one-product-added="Adicionado ao carrinho" data-remove-from-cart-msg="Removido do carrinho" data-stay-open="6000.0" data-product-tile-impression="{&quot;name&quot;:&quot;3002399&quot;,&quot;id&quot;:&quot;3002399&quot;,&quot;price&quot;:4.99,&quot;brand&quot;:&quot;Ristorante&quot;,&quot;category&quot;:[{&quot;category_level_1&quot;:&quot;Congelados&quot;},{&quot;category_level_2&quot;:&quot;Pizzas&quot;}],&quot;variant&quot;:&quot;&quot;}">
                    <div class="ct-inner-tile-wrap row no-gutters justify-content-center align-content-start">
                    
                    <div class="ct-image-container col-4 col-sm" data-confirmation-image="{&quot;url&quot;:&quot;https://www.continente.pt/dw/image/v2/BDVS_PRD/on/demandware.static/-/Sites-col-master-catalog/default/dw170f08a7/images/col/300/3002399-direito.jpg?sw=87&amp;sh=80&quot;,&quot;fallbackimage&quot;:{&quot;url&quot;:&quot;https://www.continente.pt/dw/image/v2/BDVS_PRD/on/demandware.static/Sites-continente-Site/-/default/dw7c42b4da/images/noimagelarge_product.png?sw=87&amp;sh=80&quot;,&quot;title&quot;:&quot;Pizza Ristorante de Pepperoni e Salame&quot;,&quot;alt&quot;:&quot;Pizza Ristorante de Pepperoni e Salame&quot;},&quot;title&quot;:&quot;Pizza Ristorante de Pepperoni e Salame&quot;,&quot;alt&quot;:&quot;Pizza Ristorante de Pepperoni e Salame&quot;}">
                    <a href="https://www.continente.pt/produto/pizza-ristorante-de-pepperoni-e-salame-ristorante-3002399.html?cgid=refeicoes-faceis">
                    <picture class="intrinsic intrinsic--square">
                    <img class="ct-tile-image lazyloaded" loading="lazy" onerror="this.onerror=null;this.src='/on/demandware.static/Sites-continente-Site/-/default/dw7c42b4da/images/noimagelarge_product.png';" data-src="https://www.continente.pt/dw/image/v2/BDVS_PRD/on/demandware.static/-/Sites-col-master-catalog/default/dw170f08a7/images/col/300/3002399-direito.jpg?sw=280&amp;sh=280" alt="Pizza Ristorante de Pepperoni e Salame" title="Pizza Ristorante de Pepperoni e Salame" src="https://www.continente.pt/dw/image/v2/BDVS_PRD/on/demandware.static/-/Sites-col-master-catalog/default/dw170f08a7/images/col/300/3002399-direito.jpg?sw=280&amp;sh=280">
                    </picture>
                    </a>
                    <div class=" ct-product-tile-badge ct-product-tile-badge--general">
                    <img class="img-fluid ct-tooltip-trigger lazyloaded" loading="lazy" data-src="https://www.continente.pt/dw/image/v2/BDVS_PRD/on/demandware.static/-/Sites-continente-Library/default/dwf71400b7/images/badges/general/col/congelado.png?sw=25&amp;sh=25" alt="Crachá do produto" title="" data-toggle="tooltip" data-placement="right" data-original-title="Congelado" src="https://www.continente.pt/dw/image/v2/BDVS_PRD/on/demandware.static/-/Sites-continente-Library/default/dwf71400b7/images/badges/general/col/congelado.png?sw=25&amp;sh=25">
                    </div>
                    <div class="color-swatches d-flex" style="margin-left: 5px;">
                    <div class="swatches d-flex">
                    </div>
                    </div>
                    </div>
                    <div class="ct-tile-body col col-sm-auto ">
                    <div class="ct-pdp-details">
                    <div class="ct-pdp-link">
                    <a class="ct-tile--description" href="https://www.continente.pt/produto/pizza-ristorante-de-pepperoni-e-salame-ristorante-3002399.html?cgid=refeicoes-faceis">Pizza Ristorante de Pepperoni e Salame</a>
                    <div class="ct-tile--favorite-top d-sm-none">
                    <button class="wishlist-toggler guest-mode inactive button button--tertiary" data-pid="3002399" data-add-url="https://www.continente.pt/on/demandware.store/Sites-continente-Site/default/Wishlist-AddProduct?pid=3002399" data-toggle="tooltip" aria-label="Adicionar aos favoritos " data-original-title="Adicionar aos favoritos" data-placement="top">
                    <svg class="active-content" width="100%" height="100%" viewBox="0 0 20 22" fill="none" xmlns="http://www.w3.org/2000/svg">
                    <path fill-rule="evenodd" clip-rule="evenodd" d="M0 1.53052C0 0.685236 0.692171 0 1.54601 0H15.0736C15.9274 0 16.6196 0.685235 16.6196 1.53052V13.4064L15.8127 13.922L14.2658 14.2658L12.7189 13.4064L10.6054 14.3818C10.4994 14.2451 10.3327 14.157 10.1452 14.157H6.76329C6.4431 14.157 6.18354 14.414 6.18354 14.731C6.18354 15.0479 6.4431 15.3049 6.76329 15.3049H10.1452C10.2478 15.3049 10.3441 15.2785 10.4277 15.2322L10.3126 16.8439L13.2345 20.2793H1.54601C0.69217 20.2793 0 19.5941 0 18.7488V1.53052ZM6.18354 5.5483C6.18354 5.23132 6.4431 4.97436 6.76329 4.97436H12.3676C12.6878 4.97436 12.9473 5.23132 12.9473 5.5483C12.9473 5.86528 12.6878 6.12224 12.3676 6.12224H6.76329C6.4431 6.12224 6.18354 5.86528 6.18354 5.5483ZM6.76329 11.0961C6.4431 11.0961 6.18354 11.3531 6.18354 11.6701C6.18354 11.987 6.4431 12.244 6.76329 12.244H12.3676C12.6878 12.244 12.9473 11.987 12.9473 11.6701C12.9473 11.3531 12.6878 11.0961 12.3676 11.0961H6.76329ZM6.18354 8.60985C6.18354 8.29287 6.4431 8.03591 6.76329 8.03591H12.3676C12.6878 8.03591 12.9473 8.29287 12.9473 8.60985C12.9473 8.92684 12.6878 9.1838 12.3676 9.1838H6.76329C6.4431 9.1838 6.18354 8.92684 6.18354 8.60985ZM3.67118 5.5483C3.67118 5.23132 3.93075 4.97436 4.25093 4.97436H4.63743C4.95762 4.97436 5.21719 5.23132 5.21719 5.5483C5.21719 5.86528 4.95762 6.12224 4.63743 6.12224H4.25093C3.93075 6.12224 3.67118 5.86528 3.67118 5.5483ZM4.25093 11.0961C3.93075 11.0961 3.67118 11.3531 3.67118 11.6701C3.67118 11.987 3.93075 12.244 4.25093 12.244H4.63743C4.95762 12.244 5.21719 11.987 5.21719 11.6701C5.21719 11.3531 4.95762 11.0961 4.63743 11.0961H4.25093ZM3.67118 8.60985C3.67118 8.29287 3.93075 8.03591 4.25093 8.03591H4.63743C4.95762 8.03591 5.21719 8.29287 5.21719 8.60985C5.21719 8.92684 4.95762 9.1838 4.63743 9.1838H4.25093C3.93075 9.1838 3.67118 8.92684 3.67118 8.60985ZM4.25093 14.157C3.93075 14.157 3.67118 14.414 3.67118 14.731C3.67118 15.0479 3.93075 15.3049 4.25093 15.3049H4.63743C4.95762 15.3049 5.21719 15.0479 5.21719 14.731C5.21719 14.414 4.95762 14.157 4.63743 14.157H4.25093Z" fill="#EB0203"></path>
                    <path fill-rule="evenodd" clip-rule="evenodd" d="M14.6252 13.6363C13.4918 12.6215 11.7817 12.5264 10.6569 13.4792C9.12421 14.7764 9.34841 16.8912 10.4409 18.0122L14.0159 21.6742C14.2197 21.8832 14.4928 22 14.7822 22C15.0737 22 15.3448 21.8852 15.5486 21.6762L19.1236 18.0142C20.214 16.8933 20.4423 14.7785 18.9075 13.4792C17.7827 12.5283 16.0724 12.6217 14.9391 13.6365C14.8855 13.6845 14.8331 13.7345 14.7822 13.7866C14.7313 13.7345 14.6789 13.6843 14.6252 13.6363ZM18.1546 14.3522C19.0973 15.1508 18.9962 16.4896 18.2891 17.2173C18.2888 17.2175 18.2886 17.2177 18.2884 17.218L14.7832 20.8084L11.2753 17.2151C11.2752 17.215 11.2751 17.2149 11.2749 17.2148C10.5677 16.4887 10.4678 15.1495 11.4104 14.3518L11.4108 14.3514C12.0745 13.7892 13.2018 13.82 13.9488 14.5846L14.7822 15.4378L15.6157 14.5846C16.3617 13.8211 17.4896 13.79 18.1545 14.3521" fill="#EB0203"></path>
                    </svg>
                    <svg class="inactive-content" width="100%" height="100%" viewBox="0 0 20 23" fill="none" xmlns="http://www.w3.org/2000/svg">
                    <path fill-rule="evenodd" clip-rule="evenodd" d="M6.18408 5.77914C6.18408 5.46223 6.44363 5.20532 6.7638 5.20532H12.3678C12.6879 5.20532 12.9475 5.46223 12.9475 5.77914C12.9475 6.09606 12.6879 6.35297 12.3678 6.35297H6.7638C6.44363 6.35297 6.18408 6.09606 6.18408 5.77914Z" fill="#EB0203"></path>
                    <path fill-rule="evenodd" clip-rule="evenodd" d="M6.18408 11.9034C6.18408 11.5865 6.44363 11.3296 6.7638 11.3296H12.3678C12.6879 11.3296 12.9475 11.5865 12.9475 11.9034C12.9475 12.2202 12.6879 12.4771 12.3678 12.4771H6.7638C6.44363 12.4771 6.18408 12.2202 6.18408 11.9034Z" fill="#EB0203"></path>
                    <path fill-rule="evenodd" clip-rule="evenodd" d="M6.18408 8.84116C6.18408 8.52424 6.44363 8.26733 6.7638 8.26733H12.3678C12.6879 8.26733 12.9475 8.52424 12.9475 8.84116C12.9475 9.15807 12.6879 9.41498 12.3678 9.41498H6.7638C6.44363 9.41498 6.18408 9.15807 6.18408 8.84116Z" fill="#EB0203"></path>
                    <path fill-rule="evenodd" clip-rule="evenodd" d="M6.18408 14.9655C6.18408 14.6486 6.44363 14.3917 6.7638 14.3917H10.1455C10.4657 14.3917 10.7252 14.6486 10.7252 14.9655C10.7252 15.2825 10.4657 15.5394 10.1455 15.5394H6.7638C6.44363 15.5394 6.18408 15.2825 6.18408 14.9655Z" fill="#EB0203"></path>
                    <path fill-rule="evenodd" clip-rule="evenodd" d="M3.67139 5.77914C3.67139 5.46223 3.93094 5.20532 4.25111 5.20532H4.63759C4.95776 5.20532 5.21731 5.46223 5.21731 5.77914C5.21731 6.09606 4.95776 6.35297 4.63759 6.35297H4.25111C3.93094 6.35297 3.67139 6.09606 3.67139 5.77914Z" fill="#EB0203"></path>
                    <path fill-rule="evenodd" clip-rule="evenodd" d="M3.67139 11.9034C3.67139 11.5865 3.93094 11.3296 4.25111 11.3296H4.63759C4.95776 11.3296 5.21731 11.5865 5.21731 11.9034C5.21731 12.2202 4.95776 12.4771 4.63759 12.4771H4.25111C3.93094 12.4771 3.67139 12.2202 3.67139 11.9034Z" fill="#EB0203"></path>
                    <path fill-rule="evenodd" clip-rule="evenodd" d="M3.67139 8.84116C3.67139 8.52424 3.93094 8.26733 4.25111 8.26733H4.63759C4.95776 8.26733 5.21731 8.52424 5.21731 8.84116C5.21731 9.15807 4.95776 9.41498 4.63759 9.41498H4.25111C3.93094 9.41498 3.67139 9.15807 3.67139 8.84116Z" fill="#EB0203"></path>
                    <path fill-rule="evenodd" clip-rule="evenodd" d="M3.67139 14.9655C3.67139 14.6486 3.93094 14.3917 4.25111 14.3917H4.63759C4.95776 14.3917 5.21731 14.6486 5.21731 14.9655C5.21731 15.2825 4.95776 15.5394 4.63759 15.5394H4.25111C3.93094 15.5394 3.67139 15.2825 3.67139 14.9655Z" fill="#EB0203"></path>
                    <path fill-rule="evenodd" clip-rule="evenodd" d="M0 1.76033C0 0.914738 0.692131 0.229248 1.54592 0.229248H15.0727C15.9265 0.229248 16.6186 0.914738 16.6186 1.76033V11.2818C16.6186 11.5989 16.3591 11.8559 16.0389 11.8559C15.7187 11.8559 15.4592 11.5989 15.4592 11.2818V1.76033C15.4592 1.54893 15.2862 1.37756 15.0727 1.37756H1.54592C1.33247 1.37756 1.15944 1.54893 1.15944 1.76033V18.985C1.15944 19.1964 1.33247 19.3678 1.54592 19.3678H9.27551C9.59568 19.3678 9.85523 19.6249 9.85523 19.942C9.85523 20.2591 9.59568 20.5161 9.27551 20.5161H1.54592C0.692131 20.5161 0 19.8306 0 18.985V1.76033Z" fill="#EB0203"></path>
                    <path fill-rule="evenodd" clip-rule="evenodd" d="M14.6254 13.8718C13.4921 12.8567 11.7821 12.7615 10.6574 13.7147C9.12472 15.0124 9.34891 17.128 10.4413 18.2493L14.0161 21.9126C14.2199 22.1217 14.493 22.2386 14.7824 22.2386C15.0739 22.2386 15.3449 22.1238 15.5487 21.9147L19.1235 18.2514C20.2139 17.13 20.4422 15.0144 18.9075 13.7147C17.7827 12.7634 16.0726 12.8569 14.9392 13.872C14.8856 13.92 14.8333 13.9701 14.7824 14.0222C14.7314 13.97 14.6791 13.9199 14.6254 13.8718ZM18.1546 14.588C19.0972 15.3869 18.9961 16.7262 18.2891 17.4541C18.2888 17.4543 18.2886 17.4546 18.2884 17.4548L14.7834 21.0466L11.2757 17.452C11.2756 17.4519 11.2755 17.4517 11.2753 17.4516C10.5681 16.7252 10.4682 15.3856 11.4108 14.5876L11.4112 14.5872C12.0748 14.0248 13.202 14.0556 13.949 14.8205L14.7824 15.674L15.6158 14.8205C16.3618 14.0567 17.4896 14.0256 18.1545 14.5879" fill="#EB0203"></path>
                    </svg>
                    </button>
                    </div>
                    </div>
                    <p class="ct-tile--brand">Ristorante</p>
                    <p class="ct-tile--quantity">emb. 337 gr</p>
                    </div>
                    <div class="ct-tile-bottom row no-gutters justify-content-between">
                    <div class="ct-price-wrap col-8 col-sm-12">
                    <div class="price js-product-price">
                    <div class="prices-wrapper">
                    <span class="sales ct-tile--price-primary ">
                    <span class="value" content="4.99">
                    <span class="ct-price-formatted">
                    €4,99
                    </span>
                    <span class="ct-m-unit">
                    /un
                    </span>
                    </span>
                    </span>
                    </div>
                    <div class="ct-tile--price-secondary">
                    <span class="ct-price-value">
                    €15,59
                    </span>
                    <span class="ct-m-unit">
                    /kg
                    </span>
                    </div>
                    </div>
                    </div>
                    <div class="ct-tile-buy-section d-flex justify-content-center no-gutters col-auto col-sm-12">
                    <div class="col-2 d-sm-flex d-none">
                    <button class="wishlist-toggler guest-mode inactive button button--tertiary" data-pid="3002399" data-add-url="https://www.continente.pt/on/demandware.store/Sites-continente-Site/default/Wishlist-AddProduct?pid=3002399" data-toggle="tooltip" aria-label="Adicionar aos favoritos " data-original-title="Adicionar aos favoritos" data-placement="top">
                    <svg class="active-content" width="100%" height="100%" viewBox="0 0 20 22" fill="none" xmlns="http://www.w3.org/2000/svg">
                    <path fill-rule="evenodd" clip-rule="evenodd" d="M0 1.53052C0 0.685236 0.692171 0 1.54601 0H15.0736C15.9274 0 16.6196 0.685235 16.6196 1.53052V13.4064L15.8127 13.922L14.2658 14.2658L12.7189 13.4064L10.6054 14.3818C10.4994 14.2451 10.3327 14.157 10.1452 14.157H6.76329C6.4431 14.157 6.18354 14.414 6.18354 14.731C6.18354 15.0479 6.4431 15.3049 6.76329 15.3049H10.1452C10.2478 15.3049 10.3441 15.2785 10.4277 15.2322L10.3126 16.8439L13.2345 20.2793H1.54601C0.69217 20.2793 0 19.5941 0 18.7488V1.53052ZM6.18354 5.5483C6.18354 5.23132 6.4431 4.97436 6.76329 4.97436H12.3676C12.6878 4.97436 12.9473 5.23132 12.9473 5.5483C12.9473 5.86528 12.6878 6.12224 12.3676 6.12224H6.76329C6.4431 6.12224 6.18354 5.86528 6.18354 5.5483ZM6.76329 11.0961C6.4431 11.0961 6.18354 11.3531 6.18354 11.6701C6.18354 11.987 6.4431 12.244 6.76329 12.244H12.3676C12.6878 12.244 12.9473 11.987 12.9473 11.6701C12.9473 11.3531 12.6878 11.0961 12.3676 11.0961H6.76329ZM6.18354 8.60985C6.18354 8.29287 6.4431 8.03591 6.76329 8.03591H12.3676C12.6878 8.03591 12.9473 8.29287 12.9473 8.60985C12.9473 8.92684 12.6878 9.1838 12.3676 9.1838H6.76329C6.4431 9.1838 6.18354 8.92684 6.18354 8.60985ZM3.67118 5.5483C3.67118 5.23132 3.93075 4.97436 4.25093 4.97436H4.63743C4.95762 4.97436 5.21719 5.23132 5.21719 5.5483C5.21719 5.86528 4.95762 6.12224 4.63743 6.12224H4.25093C3.93075 6.12224 3.67118 5.86528 3.67118 5.5483ZM4.25093 11.0961C3.93075 11.0961 3.67118 11.3531 3.67118 11.6701C3.67118 11.987 3.93075 12.244 4.25093 12.244H4.63743C4.95762 12.244 5.21719 11.987 5.21719 11.6701C5.21719 11.3531 4.95762 11.0961 4.63743 11.0961H4.25093ZM3.67118 8.60985C3.67118 8.29287 3.93075 8.03591 4.25093 8.03591H4.63743C4.95762 8.03591 5.21719 8.29287 5.21719 8.60985C5.21719 8.92684 4.95762 9.1838 4.63743 9.1838H4.25093C3.93075 9.1838 3.67118 8.92684 3.67118 8.60985ZM4.25093 14.157C3.93075 14.157 3.67118 14.414 3.67118 14.731C3.67118 15.0479 3.93075 15.3049 4.25093 15.3049H4.63743C4.95762 15.3049 5.21719 15.0479 5.21719 14.731C5.21719 14.414 4.95762 14.157 4.63743 14.157H4.25093Z" fill="#EB0203"></path>
                    <path fill-rule="evenodd" clip-rule="evenodd" d="M14.6252 13.6363C13.4918 12.6215 11.7817 12.5264 10.6569 13.4792C9.12421 14.7764 9.34841 16.8912 10.4409 18.0122L14.0159 21.6742C14.2197 21.8832 14.4928 22 14.7822 22C15.0737 22 15.3448 21.8852 15.5486 21.6762L19.1236 18.0142C20.214 16.8933 20.4423 14.7785 18.9075 13.4792C17.7827 12.5283 16.0724 12.6217 14.9391 13.6365C14.8855 13.6845 14.8331 13.7345 14.7822 13.7866C14.7313 13.7345 14.6789 13.6843 14.6252 13.6363ZM18.1546 14.3522C19.0973 15.1508 18.9962 16.4896 18.2891 17.2173C18.2888 17.2175 18.2886 17.2177 18.2884 17.218L14.7832 20.8084L11.2753 17.2151C11.2752 17.215 11.2751 17.2149 11.2749 17.2148C10.5677 16.4887 10.4678 15.1495 11.4104 14.3518L11.4108 14.3514C12.0745 13.7892 13.2018 13.82 13.9488 14.5846L14.7822 15.4378L15.6157 14.5846C16.3617 13.8211 17.4896 13.79 18.1545 14.3521" fill="#EB0203"></path>
                    </svg>
                    <svg class="inactive-content" width="100%" height="100%" viewBox="0 0 20 23" fill="none" xmlns="http://www.w3.org/2000/svg">
                    <path fill-rule="evenodd" clip-rule="evenodd" d="M6.18408 5.77914C6.18408 5.46223 6.44363 5.20532 6.7638 5.20532H12.3678C12.6879 5.20532 12.9475 5.46223 12.9475 5.77914C12.9475 6.09606 12.6879 6.35297 12.3678 6.35297H6.7638C6.44363 6.35297 6.18408 6.09606 6.18408 5.77914Z" fill="#EB0203"></path>
                    <path fill-rule="evenodd" clip-rule="evenodd" d="M6.18408 11.9034C6.18408 11.5865 6.44363 11.3296 6.7638 11.3296H12.3678C12.6879 11.3296 12.9475 11.5865 12.9475 11.9034C12.9475 12.2202 12.6879 12.4771 12.3678 12.4771H6.7638C6.44363 12.4771 6.18408 12.2202 6.18408 11.9034Z" fill="#EB0203"></path>
                    <path fill-rule="evenodd" clip-rule="evenodd" d="M6.18408 8.84116C6.18408 8.52424 6.44363 8.26733 6.7638 8.26733H12.3678C12.6879 8.26733 12.9475 8.52424 12.9475 8.84116C12.9475 9.15807 12.6879 9.41498 12.3678 9.41498H6.7638C6.44363 9.41498 6.18408 9.15807 6.18408 8.84116Z" fill="#EB0203"></path>
                    <path fill-rule="evenodd" clip-rule="evenodd" d="M6.18408 14.9655C6.18408 14.6486 6.44363 14.3917 6.7638 14.3917H10.1455C10.4657 14.3917 10.7252 14.6486 10.7252 14.9655C10.7252 15.2825 10.4657 15.5394 10.1455 15.5394H6.7638C6.44363 15.5394 6.18408 15.2825 6.18408 14.9655Z" fill="#EB0203"></path>
                    <path fill-rule="evenodd" clip-rule="evenodd" d="M3.67139 5.77914C3.67139 5.46223 3.93094 5.20532 4.25111 5.20532H4.63759C4.95776 5.20532 5.21731 5.46223 5.21731 5.77914C5.21731 6.09606 4.95776 6.35297 4.63759 6.35297H4.25111C3.93094 6.35297 3.67139 6.09606 3.67139 5.77914Z" fill="#EB0203"></path>
                    <path fill-rule="evenodd" clip-rule="evenodd" d="M3.67139 11.9034C3.67139 11.5865 3.93094 11.3296 4.25111 11.3296H4.63759C4.95776 11.3296 5.21731 11.5865 5.21731 11.9034C5.21731 12.2202 4.95776 12.4771 4.63759 12.4771H4.25111C3.93094 12.4771 3.67139 12.2202 3.67139 11.9034Z" fill="#EB0203"></path>
                    <path fill-rule="evenodd" clip-rule="evenodd" d="M3.67139 8.84116C3.67139 8.52424 3.93094 8.26733 4.25111 8.26733H4.63759C4.95776 8.26733 5.21731 8.52424 5.21731 8.84116C5.21731 9.15807 4.95776 9.41498 4.63759 9.41498H4.25111C3.93094 9.41498 3.67139 9.15807 3.67139 8.84116Z" fill="#EB0203"></path>
                    <path fill-rule="evenodd" clip-rule="evenodd" d="M3.67139 14.9655C3.67139 14.6486 3.93094 14.3917 4.25111 14.3917H4.63759C4.95776 14.3917 5.21731 14.6486 5.21731 14.9655C5.21731 15.2825 4.95776 15.5394 4.63759 15.5394H4.25111C3.93094 15.5394 3.67139 15.2825 3.67139 14.9655Z" fill="#EB0203"></path>
                    <path fill-rule="evenodd" clip-rule="evenodd" d="M0 1.76033C0 0.914738 0.692131 0.229248 1.54592 0.229248H15.0727C15.9265 0.229248 16.6186 0.914738 16.6186 1.76033V11.2818C16.6186 11.5989 16.3591 11.8559 16.0389 11.8559C15.7187 11.8559 15.4592 11.5989 15.4592 11.2818V1.76033C15.4592 1.54893 15.2862 1.37756 15.0727 1.37756H1.54592C1.33247 1.37756 1.15944 1.54893 1.15944 1.76033V18.985C1.15944 19.1964 1.33247 19.3678 1.54592 19.3678H9.27551C9.59568 19.3678 9.85523 19.6249 9.85523 19.942C9.85523 20.2591 9.59568 20.5161 9.27551 20.5161H1.54592C0.692131 20.5161 0 19.8306 0 18.985V1.76033Z" fill="#EB0203"></path>
                    <path fill-rule="evenodd" clip-rule="evenodd" d="M14.6254 13.8718C13.4921 12.8567 11.7821 12.7615 10.6574 13.7147C9.12472 15.0124 9.34891 17.128 10.4413 18.2493L14.0161 21.9126C14.2199 22.1217 14.493 22.2386 14.7824 22.2386C15.0739 22.2386 15.3449 22.1238 15.5487 21.9147L19.1235 18.2514C20.2139 17.13 20.4422 15.0144 18.9075 13.7147C17.7827 12.7634 16.0726 12.8569 14.9392 13.872C14.8856 13.92 14.8333 13.9701 14.7824 14.0222C14.7314 13.97 14.6791 13.9199 14.6254 13.8718ZM18.1546 14.588C19.0972 15.3869 18.9961 16.7262 18.2891 17.4541C18.2888 17.4543 18.2886 17.4546 18.2884 17.4548L14.7834 21.0466L11.2757 17.452C11.2756 17.4519 11.2755 17.4517 11.2753 17.4516C10.5681 16.7252 10.4682 15.3856 11.4108 14.5876L11.4112 14.5872C12.0748 14.0248 13.202 14.0556 13.949 14.8205L14.7824 15.674L15.6158 14.8205C16.3618 14.0567 17.4896 14.0256 18.1545 14.5879" fill="#EB0203"></path>
                    </svg>
                    </button>
                    </div>
                    <div class="col-sm-10 col-12">
                    <div class="ct-tile-quantity d-none" data-pid="3002399">
                    <input type="hidden" class="add-to-cart-url" value="https://www.continente.pt/on/demandware.store/Sites-continente-Site/default/Cart-AddProduct">
                    <div class="d-none tile-delete-confirmation-btn" data-pid="3002399" data-delay-time="3000" data-in-cart-msg="no carrinho" data-one-product-added="Adicionado ao carrinho" data-remove-from-cart-msg="Removido do carrinho" data-stay-open="6000.0" data-confirmation-image="{&quot;url&quot;:&quot;https://www.continente.pt/dw/image/v2/BDVS_PRD/on/demandware.static/-/Sites-col-master-catalog/default/dw170f08a7/images/col/300/3002399-direito.jpg?sw=87&amp;sh=80&quot;,&quot;fallbackimage&quot;:{&quot;url&quot;:&quot;https://www.continente.pt/dw/image/v2/BDVS_PRD/on/demandware.static/Sites-continente-Site/-/default/dw7c42b4da/images/noimagelarge_product.png?sw=87&amp;sh=80&quot;,&quot;title&quot;:&quot;Pizza Ristorante de Pepperoni e Salame&quot;,&quot;alt&quot;:&quot;Pizza Ristorante de Pepperoni e Salame&quot;},&quot;title&quot;:&quot;Pizza Ristorante de Pepperoni e Salame&quot;,&quot;alt&quot;:&quot;Pizza Ristorante de Pepperoni e Salame&quot;}"></div>
                    <div class="ct-tile-quantity-update quantity-update product-qty-vue" data-remove-action="https://www.continente.pt/on/demandware.store/Sites-continente-Site/default/Cart-RemoveProductLineItem" data-action="https://www.continente.pt/on/demandware.store/Sites-continente-Site/default/Cart-UpdateQuantity" data-dimension-update="https://www.continente.pt/on/demandware.store/Sites-continente-Site/default/Cart-DimensionUpdate" data-pid="3002399" data-uuid="81bc3ca80afe4a49dbcc819dc7" data-add-delay="500.0" data-measure-options="{&quot;hasConversionRate&quot;:false,&quot;hasAlternativeSaleUnit&quot;:false,&quot;unitConversionRate&quot;:0,&quot;minOrderQuantity&quot;:1,&quot;stepQuantity&quot;:1,&quot;primaryunit&quot;:&quot;un&quot;,&quot;secondaryunit&quot;:&quot;kg&quot;,&quot;selectedunit&quot;:&quot;primary&quot;,&quot;maxNumberOfUnitsPerSale&quot;:50}" data-price-available="null" :data-has-error="isMaxQtyReached || isMinQtyReached || qtySelectedMoreThanOne">
                    <template v-show="prodUnits">
                    <div class="quantity-input-wrapper has-units">
                    <label class="visually-hidden" :for="'quantity-' + pid + additionalTag">
                    Quantidade no carrinho
                    </label>
                    <input :ref="'quantityInput-' + pid + additionalTag" class="add-to-cart-quantity form-control ct-form-input text-center" inputmode="numeric" :class="{'is-invalid': isInvalid}" :data-pid="pid + additionalTag" :name="'quantity-' + pid + additionalTag" type="text" aria-label="Insira a quantidade" title="" v-model="displayValue" @change="updateQuantity" @focus="updateQtyFormat" @blur="restoreQtyFormat" :disabled="!isPriceAvailable">
                    <span class="quantity-icon quantity-icon--minus">
                    <button class="decrease-quantity-btn" @click="updateQuantity" :disabled="!isPriceAvailable" role="button" aria-label="Reduzir quantidade">
                    <i class="css-math-minus"></i>
                    </button>
                    </span>
                    <span class="quantity-icon quantity-icon--plus">
                    <button class="increase-quantity-btn" @click="updateQuantity" :disabled="isMaxQtyReached || !isPriceAvailable" role="button" aria-label="Aumentar quantidade">
                    <i class="css-math-plus"></i>
                    </button>
                    <span class="quantity-btn-disabled-placeholder"></span>
                    </span>
                    <template v-if="isPDP">
                    <span class="quantity-error ct-span-error text-sm-center product-max-allocation" v-if="isMaxQtyReached">
                    Quantidade máxima atingida
                    </span>
                    <span class="quantity-error ct-span-product text-sm-center product-allocation" v-if="!isMinQtyReached &amp;&amp; !isMaxQtyReached">
                    {{quantitySelected}} no carrinho
                    </span>
                    <span class="quantity-error ct-span-error text-sm-center product-min-allocation" :data-pid="pid" v-if="isMinQtyReached &amp;&amp; !isMaxQtyReached">
                    Quantidade mínima atingida
                    </span>
                    </template>
                    </div>
                    <template v-if="showNotes">
                    <div class="add-note-link-container ">
                    <div class="add-note">
                    <a href="/produto/pizza-ristorante-de-pepperoni-e-salame-ristorante-3002399.html?showNote=true" class="ct-add-note-redirect-pdp" aria-label="Adicionar comentário">
                    <span class="svg-wrapper svg-icon-notes" style="width:19px; height:20px">
                    <svg class="svg-inline icon-notes" viewBox="0 0 28 30" xmlns="http://www.w3.org/2000/svg" width="100%" height="100%"><path d="M21.738 0C22.985 0 24 1.04 24 2.319V12.47c0 .469-.37.848-.828.848-.457 0-.827-.38-.827-.848V2.32c0-.343-.273-.622-.607-.622H2.262c-.334 0-.607.279-.607.622V27.68c0 .343.273.622.607.622h7.81c.457 0 .827.38.827.849 0 .468-.37.848-.827.848h-7.81C1.015 30 0 28.96 0 27.681V2.32C0 1.04 1.015 0 2.262 0h19.476zm2.844 16.004l.227.007c.823.053 1.589.39 2.176.964.64.627.993 1.46.993 2.349 0 .888-.353 1.722-.993 2.348l-6.83 6.665c-.11.108-.247.186-.397.226l-5.032 1.363c-.078.021-.16.032-.241.032-.242 0-.478-.097-.647-.266-.23-.231-.314-.566-.218-.874l1.49-4.798c.044-.139.122-.266.227-.369l6.844-6.677c.64-.625 1.493-.97 2.401-.97zm-2.886 3.94l-4.922 4.802-.947 3.048 3.22-.872 4.897-4.78-2.248-2.197zm2.887-2.174c-.425 0-.824.162-1.124.455l-.484.472 2.248 2.197.484-.472c.62-.606.62-1.591 0-2.197l-.117-.104c-.283-.227-.636-.35-1.007-.35zm-10.839.022c.498 0 .904.396.904.883 0 .488-.406.884-.904.884H5.946c-.499 0-.904-.396-.904-.884 0-.487.405-.883.904-.883zm5.042-4.876c.498 0 .904.397.904.884s-.406.884-.904.884H5.946c-.499 0-.904-.397-.904-.884s.405-.884.904-.884zm0-4.875c.498 0 .904.396.904.884 0 .487-.406.883-.904.883H5.946c-.499 0-.904-.396-.904-.883 0-.488.405-.884.904-.884z" fill="#EB0203" fill-rule="evenodd"></path></svg>
                    </span>
                    <div class="available-note d-none"></div>
                    </a>
                    </div>
                    </div>
                    </template>
                    <div class="measurement-unit-section" v-if="isPriceAvailable &amp;&amp; prodUnits ? prodUnits.hasAlternativeUnit : false">
                    <div class="ct-form-radio" @click="setDimension">
                    <input type="radio" title="" class="ct-form-check-input product-measurement-unit" :data-type="prodUnits.selectedUnit == prodUnits.secondaryUnit ? 'primary' : ''" :id="prodUnits.secondaryUnit + '-' + pid + '-measurement-unit-ptile' + additionalTag" :name="'measurement-unit-' + pid + '-ptile' + additionalTag" :value="prodUnits.secondaryUnit" v-model="prodUnits.selectedUnit">
                    <label :class="prodUnits.secondaryUnit + '-label ct-form-check-label mb-0'" :for="prodUnits.secondaryUnit + '-' + pid + '-measurement-unit-ptile' + additionalTag">
                    {{prodUnits.secondaryUnit}}
                    </label>
                    <span class="checkmark"></span>
                    </div>
                    <div class="ct-form-radio" @click="setDimension">
                    <input type="radio" title="" class="ct-form-check-input product-measurement-unit" :data-type="prodUnits.selectedUnit == prodUnits.primaryUnit ? 'primary' : ''" :id="prodUnits.primaryUnit + '-' + pid + '-measurement-unit-ptile' + additionalTag" :name="'measurement-unit-' + pid + '-ptile' + additionalTag" :value="prodUnits.primaryUnit" v-model="prodUnits.selectedUnit">
                    <label :class="prodUnits.primaryUnit + '-label ct-form-check-label mb-0'" :for="prodUnits.primaryUnit + '-' + pid + '-measurement-unit-ptile' + additionalTag">
                    {{prodUnits.primaryUnit}}
                    </label>
                    <span class="checkmark"></span>
                    </div>
                    </div>
                    <template v-if="!isPDP &amp;&amp; isPriceAvailable">
                    <span class="quantity-error ct-span-error product-max-allocation" v-if="isMaxQtyReached">
                    Quantidade máxima atingida
                    </span>
                    <span class="quantity-error ct-span-product product-allocation" v-if="!isMinQtyReached &amp;&amp; !isMaxQtyReached">
                    {{quantitySelected}} no carrinho
                    </span>
                    <span class="quantity-error ct-span-error product-min-allocation" :data-pid="pid" v-if="isMinQtyReached &amp;&amp; !isMaxQtyReached">
                    Quantidade mínima atingida
                    </span>
                    </template>
                    </template>
                    </div>
                    <input class="quantity-value-mask d-none" name="quantity" type="number" min="0" value="">
                    </div>
                    <button type="button" class="add-to-cart button js-add-to-cart js-add-to-cart-tile 3002399 button--primary dynamic-layout-btn" data-toggle="modal" data-target="#chooseBonusProductModal" data-pid="3002399" data-quantity-value="null" aria-label="Carrinho">
                    <span class="d-block d-sm-none">
                    <span class="svg-wrapper svg-icon-cart" style="width:20px; height:20px">
                    <svg class="svg-inline icon-cart" xmlns="http://www.w3.org/2000/svg" viewBox="0 0 500 500" width="100%" height="100%"><path fill="#EB0203" fill-rule="evenodd" d="M 485.67317,94.386311 C 476.37798,83.847129 463.09468,78.03348 448.30404,78.03348 H 90.690813 L 87.079511,51.327997 C 83.185582,22.539551 62.962285,0 41.011841,0 H 14.727836 C 6.563151,0 0,6.5286975 0,14.580758 c 0,8.05206 6.5945535,14.580758 14.727836,14.580758 h 26.284005 c 4.710398,0 14.696435,9.855222 16.894619,26.021523 L 100.01739,368.0631 c 1.88416,13.77244 9.01256,26.70549 20.1605,36.37417 8.25889,7.15046 18.02511,11.9071 28.26237,13.89679 -4.17655,7.58572 -6.53175,16.25957 -6.53175,25.493 0,29.53459 24.27424,53.59751 54.13815,53.59751 29.8325,0 54.13814,-24.03184 54.13814,-53.59751 0,-8.79818 -2.19818,-17.09897 -5.9979,-24.43598 h 77.12488 c -3.79973,7.33701 -5.96652,15.6378 -5.96652,24.43598 0,29.53459 24.27424,53.59751 54.13817,53.59751 29.83249,0 54.13814,-24.03184 54.13814,-53.59751 0,-8.79818 -2.1982,-17.09897 -5.9979,-24.43598 h 38.56243 c 8.13328,0 14.72783,-6.5287 14.72783,-14.61183 0,-8.02098 -6.59455,-14.54967 -14.72783,-14.54967 H 159.24277 c -14.38241,0 -28.13677,-11.90711 -30.02092,-26.02153 l -3.07746,-22.88154 h 290.6314 c 14.03698,0 27.94834,-5.28513 39.06488,-14.95381 11.11652,-9.6376 18.27632,-22.57065 20.16048,-36.37417 l 21.10259,-156.78201 c 1.94694,-14.51858 -2.10398,-28.29103 -11.43057,-38.861299 z M 220.76053,443.82706 c 0,13.49265 -11.08513,24.46709 -24.68247,24.46709 -13.62874,0 -24.71387,-10.97444 -24.71387,-24.46709 0,-13.49262 11.08513,-24.43598 24.71387,-24.43598 13.59734,0 24.68247,10.94336 24.68247,24.43598 z m 173.43675,0 c 0,13.49265 -11.08512,24.46709 -24.68245,24.46709 -13.62876,0 -24.71388,-10.97444 -24.71388,-24.46709 0,-13.49262 11.08512,-24.43598 24.71388,-24.43598 13.59733,0 24.68245,10.94336 24.68245,24.43598 z m 73.7648,-314.46558 -21.13397,156.782 c -1.88416,14.11442 -15.63851,26.05261 -30.02091,26.05261 H 122.25046 L 94.616142,107.19499 H 448.33544 c 6.18632,0 11.61896,2.2695 15.23028,6.37326 3.64269,4.13484 5.21283,9.73086 4.39636,15.79323 z"></path></svg>
                    </span>
                    </span>
                    <span class="add-to-cart--text d-none d-sm-block">Carrinho</span>
                    </button>
                    </div>
                    </div>
                    </div>
                    </div>
                    
                    <div class="col-12 d-sm-none">
                    </div>
                    </div>
                    </div>
                    </div>
                    </div>
                    <div class="col-12 col-sm-3 col-lg-2 productTile" data-idx="18">
                    
                    <script type="text/javascript">//<!--
                    /* <![CDATA[ */
                    (function(){
                    try {
                        if(window.CQuotient) {
                        var cq_params = {};
                        
                        cq_params.cookieId = window.CQuotient.getCQCookieId();
                        cq_params.userId = window.CQuotient.getCQUserId();
                        cq_params.emailId = CQuotient.getCQHashedEmail();
                        cq_params.loginId = CQuotient.getCQHashedLogin();
                        cq_params.accumulate = true;
                        cq_params.products = [{
                            id: '3002428',
                            sku: ''
                        }];
                        cq_params.categoryId = 'refeicoes-faceis';
                        cq_params.refinements = '[{\"name\":\"priceMin\",\"value\":\"0.01\"},{\"name\":\"priceMax\",\"value\":\"null\"},{\"name\":\"curr\",\"value\":\"EUR\"},{\"name\":\"Category\",\"value\":\"refeicoes-faceis\"}]';
                        cq_params.personalized = 'false';
                        cq_params.sortingRule = 'FRESH-Refei\u00E7\u00F5es F\u00E1ceis';
                        cq_params.imageUUID = '__UNDEFINED__';
                        cq_params.realm = "BDVS";
                        cq_params.siteId = "continente";
                        cq_params.instanceType = "prd";
                        cq_params.queryLocale = "default";
                        cq_params.locale = window.CQuotient.locale;
                        
                        if(window.CQuotient.sendActivity)
                            window.CQuotient.sendActivity(CQuotient.clientId, 'viewCategory', cq_params);
                        else
                            window.CQuotient.activities.push({
                                activityType: 'viewCategory',
                                parameters: cq_params
                            });
                      }
                    } catch(err) {}
                    })();
                    /* ]]> */
                    // -->
                    </script>
                    <script type="text/javascript">//<!--
                    /* <![CDATA[ (viewCategoryProduct-active_data.js) */
                    (function(){
                    try {
                        if (dw.ac) {
                            var search_params = {};
                            search_params.persd = 'false';
                            search_params.refs = '[{\"name\":\"priceMin\",\"value\":\"0.01\"},{\"name\":\"priceMax\",\"value\":\"null\"},{\"name\":\"curr\",\"value\":\"EUR\"},{\"name\":\"Category\",\"value\":\"refeicoes-faceis\"}]';
                            search_params.sort = 'FRESH-Refei\u00E7\u00F5es F\u00E1ceis';
                            search_params.imageUUID = '';
                            search_params.searchID = 'adc2ebee-ded6-4d71-a833-c4f63de27d3e';
                            search_params.locale = 'default';
                            search_params.queryLocale = 'default';
                            search_params.showProducts = 'true';
                            dw.ac.applyContext({category: "refeicoes-faceis", searchData: search_params});
                            if (typeof dw.ac._scheduleDataSubmission === "function") {
                                dw.ac._scheduleDataSubmission();
                            }
                        }
                    } catch(err) {}
                    })();
                    /* ]]> */
                    // -->
                    </script>
                    <script type="text/javascript">//<!--
                    /* <![CDATA[ (viewProduct-active_data.js) */
                    dw.ac._capture({id: "3002428", type: "searchhit"});
                    /* ]]> */
                    // -->
                    </script>
                    <div class="product" data-pid="3002428">
                    <div class="product-tile pid-3002428 ct-product-tile data-layer-pushed" data-delay-time="3000" data-variants-mapping="[]" data-in-cart-msg="no carrinho" data-one-product-added="Adicionado ao carrinho" data-remove-from-cart-msg="Removido do carrinho" data-stay-open="6000.0" data-product-tile-impression="{&quot;name&quot;:&quot;3002428&quot;,&quot;id&quot;:&quot;3002428&quot;,&quot;price&quot;:4.99,&quot;brand&quot;:&quot;Ristorante&quot;,&quot;category&quot;:[{&quot;category_level_1&quot;:&quot;Congelados&quot;},{&quot;category_level_2&quot;:&quot;Pizzas&quot;}],&quot;variant&quot;:&quot;&quot;}">
                    <div class="ct-inner-tile-wrap row no-gutters justify-content-center align-content-start">
                    
                    <div class="ct-image-container col-4 col-sm" data-confirmation-image="{&quot;url&quot;:&quot;https://www.continente.pt/dw/image/v2/BDVS_PRD/on/demandware.static/-/Sites-col-master-catalog/default/dw2da4513e/images/col/300/3002428-direito.jpg?sw=87&amp;sh=80&quot;,&quot;fallbackimage&quot;:{&quot;url&quot;:&quot;https://www.continente.pt/dw/image/v2/BDVS_PRD/on/demandware.static/Sites-continente-Site/-/default/dw7c42b4da/images/noimagelarge_product.png?sw=87&amp;sh=80&quot;,&quot;title&quot;:&quot;Pizza Ristorante Hawai&quot;,&quot;alt&quot;:&quot;Pizza Ristorante Hawai&quot;},&quot;title&quot;:&quot;Pizza Ristorante Hawai&quot;,&quot;alt&quot;:&quot;Pizza Ristorante Hawai&quot;}">
                    <a href="https://www.continente.pt/produto/pizza-ristorante-hawai-ristorante-3002428.html?cgid=refeicoes-faceis">
                    <picture class="intrinsic intrinsic--square">
                    <img class="ct-tile-image lazyloaded" loading="lazy" onerror="this.onerror=null;this.src='/on/demandware.static/Sites-continente-Site/-/default/dw7c42b4da/images/noimagelarge_product.png';" data-src="https://www.continente.pt/dw/image/v2/BDVS_PRD/on/demandware.static/-/Sites-col-master-catalog/default/dw2da4513e/images/col/300/3002428-direito.jpg?sw=280&amp;sh=280" alt="Pizza Ristorante Hawai" title="Pizza Ristorante Hawai" src="https://www.continente.pt/dw/image/v2/BDVS_PRD/on/demandware.static/-/Sites-col-master-catalog/default/dw2da4513e/images/col/300/3002428-direito.jpg?sw=280&amp;sh=280">
                    </picture>
                    </a>
                    <div class=" ct-product-tile-badge ct-product-tile-badge--general">
                    <img class="img-fluid ct-tooltip-trigger lazyloaded" loading="lazy" data-src="https://www.continente.pt/dw/image/v2/BDVS_PRD/on/demandware.static/-/Sites-continente-Library/default/dwf71400b7/images/badges/general/col/congelado.png?sw=25&amp;sh=25" alt="Crachá do produto" title="" data-toggle="tooltip" data-placement="right" data-original-title="Congelado" src="https://www.continente.pt/dw/image/v2/BDVS_PRD/on/demandware.static/-/Sites-continente-Library/default/dwf71400b7/images/badges/general/col/congelado.png?sw=25&amp;sh=25">
                    </div>
                    <div class="color-swatches d-flex" style="margin-left: 5px;">
                    <div class="swatches d-flex">
                    </div>
                    </div>
                    </div>
                    <div class="ct-tile-body col col-sm-auto ">
                    <div class="ct-pdp-details">
                    <div class="ct-pdp-link">
                    <a class="ct-tile--description" href="https://www.continente.pt/produto/pizza-ristorante-hawai-ristorante-3002428.html?cgid=refeicoes-faceis">Pizza Ristorante Hawai</a>
                    <div class="ct-tile--favorite-top d-sm-none">
                    <button class="wishlist-toggler guest-mode inactive button button--tertiary" data-pid="3002428" data-add-url="https://www.continente.pt/on/demandware.store/Sites-continente-Site/default/Wishlist-AddProduct?pid=3002428" data-toggle="tooltip" aria-label="Adicionar aos favoritos " data-original-title="Adicionar aos favoritos" data-placement="top">
                    <svg class="active-content" width="100%" height="100%" viewBox="0 0 20 22" fill="none" xmlns="http://www.w3.org/2000/svg">
                    <path fill-rule="evenodd" clip-rule="evenodd" d="M0 1.53052C0 0.685236 0.692171 0 1.54601 0H15.0736C15.9274 0 16.6196 0.685235 16.6196 1.53052V13.4064L15.8127 13.922L14.2658 14.2658L12.7189 13.4064L10.6054 14.3818C10.4994 14.2451 10.3327 14.157 10.1452 14.157H6.76329C6.4431 14.157 6.18354 14.414 6.18354 14.731C6.18354 15.0479 6.4431 15.3049 6.76329 15.3049H10.1452C10.2478 15.3049 10.3441 15.2785 10.4277 15.2322L10.3126 16.8439L13.2345 20.2793H1.54601C0.69217 20.2793 0 19.5941 0 18.7488V1.53052ZM6.18354 5.5483C6.18354 5.23132 6.4431 4.97436 6.76329 4.97436H12.3676C12.6878 4.97436 12.9473 5.23132 12.9473 5.5483C12.9473 5.86528 12.6878 6.12224 12.3676 6.12224H6.76329C6.4431 6.12224 6.18354 5.86528 6.18354 5.5483ZM6.76329 11.0961C6.4431 11.0961 6.18354 11.3531 6.18354 11.6701C6.18354 11.987 6.4431 12.244 6.76329 12.244H12.3676C12.6878 12.244 12.9473 11.987 12.9473 11.6701C12.9473 11.3531 12.6878 11.0961 12.3676 11.0961H6.76329ZM6.18354 8.60985C6.18354 8.29287 6.4431 8.03591 6.76329 8.03591H12.3676C12.6878 8.03591 12.9473 8.29287 12.9473 8.60985C12.9473 8.92684 12.6878 9.1838 12.3676 9.1838H6.76329C6.4431 9.1838 6.18354 8.92684 6.18354 8.60985ZM3.67118 5.5483C3.67118 5.23132 3.93075 4.97436 4.25093 4.97436H4.63743C4.95762 4.97436 5.21719 5.23132 5.21719 5.5483C5.21719 5.86528 4.95762 6.12224 4.63743 6.12224H4.25093C3.93075 6.12224 3.67118 5.86528 3.67118 5.5483ZM4.25093 11.0961C3.93075 11.0961 3.67118 11.3531 3.67118 11.6701C3.67118 11.987 3.93075 12.244 4.25093 12.244H4.63743C4.95762 12.244 5.21719 11.987 5.21719 11.6701C5.21719 11.3531 4.95762 11.0961 4.63743 11.0961H4.25093ZM3.67118 8.60985C3.67118 8.29287 3.93075 8.03591 4.25093 8.03591H4.63743C4.95762 8.03591 5.21719 8.29287 5.21719 8.60985C5.21719 8.92684 4.95762 9.1838 4.63743 9.1838H4.25093C3.93075 9.1838 3.67118 8.92684 3.67118 8.60985ZM4.25093 14.157C3.93075 14.157 3.67118 14.414 3.67118 14.731C3.67118 15.0479 3.93075 15.3049 4.25093 15.3049H4.63743C4.95762 15.3049 5.21719 15.0479 5.21719 14.731C5.21719 14.414 4.95762 14.157 4.63743 14.157H4.25093Z" fill="#EB0203"></path>
                    <path fill-rule="evenodd" clip-rule="evenodd" d="M14.6252 13.6363C13.4918 12.6215 11.7817 12.5264 10.6569 13.4792C9.12421 14.7764 9.34841 16.8912 10.4409 18.0122L14.0159 21.6742C14.2197 21.8832 14.4928 22 14.7822 22C15.0737 22 15.3448 21.8852 15.5486 21.6762L19.1236 18.0142C20.214 16.8933 20.4423 14.7785 18.9075 13.4792C17.7827 12.5283 16.0724 12.6217 14.9391 13.6365C14.8855 13.6845 14.8331 13.7345 14.7822 13.7866C14.7313 13.7345 14.6789 13.6843 14.6252 13.6363ZM18.1546 14.3522C19.0973 15.1508 18.9962 16.4896 18.2891 17.2173C18.2888 17.2175 18.2886 17.2177 18.2884 17.218L14.7832 20.8084L11.2753 17.2151C11.2752 17.215 11.2751 17.2149 11.2749 17.2148C10.5677 16.4887 10.4678 15.1495 11.4104 14.3518L11.4108 14.3514C12.0745 13.7892 13.2018 13.82 13.9488 14.5846L14.7822 15.4378L15.6157 14.5846C16.3617 13.8211 17.4896 13.79 18.1545 14.3521" fill="#EB0203"></path>
                    </svg>
                    <svg class="inactive-content" width="100%" height="100%" viewBox="0 0 20 23" fill="none" xmlns="http://www.w3.org/2000/svg">
                    <path fill-rule="evenodd" clip-rule="evenodd" d="M6.18408 5.77914C6.18408 5.46223 6.44363 5.20532 6.7638 5.20532H12.3678C12.6879 5.20532 12.9475 5.46223 12.9475 5.77914C12.9475 6.09606 12.6879 6.35297 12.3678 6.35297H6.7638C6.44363 6.35297 6.18408 6.09606 6.18408 5.77914Z" fill="#EB0203"></path>
                    <path fill-rule="evenodd" clip-rule="evenodd" d="M6.18408 11.9034C6.18408 11.5865 6.44363 11.3296 6.7638 11.3296H12.3678C12.6879 11.3296 12.9475 11.5865 12.9475 11.9034C12.9475 12.2202 12.6879 12.4771 12.3678 12.4771H6.7638C6.44363 12.4771 6.18408 12.2202 6.18408 11.9034Z" fill="#EB0203"></path>
                    <path fill-rule="evenodd" clip-rule="evenodd" d="M6.18408 8.84116C6.18408 8.52424 6.44363 8.26733 6.7638 8.26733H12.3678C12.6879 8.26733 12.9475 8.52424 12.9475 8.84116C12.9475 9.15807 12.6879 9.41498 12.3678 9.41498H6.7638C6.44363 9.41498 6.18408 9.15807 6.18408 8.84116Z" fill="#EB0203"></path>
                    <path fill-rule="evenodd" clip-rule="evenodd" d="M6.18408 14.9655C6.18408 14.6486 6.44363 14.3917 6.7638 14.3917H10.1455C10.4657 14.3917 10.7252 14.6486 10.7252 14.9655C10.7252 15.2825 10.4657 15.5394 10.1455 15.5394H6.7638C6.44363 15.5394 6.18408 15.2825 6.18408 14.9655Z" fill="#EB0203"></path>
                    <path fill-rule="evenodd" clip-rule="evenodd" d="M3.67139 5.77914C3.67139 5.46223 3.93094 5.20532 4.25111 5.20532H4.63759C4.95776 5.20532 5.21731 5.46223 5.21731 5.77914C5.21731 6.09606 4.95776 6.35297 4.63759 6.35297H4.25111C3.93094 6.35297 3.67139 6.09606 3.67139 5.77914Z" fill="#EB0203"></path>
                    <path fill-rule="evenodd" clip-rule="evenodd" d="M3.67139 11.9034C3.67139 11.5865 3.93094 11.3296 4.25111 11.3296H4.63759C4.95776 11.3296 5.21731 11.5865 5.21731 11.9034C5.21731 12.2202 4.95776 12.4771 4.63759 12.4771H4.25111C3.93094 12.4771 3.67139 12.2202 3.67139 11.9034Z" fill="#EB0203"></path>
                    <path fill-rule="evenodd" clip-rule="evenodd" d="M3.67139 8.84116C3.67139 8.52424 3.93094 8.26733 4.25111 8.26733H4.63759C4.95776 8.26733 5.21731 8.52424 5.21731 8.84116C5.21731 9.15807 4.95776 9.41498 4.63759 9.41498H4.25111C3.93094 9.41498 3.67139 9.15807 3.67139 8.84116Z" fill="#EB0203"></path>
                    <path fill-rule="evenodd" clip-rule="evenodd" d="M3.67139 14.9655C3.67139 14.6486 3.93094 14.3917 4.25111 14.3917H4.63759C4.95776 14.3917 5.21731 14.6486 5.21731 14.9655C5.21731 15.2825 4.95776 15.5394 4.63759 15.5394H4.25111C3.93094 15.5394 3.67139 15.2825 3.67139 14.9655Z" fill="#EB0203"></path>
                    <path fill-rule="evenodd" clip-rule="evenodd" d="M0 1.76033C0 0.914738 0.692131 0.229248 1.54592 0.229248H15.0727C15.9265 0.229248 16.6186 0.914738 16.6186 1.76033V11.2818C16.6186 11.5989 16.3591 11.8559 16.0389 11.8559C15.7187 11.8559 15.4592 11.5989 15.4592 11.2818V1.76033C15.4592 1.54893 15.2862 1.37756 15.0727 1.37756H1.54592C1.33247 1.37756 1.15944 1.54893 1.15944 1.76033V18.985C1.15944 19.1964 1.33247 19.3678 1.54592 19.3678H9.27551C9.59568 19.3678 9.85523 19.6249 9.85523 19.942C9.85523 20.2591 9.59568 20.5161 9.27551 20.5161H1.54592C0.692131 20.5161 0 19.8306 0 18.985V1.76033Z" fill="#EB0203"></path>
                    <path fill-rule="evenodd" clip-rule="evenodd" d="M14.6254 13.8718C13.4921 12.8567 11.7821 12.7615 10.6574 13.7147C9.12472 15.0124 9.34891 17.128 10.4413 18.2493L14.0161 21.9126C14.2199 22.1217 14.493 22.2386 14.7824 22.2386C15.0739 22.2386 15.3449 22.1238 15.5487 21.9147L19.1235 18.2514C20.2139 17.13 20.4422 15.0144 18.9075 13.7147C17.7827 12.7634 16.0726 12.8569 14.9392 13.872C14.8856 13.92 14.8333 13.9701 14.7824 14.0222C14.7314 13.97 14.6791 13.9199 14.6254 13.8718ZM18.1546 14.588C19.0972 15.3869 18.9961 16.7262 18.2891 17.4541C18.2888 17.4543 18.2886 17.4546 18.2884 17.4548L14.7834 21.0466L11.2757 17.452C11.2756 17.4519 11.2755 17.4517 11.2753 17.4516C10.5681 16.7252 10.4682 15.3856 11.4108 14.5876L11.4112 14.5872C12.0748 14.0248 13.202 14.0556 13.949 14.8205L14.7824 15.674L15.6158 14.8205C16.3618 14.0567 17.4896 14.0256 18.1545 14.5879" fill="#EB0203"></path>
                    </svg>
                    </button>
                    </div>
                    </div>
                    <p class="ct-tile--brand">Ristorante</p>
                    <p class="ct-tile--quantity">emb. 375 gr</p>
                    </div>
                    <div class="ct-tile-bottom row no-gutters justify-content-between">
                    <div class="ct-price-wrap col-8 col-sm-12">
                    <div class="price js-product-price">
                    <div class="prices-wrapper">
                    <span class="sales ct-tile--price-primary ">
                    <span class="value" content="4.99">
                    <span class="ct-price-formatted">
                    €4,99
                    </span>
                    <span class="ct-m-unit">
                    /un
                    </span>
                    </span>
                    </span>
                    </div>
                    <div class="ct-tile--price-secondary">
                    <span class="ct-price-value">
                    €14,06
                    </span>
                    <span class="ct-m-unit">
                    /kg
                    </span>
                    </div>
                    
                    </div>
                    </div>
                    <div class="ct-tile-buy-section d-flex justify-content-center no-gutters col-auto col-sm-12">
                    <div class="col-2 d-sm-flex d-none">
                    <button class="wishlist-toggler guest-mode inactive button button--tertiary" data-pid="3002428" data-add-url="https://www.continente.pt/on/demandware.store/Sites-continente-Site/default/Wishlist-AddProduct?pid=3002428" data-toggle="tooltip" aria-label="Adicionar aos favoritos " data-original-title="Adicionar aos favoritos" data-placement="top">
                    <svg class="active-content" width="100%" height="100%" viewBox="0 0 20 22" fill="none" xmlns="http://www.w3.org/2000/svg">
                    <path fill-rule="evenodd" clip-rule="evenodd" d="M0 1.53052C0 0.685236 0.692171 0 1.54601 0H15.0736C15.9274 0 16.6196 0.685235 16.6196 1.53052V13.4064L15.8127 13.922L14.2658 14.2658L12.7189 13.4064L10.6054 14.3818C10.4994 14.2451 10.3327 14.157 10.1452 14.157H6.76329C6.4431 14.157 6.18354 14.414 6.18354 14.731C6.18354 15.0479 6.4431 15.3049 6.76329 15.3049H10.1452C10.2478 15.3049 10.3441 15.2785 10.4277 15.2322L10.3126 16.8439L13.2345 20.2793H1.54601C0.69217 20.2793 0 19.5941 0 18.7488V1.53052ZM6.18354 5.5483C6.18354 5.23132 6.4431 4.97436 6.76329 4.97436H12.3676C12.6878 4.97436 12.9473 5.23132 12.9473 5.5483C12.9473 5.86528 12.6878 6.12224 12.3676 6.12224H6.76329C6.4431 6.12224 6.18354 5.86528 6.18354 5.5483ZM6.76329 11.0961C6.4431 11.0961 6.18354 11.3531 6.18354 11.6701C6.18354 11.987 6.4431 12.244 6.76329 12.244H12.3676C12.6878 12.244 12.9473 11.987 12.9473 11.6701C12.9473 11.3531 12.6878 11.0961 12.3676 11.0961H6.76329ZM6.18354 8.60985C6.18354 8.29287 6.4431 8.03591 6.76329 8.03591H12.3676C12.6878 8.03591 12.9473 8.29287 12.9473 8.60985C12.9473 8.92684 12.6878 9.1838 12.3676 9.1838H6.76329C6.4431 9.1838 6.18354 8.92684 6.18354 8.60985ZM3.67118 5.5483C3.67118 5.23132 3.93075 4.97436 4.25093 4.97436H4.63743C4.95762 4.97436 5.21719 5.23132 5.21719 5.5483C5.21719 5.86528 4.95762 6.12224 4.63743 6.12224H4.25093C3.93075 6.12224 3.67118 5.86528 3.67118 5.5483ZM4.25093 11.0961C3.93075 11.0961 3.67118 11.3531 3.67118 11.6701C3.67118 11.987 3.93075 12.244 4.25093 12.244H4.63743C4.95762 12.244 5.21719 11.987 5.21719 11.6701C5.21719 11.3531 4.95762 11.0961 4.63743 11.0961H4.25093ZM3.67118 8.60985C3.67118 8.29287 3.93075 8.03591 4.25093 8.03591H4.63743C4.95762 8.03591 5.21719 8.29287 5.21719 8.60985C5.21719 8.92684 4.95762 9.1838 4.63743 9.1838H4.25093C3.93075 9.1838 3.67118 8.92684 3.67118 8.60985ZM4.25093 14.157C3.93075 14.157 3.67118 14.414 3.67118 14.731C3.67118 15.0479 3.93075 15.3049 4.25093 15.3049H4.63743C4.95762 15.3049 5.21719 15.0479 5.21719 14.731C5.21719 14.414 4.95762 14.157 4.63743 14.157H4.25093Z" fill="#EB0203"></path>
                    <path fill-rule="evenodd" clip-rule="evenodd" d="M14.6252 13.6363C13.4918 12.6215 11.7817 12.5264 10.6569 13.4792C9.12421 14.7764 9.34841 16.8912 10.4409 18.0122L14.0159 21.6742C14.2197 21.8832 14.4928 22 14.7822 22C15.0737 22 15.3448 21.8852 15.5486 21.6762L19.1236 18.0142C20.214 16.8933 20.4423 14.7785 18.9075 13.4792C17.7827 12.5283 16.0724 12.6217 14.9391 13.6365C14.8855 13.6845 14.8331 13.7345 14.7822 13.7866C14.7313 13.7345 14.6789 13.6843 14.6252 13.6363ZM18.1546 14.3522C19.0973 15.1508 18.9962 16.4896 18.2891 17.2173C18.2888 17.2175 18.2886 17.2177 18.2884 17.218L14.7832 20.8084L11.2753 17.2151C11.2752 17.215 11.2751 17.2149 11.2749 17.2148C10.5677 16.4887 10.4678 15.1495 11.4104 14.3518L11.4108 14.3514C12.0745 13.7892 13.2018 13.82 13.9488 14.5846L14.7822 15.4378L15.6157 14.5846C16.3617 13.8211 17.4896 13.79 18.1545 14.3521" fill="#EB0203"></path>
                    </svg>
                    <svg class="inactive-content" width="100%" height="100%" viewBox="0 0 20 23" fill="none" xmlns="http://www.w3.org/2000/svg">
                    <path fill-rule="evenodd" clip-rule="evenodd" d="M6.18408 5.77914C6.18408 5.46223 6.44363 5.20532 6.7638 5.20532H12.3678C12.6879 5.20532 12.9475 5.46223 12.9475 5.77914C12.9475 6.09606 12.6879 6.35297 12.3678 6.35297H6.7638C6.44363 6.35297 6.18408 6.09606 6.18408 5.77914Z" fill="#EB0203"></path>
                    <path fill-rule="evenodd" clip-rule="evenodd" d="M6.18408 11.9034C6.18408 11.5865 6.44363 11.3296 6.7638 11.3296H12.3678C12.6879 11.3296 12.9475 11.5865 12.9475 11.9034C12.9475 12.2202 12.6879 12.4771 12.3678 12.4771H6.7638C6.44363 12.4771 6.18408 12.2202 6.18408 11.9034Z" fill="#EB0203"></path>
                    <path fill-rule="evenodd" clip-rule="evenodd" d="M6.18408 8.84116C6.18408 8.52424 6.44363 8.26733 6.7638 8.26733H12.3678C12.6879 8.26733 12.9475 8.52424 12.9475 8.84116C12.9475 9.15807 12.6879 9.41498 12.3678 9.41498H6.7638C6.44363 9.41498 6.18408 9.15807 6.18408 8.84116Z" fill="#EB0203"></path>
                    <path fill-rule="evenodd" clip-rule="evenodd" d="M6.18408 14.9655C6.18408 14.6486 6.44363 14.3917 6.7638 14.3917H10.1455C10.4657 14.3917 10.7252 14.6486 10.7252 14.9655C10.7252 15.2825 10.4657 15.5394 10.1455 15.5394H6.7638C6.44363 15.5394 6.18408 15.2825 6.18408 14.9655Z" fill="#EB0203"></path>
                    <path fill-rule="evenodd" clip-rule="evenodd" d="M3.67139 5.77914C3.67139 5.46223 3.93094 5.20532 4.25111 5.20532H4.63759C4.95776 5.20532 5.21731 5.46223 5.21731 5.77914C5.21731 6.09606 4.95776 6.35297 4.63759 6.35297H4.25111C3.93094 6.35297 3.67139 6.09606 3.67139 5.77914Z" fill="#EB0203"></path>
                    <path fill-rule="evenodd" clip-rule="evenodd" d="M3.67139 11.9034C3.67139 11.5865 3.93094 11.3296 4.25111 11.3296H4.63759C4.95776 11.3296 5.21731 11.5865 5.21731 11.9034C5.21731 12.2202 4.95776 12.4771 4.63759 12.4771H4.25111C3.93094 12.4771 3.67139 12.2202 3.67139 11.9034Z" fill="#EB0203"></path>
                    <path fill-rule="evenodd" clip-rule="evenodd" d="M3.67139 8.84116C3.67139 8.52424 3.93094 8.26733 4.25111 8.26733H4.63759C4.95776 8.26733 5.21731 8.52424 5.21731 8.84116C5.21731 9.15807 4.95776 9.41498 4.63759 9.41498H4.25111C3.93094 9.41498 3.67139 9.15807 3.67139 8.84116Z" fill="#EB0203"></path>
                    <path fill-rule="evenodd" clip-rule="evenodd" d="M3.67139 14.9655C3.67139 14.6486 3.93094 14.3917 4.25111 14.3917H4.63759C4.95776 14.3917 5.21731 14.6486 5.21731 14.9655C5.21731 15.2825 4.95776 15.5394 4.63759 15.5394H4.25111C3.93094 15.5394 3.67139 15.2825 3.67139 14.9655Z" fill="#EB0203"></path>
                    <path fill-rule="evenodd" clip-rule="evenodd" d="M0 1.76033C0 0.914738 0.692131 0.229248 1.54592 0.229248H15.0727C15.9265 0.229248 16.6186 0.914738 16.6186 1.76033V11.2818C16.6186 11.5989 16.3591 11.8559 16.0389 11.8559C15.7187 11.8559 15.4592 11.5989 15.4592 11.2818V1.76033C15.4592 1.54893 15.2862 1.37756 15.0727 1.37756H1.54592C1.33247 1.37756 1.15944 1.54893 1.15944 1.76033V18.985C1.15944 19.1964 1.33247 19.3678 1.54592 19.3678H9.27551C9.59568 19.3678 9.85523 19.6249 9.85523 19.942C9.85523 20.2591 9.59568 20.5161 9.27551 20.5161H1.54592C0.692131 20.5161 0 19.8306 0 18.985V1.76033Z" fill="#EB0203"></path>
                    <path fill-rule="evenodd" clip-rule="evenodd" d="M14.6254 13.8718C13.4921 12.8567 11.7821 12.7615 10.6574 13.7147C9.12472 15.0124 9.34891 17.128 10.4413 18.2493L14.0161 21.9126C14.2199 22.1217 14.493 22.2386 14.7824 22.2386C15.0739 22.2386 15.3449 22.1238 15.5487 21.9147L19.1235 18.2514C20.2139 17.13 20.4422 15.0144 18.9075 13.7147C17.7827 12.7634 16.0726 12.8569 14.9392 13.872C14.8856 13.92 14.8333 13.9701 14.7824 14.0222C14.7314 13.97 14.6791 13.9199 14.6254 13.8718ZM18.1546 14.588C19.0972 15.3869 18.9961 16.7262 18.2891 17.4541C18.2888 17.4543 18.2886 17.4546 18.2884 17.4548L14.7834 21.0466L11.2757 17.452C11.2756 17.4519 11.2755 17.4517 11.2753 17.4516C10.5681 16.7252 10.4682 15.3856 11.4108 14.5876L11.4112 14.5872C12.0748 14.0248 13.202 14.0556 13.949 14.8205L14.7824 15.674L15.6158 14.8205C16.3618 14.0567 17.4896 14.0256 18.1545 14.5879" fill="#EB0203"></path>
                    </svg>
                    </button>
                    </div>
                    <div class="col-sm-10 col-12">
                    <div class="ct-tile-quantity d-none" data-pid="3002428">
                    <input type="hidden" class="add-to-cart-url" value="https://www.continente.pt/on/demandware.store/Sites-continente-Site/default/Cart-AddProduct">
                    <div class="d-none tile-delete-confirmation-btn" data-pid="3002428" data-delay-time="3000" data-in-cart-msg="no carrinho" data-one-product-added="Adicionado ao carrinho" data-remove-from-cart-msg="Removido do carrinho" data-stay-open="6000.0" data-confirmation-image="{&quot;url&quot;:&quot;https://www.continente.pt/dw/image/v2/BDVS_PRD/on/demandware.static/-/Sites-col-master-catalog/default/dw2da4513e/images/col/300/3002428-direito.jpg?sw=87&amp;sh=80&quot;,&quot;fallbackimage&quot;:{&quot;url&quot;:&quot;https://www.continente.pt/dw/image/v2/BDVS_PRD/on/demandware.static/Sites-continente-Site/-/default/dw7c42b4da/images/noimagelarge_product.png?sw=87&amp;sh=80&quot;,&quot;title&quot;:&quot;Pizza Ristorante Hawai&quot;,&quot;alt&quot;:&quot;Pizza Ristorante Hawai&quot;},&quot;title&quot;:&quot;Pizza Ristorante Hawai&quot;,&quot;alt&quot;:&quot;Pizza Ristorante Hawai&quot;}"></div>
                    <div class="ct-tile-quantity-update quantity-update product-qty-vue" data-remove-action="https://www.continente.pt/on/demandware.store/Sites-continente-Site/default/Cart-RemoveProductLineItem" data-action="https://www.continente.pt/on/demandware.store/Sites-continente-Site/default/Cart-UpdateQuantity" data-dimension-update="https://www.continente.pt/on/demandware.store/Sites-continente-Site/default/Cart-DimensionUpdate" data-pid="3002428" data-uuid="e8fdab912149eb3dba71bcc8ca" data-add-delay="500.0" data-measure-options="{&quot;hasConversionRate&quot;:false,&quot;hasAlternativeSaleUnit&quot;:false,&quot;unitConversionRate&quot;:0,&quot;minOrderQuantity&quot;:1,&quot;stepQuantity&quot;:1,&quot;primaryunit&quot;:&quot;un&quot;,&quot;secondaryunit&quot;:&quot;kg&quot;,&quot;selectedunit&quot;:&quot;primary&quot;,&quot;maxNumberOfUnitsPerSale&quot;:50}" data-price-available="null" :data-has-error="isMaxQtyReached || isMinQtyReached || qtySelectedMoreThanOne">
                    <template v-show="prodUnits">
                    <div class="quantity-input-wrapper has-units">
                    <label class="visually-hidden" :for="'quantity-' + pid + additionalTag">
                    Quantidade no carrinho
                    </label>
                    <input :ref="'quantityInput-' + pid + additionalTag" class="add-to-cart-quantity form-control ct-form-input text-center" inputmode="numeric" :class="{'is-invalid': isInvalid}" :data-pid="pid + additionalTag" :name="'quantity-' + pid + additionalTag" type="text" aria-label="Insira a quantidade" title="" v-model="displayValue" @change="updateQuantity" @focus="updateQtyFormat" @blur="restoreQtyFormat" :disabled="!isPriceAvailable">
                    <span class="quantity-icon quantity-icon--minus">
                    <button class="decrease-quantity-btn" @click="updateQuantity" :disabled="!isPriceAvailable" role="button" aria-label="Reduzir quantidade">
                    <i class="css-math-minus"></i>
                    </button>
                    </span>
                    <span class="quantity-icon quantity-icon--plus">
                    <button class="increase-quantity-btn" @click="updateQuantity" :disabled="isMaxQtyReached || !isPriceAvailable" role="button" aria-label="Aumentar quantidade">
                    <i class="css-math-plus"></i>
                    </button>
                    <span class="quantity-btn-disabled-placeholder"></span>
                    </span>
                    <template v-if="isPDP">
                    <span class="quantity-error ct-span-error text-sm-center product-max-allocation" v-if="isMaxQtyReached">
                    Quantidade máxima atingida
                    </span>
                    <span class="quantity-error ct-span-product text-sm-center product-allocation" v-if="!isMinQtyReached &amp;&amp; !isMaxQtyReached">
                    {{quantitySelected}} no carrinho
                    </span>
                    <span class="quantity-error ct-span-error text-sm-center product-min-allocation" :data-pid="pid" v-if="isMinQtyReached &amp;&amp; !isMaxQtyReached">
                    Quantidade mínima atingida
                    </span>
                    </template>
                    </div>
                    <template v-if="showNotes">
                    <div class="add-note-link-container ">
                    <div class="add-note">
                    <a href="/produto/pizza-ristorante-hawai-ristorante-3002428.html?showNote=true" class="ct-add-note-redirect-pdp" aria-label="Adicionar comentário">
                    <span class="svg-wrapper svg-icon-notes" style="width:19px; height:20px">
                    <svg class="svg-inline icon-notes" viewBox="0 0 28 30" xmlns="http://www.w3.org/2000/svg" width="100%" height="100%"><path d="M21.738 0C22.985 0 24 1.04 24 2.319V12.47c0 .469-.37.848-.828.848-.457 0-.827-.38-.827-.848V2.32c0-.343-.273-.622-.607-.622H2.262c-.334 0-.607.279-.607.622V27.68c0 .343.273.622.607.622h7.81c.457 0 .827.38.827.849 0 .468-.37.848-.827.848h-7.81C1.015 30 0 28.96 0 27.681V2.32C0 1.04 1.015 0 2.262 0h19.476zm2.844 16.004l.227.007c.823.053 1.589.39 2.176.964.64.627.993 1.46.993 2.349 0 .888-.353 1.722-.993 2.348l-6.83 6.665c-.11.108-.247.186-.397.226l-5.032 1.363c-.078.021-.16.032-.241.032-.242 0-.478-.097-.647-.266-.23-.231-.314-.566-.218-.874l1.49-4.798c.044-.139.122-.266.227-.369l6.844-6.677c.64-.625 1.493-.97 2.401-.97zm-2.886 3.94l-4.922 4.802-.947 3.048 3.22-.872 4.897-4.78-2.248-2.197zm2.887-2.174c-.425 0-.824.162-1.124.455l-.484.472 2.248 2.197.484-.472c.62-.606.62-1.591 0-2.197l-.117-.104c-.283-.227-.636-.35-1.007-.35zm-10.839.022c.498 0 .904.396.904.883 0 .488-.406.884-.904.884H5.946c-.499 0-.904-.396-.904-.884 0-.487.405-.883.904-.883zm5.042-4.876c.498 0 .904.397.904.884s-.406.884-.904.884H5.946c-.499 0-.904-.397-.904-.884s.405-.884.904-.884zm0-4.875c.498 0 .904.396.904.884 0 .487-.406.883-.904.883H5.946c-.499 0-.904-.396-.904-.883 0-.488.405-.884.904-.884z" fill="#EB0203" fill-rule="evenodd"></path></svg>
                    </span>
                    <div class="available-note d-none"></div>
                    </a>
                    </div>
                    </div>
                    </template>
                    <div class="measurement-unit-section" v-if="isPriceAvailable &amp;&amp; prodUnits ? prodUnits.hasAlternativeUnit : false">
                    <div class="ct-form-radio" @click="setDimension">
                    <input type="radio" title="" class="ct-form-check-input product-measurement-unit" :data-type="prodUnits.selectedUnit == prodUnits.secondaryUnit ? 'primary' : ''" :id="prodUnits.secondaryUnit + '-' + pid + '-measurement-unit-ptile' + additionalTag" :name="'measurement-unit-' + pid + '-ptile' + additionalTag" :value="prodUnits.secondaryUnit" v-model="prodUnits.selectedUnit">
                    <label :class="prodUnits.secondaryUnit + '-label ct-form-check-label mb-0'" :for="prodUnits.secondaryUnit + '-' + pid + '-measurement-unit-ptile' + additionalTag">
                    {{prodUnits.secondaryUnit}}
                    </label>
                    <span class="checkmark"></span>
                    </div>
                    <div class="ct-form-radio" @click="setDimension">
                    <input type="radio" title="" class="ct-form-check-input product-measurement-unit" :data-type="prodUnits.selectedUnit == prodUnits.primaryUnit ? 'primary' : ''" :id="prodUnits.primaryUnit + '-' + pid + '-measurement-unit-ptile' + additionalTag" :name="'measurement-unit-' + pid + '-ptile' + additionalTag" :value="prodUnits.primaryUnit" v-model="prodUnits.selectedUnit">
                    <label :class="prodUnits.primaryUnit + '-label ct-form-check-label mb-0'" :for="prodUnits.primaryUnit + '-' + pid + '-measurement-unit-ptile' + additionalTag">
                    {{prodUnits.primaryUnit}}
                    </label>
                    <span class="checkmark"></span>
                    </div>
                    </div>
                    <template v-if="!isPDP &amp;&amp; isPriceAvailable">
                    <span class="quantity-error ct-span-error product-max-allocation" v-if="isMaxQtyReached">
                    Quantidade máxima atingida
                    </span>
                    <span class="quantity-error ct-span-product product-allocation" v-if="!isMinQtyReached &amp;&amp; !isMaxQtyReached">
                    {{quantitySelected}} no carrinho
                    </span>
                    <span class="quantity-error ct-span-error product-min-allocation" :data-pid="pid" v-if="isMinQtyReached &amp;&amp; !isMaxQtyReached">
                    Quantidade mínima atingida
                    </span>
                    </template>
                    </template>
                    </div>
                    <input class="quantity-value-mask d-none" name="quantity" type="number" min="0" value="">
                    </div>
                    <button type="button" class="add-to-cart button js-add-to-cart js-add-to-cart-tile 3002428 button--primary dynamic-layout-btn" data-toggle="modal" data-target="#chooseBonusProductModal" data-pid="3002428" data-quantity-value="null" aria-label="Carrinho">
                    <span class="d-block d-sm-none">
                    <span class="svg-wrapper svg-icon-cart" style="width:20px; height:20px">
                    <svg class="svg-inline icon-cart" xmlns="http://www.w3.org/2000/svg" viewBox="0 0 500 500" width="100%" height="100%"><path fill="#EB0203" fill-rule="evenodd" d="M 485.67317,94.386311 C 476.37798,83.847129 463.09468,78.03348 448.30404,78.03348 H 90.690813 L 87.079511,51.327997 C 83.185582,22.539551 62.962285,0 41.011841,0 H 14.727836 C 6.563151,0 0,6.5286975 0,14.580758 c 0,8.05206 6.5945535,14.580758 14.727836,14.580758 h 26.284005 c 4.710398,0 14.696435,9.855222 16.894619,26.021523 L 100.01739,368.0631 c 1.88416,13.77244 9.01256,26.70549 20.1605,36.37417 8.25889,7.15046 18.02511,11.9071 28.26237,13.89679 -4.17655,7.58572 -6.53175,16.25957 -6.53175,25.493 0,29.53459 24.27424,53.59751 54.13815,53.59751 29.8325,0 54.13814,-24.03184 54.13814,-53.59751 0,-8.79818 -2.19818,-17.09897 -5.9979,-24.43598 h 77.12488 c -3.79973,7.33701 -5.96652,15.6378 -5.96652,24.43598 0,29.53459 24.27424,53.59751 54.13817,53.59751 29.83249,0 54.13814,-24.03184 54.13814,-53.59751 0,-8.79818 -2.1982,-17.09897 -5.9979,-24.43598 h 38.56243 c 8.13328,0 14.72783,-6.5287 14.72783,-14.61183 0,-8.02098 -6.59455,-14.54967 -14.72783,-14.54967 H 159.24277 c -14.38241,0 -28.13677,-11.90711 -30.02092,-26.02153 l -3.07746,-22.88154 h 290.6314 c 14.03698,0 27.94834,-5.28513 39.06488,-14.95381 11.11652,-9.6376 18.27632,-22.57065 20.16048,-36.37417 l 21.10259,-156.78201 c 1.94694,-14.51858 -2.10398,-28.29103 -11.43057,-38.861299 z M 220.76053,443.82706 c 0,13.49265 -11.08513,24.46709 -24.68247,24.46709 -13.62874,0 -24.71387,-10.97444 -24.71387,-24.46709 0,-13.49262 11.08513,-24.43598 24.71387,-24.43598 13.59734,0 24.68247,10.94336 24.68247,24.43598 z m 173.43675,0 c 0,13.49265 -11.08512,24.46709 -24.68245,24.46709 -13.62876,0 -24.71388,-10.97444 -24.71388,-24.46709 0,-13.49262 11.08512,-24.43598 24.71388,-24.43598 13.59733,0 24.68245,10.94336 24.68245,24.43598 z m 73.7648,-314.46558 -21.13397,156.782 c -1.88416,14.11442 -15.63851,26.05261 -30.02091,26.05261 H 122.25046 L 94.616142,107.19499 H 448.33544 c 6.18632,0 11.61896,2.2695 15.23028,6.37326 3.64269,4.13484 5.21283,9.73086 4.39636,15.79323 z"></path></svg>
                    </span>
                    </span>
                    <span class="add-to-cart--text d-none d-sm-block">Carrinho</span>
                    </button>
                    </div>
                    </div>
                    </div>
                    </div>
                    
                    <div class="col-12 d-sm-none">
                    </div>
                    </div>
                    </div>
                    </div>
                    </div>
                    <div class="col-12 col-sm-3 col-lg-2 productTile" data-idx="19">
                    
                    <script type="text/javascript">//<!--
                    /* <![CDATA[ */
                    (function(){
                    try {
                        if(window.CQuotient) {
                        var cq_params = {};
                        
                        cq_params.cookieId = window.CQuotient.getCQCookieId();
                        cq_params.userId = window.CQuotient.getCQUserId();
                        cq_params.emailId = CQuotient.getCQHashedEmail();
                        cq_params.loginId = CQuotient.getCQHashedLogin();
                        cq_params.accumulate = true;
                        cq_params.products = [{
                            id: '5003635',
                            sku: ''
                        }];
                        cq_params.categoryId = 'refeicoes-faceis';
                        cq_params.refinements = '[{\"name\":\"priceMin\",\"value\":\"0.01\"},{\"name\":\"priceMax\",\"value\":\"null\"},{\"name\":\"curr\",\"value\":\"EUR\"},{\"name\":\"Category\",\"value\":\"refeicoes-faceis\"}]';
                        cq_params.personalized = 'false';
                        cq_params.sortingRule = 'FRESH-Refei\u00E7\u00F5es F\u00E1ceis';
                        cq_params.imageUUID = '__UNDEFINED__';
                        cq_params.realm = "BDVS";
                        cq_params.siteId = "continente";
                        cq_params.instanceType = "prd";
                        cq_params.queryLocale = "default";
                        cq_params.locale = window.CQuotient.locale;
                        
                        if(window.CQuotient.sendActivity)
                            window.CQuotient.sendActivity(CQuotient.clientId, 'viewCategory', cq_params);
                        else
                            window.CQuotient.activities.push({
                                activityType: 'viewCategory',
                                parameters: cq_params
                            });
                      }
                    } catch(err) {}
                    })();
                    /* ]]> */
                    // -->
                    </script>
                    <script type="text/javascript">//<!--
                    /* <![CDATA[ (viewCategoryProduct-active_data.js) */
                    (function(){
                    try {
                        if (dw.ac) {
                            var search_params = {};
                            search_params.persd = 'false';
                            search_params.refs = '[{\"name\":\"priceMin\",\"value\":\"0.01\"},{\"name\":\"priceMax\",\"value\":\"null\"},{\"name\":\"curr\",\"value\":\"EUR\"},{\"name\":\"Category\",\"value\":\"refeicoes-faceis\"}]';
                            search_params.sort = 'FRESH-Refei\u00E7\u00F5es F\u00E1ceis';
                            search_params.imageUUID = '';
                            search_params.searchID = 'adc2ebee-ded6-4d71-a833-c4f63de27d3e';
                            search_params.locale = 'default';
                            search_params.queryLocale = 'default';
                            search_params.showProducts = 'true';
                            dw.ac.applyContext({category: "refeicoes-faceis", searchData: search_params});
                            if (typeof dw.ac._scheduleDataSubmission === "function") {
                                dw.ac._scheduleDataSubmission();
                            }
                        }
                    } catch(err) {}
                    })();
                    /* ]]> */
                    // -->
                    </script>
                    <script type="text/javascript">//<!--
                    /* <![CDATA[ (viewProduct-active_data.js) */
                    dw.ac._capture({id: "5003635", type: "searchhit"});
                    /* ]]> */
                    // -->
                    </script>
                    <div class="product" data-pid="5003635">
                    <div class="product-tile pid-5003635 ct-product-tile data-layer-pushed" data-delay-time="3000" data-variants-mapping="[]" data-in-cart-msg="no carrinho" data-one-product-added="Adicionado ao carrinho" data-remove-from-cart-msg="Removido do carrinho" data-stay-open="6000.0" data-product-tile-impression="{&quot;name&quot;:&quot;5003635&quot;,&quot;id&quot;:&quot;5003635&quot;,&quot;price&quot;:2.79,&quot;brand&quot;:&quot;Continente&quot;,&quot;category&quot;:[{&quot;category_level_1&quot;:&quot;Bebidas e Garrafeira&quot;},{&quot;category_level_2&quot;:&quot;Sumos e Refrigerantes&quot;},{&quot;category_level_3&quot;:&quot;Sumos 100% Fruta&quot;}],&quot;variant&quot;:&quot;&quot;}">
                    <div class="ct-inner-tile-wrap row no-gutters justify-content-center align-content-start">
                    
                    <div class="ct-image-container col-4 col-sm" data-confirmation-image="{&quot;url&quot;:&quot;https://www.continente.pt/dw/image/v2/BDVS_PRD/on/demandware.static/-/Sites-col-master-catalog/default/dw3e7c1d42/images/col/500/5003635-frente.jpg?sw=87&amp;sh=80&quot;,&quot;fallbackimage&quot;:{&quot;url&quot;:&quot;https://www.continente.pt/dw/image/v2/BDVS_PRD/on/demandware.static/Sites-continente-Site/-/default/dw7c42b4da/images/noimagelarge_product.png?sw=87&amp;sh=80&quot;,&quot;title&quot;:&quot;Sumo Maçã e Morango&quot;,&quot;alt&quot;:&quot;Sumo Maçã e Morango&quot;},&quot;title&quot;:&quot;Sumo Maçã e Morango&quot;,&quot;alt&quot;:&quot;Sumo Maçã e Morango&quot;}">
                    <a href="https://www.continente.pt/produto/sumo-maca-e-morango-continente-5003635.html?cgid=refeicoes-faceis">
                    <picture class="intrinsic intrinsic--square">
                    <img class="ct-tile-image lazyloaded" loading="lazy" onerror="this.onerror=null;this.src='/on/demandware.static/Sites-continente-Site/-/default/dw7c42b4da/images/noimagelarge_product.png';" data-src="https://www.continente.pt/dw/image/v2/BDVS_PRD/on/demandware.static/-/Sites-col-master-catalog/default/dw3e7c1d42/images/col/500/5003635-frente.jpg?sw=280&amp;sh=280" alt="Sumo Maçã e Morango" title="Sumo Maçã e Morango" src="https://www.continente.pt/dw/image/v2/BDVS_PRD/on/demandware.static/-/Sites-col-master-catalog/default/dw3e7c1d42/images/col/500/5003635-frente.jpg?sw=280&amp;sh=280">
                    </picture>
                    </a>
                    <div class="color-swatches d-flex" style="margin-left: 5px;">
                    <div class="swatches d-flex">
                    </div>
                    </div>
                    
                    </div>
                    <div class="ct-tile-body col col-sm-auto ">
                    <div class="ct-pdp-details">
                    <div class="ct-pdp-link">
                    <a class="ct-tile--description" href="https://www.continente.pt/produto/sumo-maca-e-morango-continente-5003635.html?cgid=refeicoes-faceis">Sumo Maçã e Morango</a>
                    <div class="ct-tile--favorite-top d-sm-none">
                    <button class="wishlist-toggler guest-mode inactive button button--tertiary" data-pid="5003635" data-add-url="https://www.continente.pt/on/demandware.store/Sites-continente-Site/default/Wishlist-AddProduct?pid=5003635" data-toggle="tooltip" aria-label="Adicionar aos favoritos " data-original-title="Adicionar aos favoritos" data-placement="top">
                    <svg class="active-content" width="100%" height="100%" viewBox="0 0 20 22" fill="none" xmlns="http://www.w3.org/2000/svg">
                    <path fill-rule="evenodd" clip-rule="evenodd" d="M0 1.53052C0 0.685236 0.692171 0 1.54601 0H15.0736C15.9274 0 16.6196 0.685235 16.6196 1.53052V13.4064L15.8127 13.922L14.2658 14.2658L12.7189 13.4064L10.6054 14.3818C10.4994 14.2451 10.3327 14.157 10.1452 14.157H6.76329C6.4431 14.157 6.18354 14.414 6.18354 14.731C6.18354 15.0479 6.4431 15.3049 6.76329 15.3049H10.1452C10.2478 15.3049 10.3441 15.2785 10.4277 15.2322L10.3126 16.8439L13.2345 20.2793H1.54601C0.69217 20.2793 0 19.5941 0 18.7488V1.53052ZM6.18354 5.5483C6.18354 5.23132 6.4431 4.97436 6.76329 4.97436H12.3676C12.6878 4.97436 12.9473 5.23132 12.9473 5.5483C12.9473 5.86528 12.6878 6.12224 12.3676 6.12224H6.76329C6.4431 6.12224 6.18354 5.86528 6.18354 5.5483ZM6.76329 11.0961C6.4431 11.0961 6.18354 11.3531 6.18354 11.6701C6.18354 11.987 6.4431 12.244 6.76329 12.244H12.3676C12.6878 12.244 12.9473 11.987 12.9473 11.6701C12.9473 11.3531 12.6878 11.0961 12.3676 11.0961H6.76329ZM6.18354 8.60985C6.18354 8.29287 6.4431 8.03591 6.76329 8.03591H12.3676C12.6878 8.03591 12.9473 8.29287 12.9473 8.60985C12.9473 8.92684 12.6878 9.1838 12.3676 9.1838H6.76329C6.4431 9.1838 6.18354 8.92684 6.18354 8.60985ZM3.67118 5.5483C3.67118 5.23132 3.93075 4.97436 4.25093 4.97436H4.63743C4.95762 4.97436 5.21719 5.23132 5.21719 5.5483C5.21719 5.86528 4.95762 6.12224 4.63743 6.12224H4.25093C3.93075 6.12224 3.67118 5.86528 3.67118 5.5483ZM4.25093 11.0961C3.93075 11.0961 3.67118 11.3531 3.67118 11.6701C3.67118 11.987 3.93075 12.244 4.25093 12.244H4.63743C4.95762 12.244 5.21719 11.987 5.21719 11.6701C5.21719 11.3531 4.95762 11.0961 4.63743 11.0961H4.25093ZM3.67118 8.60985C3.67118 8.29287 3.93075 8.03591 4.25093 8.03591H4.63743C4.95762 8.03591 5.21719 8.29287 5.21719 8.60985C5.21719 8.92684 4.95762 9.1838 4.63743 9.1838H4.25093C3.93075 9.1838 3.67118 8.92684 3.67118 8.60985ZM4.25093 14.157C3.93075 14.157 3.67118 14.414 3.67118 14.731C3.67118 15.0479 3.93075 15.3049 4.25093 15.3049H4.63743C4.95762 15.3049 5.21719 15.0479 5.21719 14.731C5.21719 14.414 4.95762 14.157 4.63743 14.157H4.25093Z" fill="#EB0203"></path>
                    <path fill-rule="evenodd" clip-rule="evenodd" d="M14.6252 13.6363C13.4918 12.6215 11.7817 12.5264 10.6569 13.4792C9.12421 14.7764 9.34841 16.8912 10.4409 18.0122L14.0159 21.6742C14.2197 21.8832 14.4928 22 14.7822 22C15.0737 22 15.3448 21.8852 15.5486 21.6762L19.1236 18.0142C20.214 16.8933 20.4423 14.7785 18.9075 13.4792C17.7827 12.5283 16.0724 12.6217 14.9391 13.6365C14.8855 13.6845 14.8331 13.7345 14.7822 13.7866C14.7313 13.7345 14.6789 13.6843 14.6252 13.6363ZM18.1546 14.3522C19.0973 15.1508 18.9962 16.4896 18.2891 17.2173C18.2888 17.2175 18.2886 17.2177 18.2884 17.218L14.7832 20.8084L11.2753 17.2151C11.2752 17.215 11.2751 17.2149 11.2749 17.2148C10.5677 16.4887 10.4678 15.1495 11.4104 14.3518L11.4108 14.3514C12.0745 13.7892 13.2018 13.82 13.9488 14.5846L14.7822 15.4378L15.6157 14.5846C16.3617 13.8211 17.4896 13.79 18.1545 14.3521" fill="#EB0203"></path>
                    </svg>
                    <svg class="inactive-content" width="100%" height="100%" viewBox="0 0 20 23" fill="none" xmlns="http://www.w3.org/2000/svg">
                    <path fill-rule="evenodd" clip-rule="evenodd" d="M6.18408 5.77914C6.18408 5.46223 6.44363 5.20532 6.7638 5.20532H12.3678C12.6879 5.20532 12.9475 5.46223 12.9475 5.77914C12.9475 6.09606 12.6879 6.35297 12.3678 6.35297H6.7638C6.44363 6.35297 6.18408 6.09606 6.18408 5.77914Z" fill="#EB0203"></path>
                    <path fill-rule="evenodd" clip-rule="evenodd" d="M6.18408 11.9034C6.18408 11.5865 6.44363 11.3296 6.7638 11.3296H12.3678C12.6879 11.3296 12.9475 11.5865 12.9475 11.9034C12.9475 12.2202 12.6879 12.4771 12.3678 12.4771H6.7638C6.44363 12.4771 6.18408 12.2202 6.18408 11.9034Z" fill="#EB0203"></path>
                    <path fill-rule="evenodd" clip-rule="evenodd" d="M6.18408 8.84116C6.18408 8.52424 6.44363 8.26733 6.7638 8.26733H12.3678C12.6879 8.26733 12.9475 8.52424 12.9475 8.84116C12.9475 9.15807 12.6879 9.41498 12.3678 9.41498H6.7638C6.44363 9.41498 6.18408 9.15807 6.18408 8.84116Z" fill="#EB0203"></path>
                    <path fill-rule="evenodd" clip-rule="evenodd" d="M6.18408 14.9655C6.18408 14.6486 6.44363 14.3917 6.7638 14.3917H10.1455C10.4657 14.3917 10.7252 14.6486 10.7252 14.9655C10.7252 15.2825 10.4657 15.5394 10.1455 15.5394H6.7638C6.44363 15.5394 6.18408 15.2825 6.18408 14.9655Z" fill="#EB0203"></path>
                    <path fill-rule="evenodd" clip-rule="evenodd" d="M3.67139 5.77914C3.67139 5.46223 3.93094 5.20532 4.25111 5.20532H4.63759C4.95776 5.20532 5.21731 5.46223 5.21731 5.77914C5.21731 6.09606 4.95776 6.35297 4.63759 6.35297H4.25111C3.93094 6.35297 3.67139 6.09606 3.67139 5.77914Z" fill="#EB0203"></path>
                    <path fill-rule="evenodd" clip-rule="evenodd" d="M3.67139 11.9034C3.67139 11.5865 3.93094 11.3296 4.25111 11.3296H4.63759C4.95776 11.3296 5.21731 11.5865 5.21731 11.9034C5.21731 12.2202 4.95776 12.4771 4.63759 12.4771H4.25111C3.93094 12.4771 3.67139 12.2202 3.67139 11.9034Z" fill="#EB0203"></path>
                    <path fill-rule="evenodd" clip-rule="evenodd" d="M3.67139 8.84116C3.67139 8.52424 3.93094 8.26733 4.25111 8.26733H4.63759C4.95776 8.26733 5.21731 8.52424 5.21731 8.84116C5.21731 9.15807 4.95776 9.41498 4.63759 9.41498H4.25111C3.93094 9.41498 3.67139 9.15807 3.67139 8.84116Z" fill="#EB0203"></path>
                    <path fill-rule="evenodd" clip-rule="evenodd" d="M3.67139 14.9655C3.67139 14.6486 3.93094 14.3917 4.25111 14.3917H4.63759C4.95776 14.3917 5.21731 14.6486 5.21731 14.9655C5.21731 15.2825 4.95776 15.5394 4.63759 15.5394H4.25111C3.93094 15.5394 3.67139 15.2825 3.67139 14.9655Z" fill="#EB0203"></path>
                    <path fill-rule="evenodd" clip-rule="evenodd" d="M0 1.76033C0 0.914738 0.692131 0.229248 1.54592 0.229248H15.0727C15.9265 0.229248 16.6186 0.914738 16.6186 1.76033V11.2818C16.6186 11.5989 16.3591 11.8559 16.0389 11.8559C15.7187 11.8559 15.4592 11.5989 15.4592 11.2818V1.76033C15.4592 1.54893 15.2862 1.37756 15.0727 1.37756H1.54592C1.33247 1.37756 1.15944 1.54893 1.15944 1.76033V18.985C1.15944 19.1964 1.33247 19.3678 1.54592 19.3678H9.27551C9.59568 19.3678 9.85523 19.6249 9.85523 19.942C9.85523 20.2591 9.59568 20.5161 9.27551 20.5161H1.54592C0.692131 20.5161 0 19.8306 0 18.985V1.76033Z" fill="#EB0203"></path>
                    <path fill-rule="evenodd" clip-rule="evenodd" d="M14.6254 13.8718C13.4921 12.8567 11.7821 12.7615 10.6574 13.7147C9.12472 15.0124 9.34891 17.128 10.4413 18.2493L14.0161 21.9126C14.2199 22.1217 14.493 22.2386 14.7824 22.2386C15.0739 22.2386 15.3449 22.1238 15.5487 21.9147L19.1235 18.2514C20.2139 17.13 20.4422 15.0144 18.9075 13.7147C17.7827 12.7634 16.0726 12.8569 14.9392 13.872C14.8856 13.92 14.8333 13.9701 14.7824 14.0222C14.7314 13.97 14.6791 13.9199 14.6254 13.8718ZM18.1546 14.588C19.0972 15.3869 18.9961 16.7262 18.2891 17.4541C18.2888 17.4543 18.2886 17.4546 18.2884 17.4548L14.7834 21.0466L11.2757 17.452C11.2756 17.4519 11.2755 17.4517 11.2753 17.4516C10.5681 16.7252 10.4682 15.3856 11.4108 14.5876L11.4112 14.5872C12.0748 14.0248 13.202 14.0556 13.949 14.8205L14.7824 15.674L15.6158 14.8205C16.3618 14.0567 17.4896 14.0256 18.1545 14.5879" fill="#EB0203"></path>
                    </svg>
                    </button>
                    </div>
                    </div>
                    <p class="ct-tile--brand">Continente</p>
                    <p class="ct-tile--quantity">emb. 75 cl</p>
                    </div>
                     <div class="ct-tile-bottom row no-gutters justify-content-between">
                    <div class="ct-price-wrap col-8 col-sm-12">
                    <div class="price js-product-price">
                    <div class="prices-wrapper">
                    <span class="sales ct-tile--price-primary ">
                    <span class="value" content="2.79">
                    <span class="ct-price-formatted">
                    €2,79
                    </span>
                    <span class="ct-m-unit">
                    /un
                    </span>
                    </span>
                    </span>
                    </div>
                    <div class="ct-tile--price-secondary">
                    <span class="ct-price-value">
                    €3,72
                    </span>
                    <span class="ct-m-unit">
                    /lt
                    </span>
                    </div>
                    </div>
                    </div>
                    <div class="ct-tile-buy-section d-flex justify-content-center no-gutters col-auto col-sm-12">
                    <div class="col-2 d-sm-flex d-none">
                    <button class="wishlist-toggler guest-mode inactive button button--tertiary" data-pid="5003635" data-add-url="https://www.continente.pt/on/demandware.store/Sites-continente-Site/default/Wishlist-AddProduct?pid=5003635" data-toggle="tooltip" aria-label="Adicionar aos favoritos " data-original-title="Adicionar aos favoritos" data-placement="top">
                    <svg class="active-content" width="100%" height="100%" viewBox="0 0 20 22" fill="none" xmlns="http://www.w3.org/2000/svg">
                    <path fill-rule="evenodd" clip-rule="evenodd" d="M0 1.53052C0 0.685236 0.692171 0 1.54601 0H15.0736C15.9274 0 16.6196 0.685235 16.6196 1.53052V13.4064L15.8127 13.922L14.2658 14.2658L12.7189 13.4064L10.6054 14.3818C10.4994 14.2451 10.3327 14.157 10.1452 14.157H6.76329C6.4431 14.157 6.18354 14.414 6.18354 14.731C6.18354 15.0479 6.4431 15.3049 6.76329 15.3049H10.1452C10.2478 15.3049 10.3441 15.2785 10.4277 15.2322L10.3126 16.8439L13.2345 20.2793H1.54601C0.69217 20.2793 0 19.5941 0 18.7488V1.53052ZM6.18354 5.5483C6.18354 5.23132 6.4431 4.97436 6.76329 4.97436H12.3676C12.6878 4.97436 12.9473 5.23132 12.9473 5.5483C12.9473 5.86528 12.6878 6.12224 12.3676 6.12224H6.76329C6.4431 6.12224 6.18354 5.86528 6.18354 5.5483ZM6.76329 11.0961C6.4431 11.0961 6.18354 11.3531 6.18354 11.6701C6.18354 11.987 6.4431 12.244 6.76329 12.244H12.3676C12.6878 12.244 12.9473 11.987 12.9473 11.6701C12.9473 11.3531 12.6878 11.0961 12.3676 11.0961H6.76329ZM6.18354 8.60985C6.18354 8.29287 6.4431 8.03591 6.76329 8.03591H12.3676C12.6878 8.03591 12.9473 8.29287 12.9473 8.60985C12.9473 8.92684 12.6878 9.1838 12.3676 9.1838H6.76329C6.4431 9.1838 6.18354 8.92684 6.18354 8.60985ZM3.67118 5.5483C3.67118 5.23132 3.93075 4.97436 4.25093 4.97436H4.63743C4.95762 4.97436 5.21719 5.23132 5.21719 5.5483C5.21719 5.86528 4.95762 6.12224 4.63743 6.12224H4.25093C3.93075 6.12224 3.67118 5.86528 3.67118 5.5483ZM4.25093 11.0961C3.93075 11.0961 3.67118 11.3531 3.67118 11.6701C3.67118 11.987 3.93075 12.244 4.25093 12.244H4.63743C4.95762 12.244 5.21719 11.987 5.21719 11.6701C5.21719 11.3531 4.95762 11.0961 4.63743 11.0961H4.25093ZM3.67118 8.60985C3.67118 8.29287 3.93075 8.03591 4.25093 8.03591H4.63743C4.95762 8.03591 5.21719 8.29287 5.21719 8.60985C5.21719 8.92684 4.95762 9.1838 4.63743 9.1838H4.25093C3.93075 9.1838 3.67118 8.92684 3.67118 8.60985ZM4.25093 14.157C3.93075 14.157 3.67118 14.414 3.67118 14.731C3.67118 15.0479 3.93075 15.3049 4.25093 15.3049H4.63743C4.95762 15.3049 5.21719 15.0479 5.21719 14.731C5.21719 14.414 4.95762 14.157 4.63743 14.157H4.25093Z" fill="#EB0203"></path>
                    <path fill-rule="evenodd" clip-rule="evenodd" d="M14.6252 13.6363C13.4918 12.6215 11.7817 12.5264 10.6569 13.4792C9.12421 14.7764 9.34841 16.8912 10.4409 18.0122L14.0159 21.6742C14.2197 21.8832 14.4928 22 14.7822 22C15.0737 22 15.3448 21.8852 15.5486 21.6762L19.1236 18.0142C20.214 16.8933 20.4423 14.7785 18.9075 13.4792C17.7827 12.5283 16.0724 12.6217 14.9391 13.6365C14.8855 13.6845 14.8331 13.7345 14.7822 13.7866C14.7313 13.7345 14.6789 13.6843 14.6252 13.6363ZM18.1546 14.3522C19.0973 15.1508 18.9962 16.4896 18.2891 17.2173C18.2888 17.2175 18.2886 17.2177 18.2884 17.218L14.7832 20.8084L11.2753 17.2151C11.2752 17.215 11.2751 17.2149 11.2749 17.2148C10.5677 16.4887 10.4678 15.1495 11.4104 14.3518L11.4108 14.3514C12.0745 13.7892 13.2018 13.82 13.9488 14.5846L14.7822 15.4378L15.6157 14.5846C16.3617 13.8211 17.4896 13.79 18.1545 14.3521" fill="#EB0203"></path>
                    </svg>
                    <svg class="inactive-content" width="100%" height="100%" viewBox="0 0 20 23" fill="none" xmlns="http://www.w3.org/2000/svg">
                    <path fill-rule="evenodd" clip-rule="evenodd" d="M6.18408 5.77914C6.18408 5.46223 6.44363 5.20532 6.7638 5.20532H12.3678C12.6879 5.20532 12.9475 5.46223 12.9475 5.77914C12.9475 6.09606 12.6879 6.35297 12.3678 6.35297H6.7638C6.44363 6.35297 6.18408 6.09606 6.18408 5.77914Z" fill="#EB0203"></path>
                    <path fill-rule="evenodd" clip-rule="evenodd" d="M6.18408 11.9034C6.18408 11.5865 6.44363 11.3296 6.7638 11.3296H12.3678C12.6879 11.3296 12.9475 11.5865 12.9475 11.9034C12.9475 12.2202 12.6879 12.4771 12.3678 12.4771H6.7638C6.44363 12.4771 6.18408 12.2202 6.18408 11.9034Z" fill="#EB0203"></path>
                    <path fill-rule="evenodd" clip-rule="evenodd" d="M6.18408 8.84116C6.18408 8.52424 6.44363 8.26733 6.7638 8.26733H12.3678C12.6879 8.26733 12.9475 8.52424 12.9475 8.84116C12.9475 9.15807 12.6879 9.41498 12.3678 9.41498H6.7638C6.44363 9.41498 6.18408 9.15807 6.18408 8.84116Z" fill="#EB0203"></path>
                    <path fill-rule="evenodd" clip-rule="evenodd" d="M6.18408 14.9655C6.18408 14.6486 6.44363 14.3917 6.7638 14.3917H10.1455C10.4657 14.3917 10.7252 14.6486 10.7252 14.9655C10.7252 15.2825 10.4657 15.5394 10.1455 15.5394H6.7638C6.44363 15.5394 6.18408 15.2825 6.18408 14.9655Z" fill="#EB0203"></path>
                    <path fill-rule="evenodd" clip-rule="evenodd" d="M3.67139 5.77914C3.67139 5.46223 3.93094 5.20532 4.25111 5.20532H4.63759C4.95776 5.20532 5.21731 5.46223 5.21731 5.77914C5.21731 6.09606 4.95776 6.35297 4.63759 6.35297H4.25111C3.93094 6.35297 3.67139 6.09606 3.67139 5.77914Z" fill="#EB0203"></path>
                    <path fill-rule="evenodd" clip-rule="evenodd" d="M3.67139 11.9034C3.67139 11.5865 3.93094 11.3296 4.25111 11.3296H4.63759C4.95776 11.3296 5.21731 11.5865 5.21731 11.9034C5.21731 12.2202 4.95776 12.4771 4.63759 12.4771H4.25111C3.93094 12.4771 3.67139 12.2202 3.67139 11.9034Z" fill="#EB0203"></path>
                    <path fill-rule="evenodd" clip-rule="evenodd" d="M3.67139 8.84116C3.67139 8.52424 3.93094 8.26733 4.25111 8.26733H4.63759C4.95776 8.26733 5.21731 8.52424 5.21731 8.84116C5.21731 9.15807 4.95776 9.41498 4.63759 9.41498H4.25111C3.93094 9.41498 3.67139 9.15807 3.67139 8.84116Z" fill="#EB0203"></path>
                    <path fill-rule="evenodd" clip-rule="evenodd" d="M3.67139 14.9655C3.67139 14.6486 3.93094 14.3917 4.25111 14.3917H4.63759C4.95776 14.3917 5.21731 14.6486 5.21731 14.9655C5.21731 15.2825 4.95776 15.5394 4.63759 15.5394H4.25111C3.93094 15.5394 3.67139 15.2825 3.67139 14.9655Z" fill="#EB0203"></path>
                    <path fill-rule="evenodd" clip-rule="evenodd" d="M0 1.76033C0 0.914738 0.692131 0.229248 1.54592 0.229248H15.0727C15.9265 0.229248 16.6186 0.914738 16.6186 1.76033V11.2818C16.6186 11.5989 16.3591 11.8559 16.0389 11.8559C15.7187 11.8559 15.4592 11.5989 15.4592 11.2818V1.76033C15.4592 1.54893 15.2862 1.37756 15.0727 1.37756H1.54592C1.33247 1.37756 1.15944 1.54893 1.15944 1.76033V18.985C1.15944 19.1964 1.33247 19.3678 1.54592 19.3678H9.27551C9.59568 19.3678 9.85523 19.6249 9.85523 19.942C9.85523 20.2591 9.59568 20.5161 9.27551 20.5161H1.54592C0.692131 20.5161 0 19.8306 0 18.985V1.76033Z" fill="#EB0203"></path>
                    <path fill-rule="evenodd" clip-rule="evenodd" d="M14.6254 13.8718C13.4921 12.8567 11.7821 12.7615 10.6574 13.7147C9.12472 15.0124 9.34891 17.128 10.4413 18.2493L14.0161 21.9126C14.2199 22.1217 14.493 22.2386 14.7824 22.2386C15.0739 22.2386 15.3449 22.1238 15.5487 21.9147L19.1235 18.2514C20.2139 17.13 20.4422 15.0144 18.9075 13.7147C17.7827 12.7634 16.0726 12.8569 14.9392 13.872C14.8856 13.92 14.8333 13.9701 14.7824 14.0222C14.7314 13.97 14.6791 13.9199 14.6254 13.8718ZM18.1546 14.588C19.0972 15.3869 18.9961 16.7262 18.2891 17.4541C18.2888 17.4543 18.2886 17.4546 18.2884 17.4548L14.7834 21.0466L11.2757 17.452C11.2756 17.4519 11.2755 17.4517 11.2753 17.4516C10.5681 16.7252 10.4682 15.3856 11.4108 14.5876L11.4112 14.5872C12.0748 14.0248 13.202 14.0556 13.949 14.8205L14.7824 15.674L15.6158 14.8205C16.3618 14.0567 17.4896 14.0256 18.1545 14.5879" fill="#EB0203"></path>
                    </svg>
                    </button>
                    </div>
                    <div class="col-sm-10 col-12">
                    <div class="ct-tile-quantity d-none" data-pid="5003635">
                    <input type="hidden" class="add-to-cart-url" value="https://www.continente.pt/on/demandware.store/Sites-continente-Site/default/Cart-AddProduct">
                    <div class="d-none tile-delete-confirmation-btn" data-pid="5003635" data-delay-time="3000" data-in-cart-msg="no carrinho" data-one-product-added="Adicionado ao carrinho" data-remove-from-cart-msg="Removido do carrinho" data-stay-open="6000.0" data-confirmation-image="{&quot;url&quot;:&quot;https://www.continente.pt/dw/image/v2/BDVS_PRD/on/demandware.static/-/Sites-col-master-catalog/default/dw3e7c1d42/images/col/500/5003635-frente.jpg?sw=87&amp;sh=80&quot;,&quot;fallbackimage&quot;:{&quot;url&quot;:&quot;https://www.continente.pt/dw/image/v2/BDVS_PRD/on/demandware.static/Sites-continente-Site/-/default/dw7c42b4da/images/noimagelarge_product.png?sw=87&amp;sh=80&quot;,&quot;title&quot;:&quot;Sumo Maçã e Morango&quot;,&quot;alt&quot;:&quot;Sumo Maçã e Morango&quot;},&quot;title&quot;:&quot;Sumo Maçã e Morango&quot;,&quot;alt&quot;:&quot;Sumo Maçã e Morango&quot;}"></div>
                    <div class="ct-tile-quantity-update quantity-update product-qty-vue" data-remove-action="https://www.continente.pt/on/demandware.store/Sites-continente-Site/default/Cart-RemoveProductLineItem" data-action="https://www.continente.pt/on/demandware.store/Sites-continente-Site/default/Cart-UpdateQuantity" data-dimension-update="https://www.continente.pt/on/demandware.store/Sites-continente-Site/default/Cart-DimensionUpdate" data-pid="5003635" data-uuid="7f694f22471e594427d26bbd97" data-add-delay="500.0" data-measure-options="{&quot;hasConversionRate&quot;:false,&quot;hasAlternativeSaleUnit&quot;:false,&quot;unitConversionRate&quot;:0,&quot;minOrderQuantity&quot;:1,&quot;stepQuantity&quot;:1,&quot;primaryunit&quot;:&quot;un&quot;,&quot;secondaryunit&quot;:&quot;lt&quot;,&quot;selectedunit&quot;:&quot;primary&quot;,&quot;maxNumberOfUnitsPerSale&quot;:50}" data-price-available="null" :data-has-error="isMaxQtyReached || isMinQtyReached || qtySelectedMoreThanOne">
                    <template v-show="prodUnits">
                    <div class="quantity-input-wrapper has-units">
                    <label class="visually-hidden" :for="'quantity-' + pid + additionalTag">
                    Quantidade no carrinho
                    </label>
                    <input :ref="'quantityInput-' + pid + additionalTag" class="add-to-cart-quantity form-control ct-form-input text-center" inputmode="numeric" :class="{'is-invalid': isInvalid}" :data-pid="pid + additionalTag" :name="'quantity-' + pid + additionalTag" type="text" aria-label="Insira a quantidade" title="" v-model="displayValue" @change="updateQuantity" @focus="updateQtyFormat" @blur="restoreQtyFormat" :disabled="!isPriceAvailable">
                    <span class="quantity-icon quantity-icon--minus">
                    <button class="decrease-quantity-btn" @click="updateQuantity" :disabled="!isPriceAvailable" role="button" aria-label="Reduzir quantidade">
                    <i class="css-math-minus"></i>
                    </button>
                    </span>
                    <span class="quantity-icon quantity-icon--plus">
                    <button class="increase-quantity-btn" @click="updateQuantity" :disabled="isMaxQtyReached || !isPriceAvailable" role="button" aria-label="Aumentar quantidade">
                    <i class="css-math-plus"></i>
                    </button>
                    <span class="quantity-btn-disabled-placeholder"></span>
                    </span>
                    <template v-if="isPDP">
                    <span class="quantity-error ct-span-error text-sm-center product-max-allocation" v-if="isMaxQtyReached">
                    Quantidade máxima atingida
                    </span>
                    <span class="quantity-error ct-span-product text-sm-center product-allocation" v-if="!isMinQtyReached &amp;&amp; !isMaxQtyReached">
                    {{quantitySelected}} no carrinho
                    </span>
                    <span class="quantity-error ct-span-error text-sm-center product-min-allocation" :data-pid="pid" v-if="isMinQtyReached &amp;&amp; !isMaxQtyReached">
                    Quantidade mínima atingida
                    </span>
                    </template>
                    </div>
                    <template v-if="showNotes">
                    <div class="add-note-link-container ">
                    <div class="add-note">
                    <a href="/produto/sumo-maca-e-morango-continente-5003635.html?showNote=true" class="ct-add-note-redirect-pdp" aria-label="Adicionar comentário">
                    <span class="svg-wrapper svg-icon-notes" style="width:19px; height:20px">
                    <svg class="svg-inline icon-notes" viewBox="0 0 28 30" xmlns="http://www.w3.org/2000/svg" width="100%" height="100%"><path d="M21.738 0C22.985 0 24 1.04 24 2.319V12.47c0 .469-.37.848-.828.848-.457 0-.827-.38-.827-.848V2.32c0-.343-.273-.622-.607-.622H2.262c-.334 0-.607.279-.607.622V27.68c0 .343.273.622.607.622h7.81c.457 0 .827.38.827.849 0 .468-.37.848-.827.848h-7.81C1.015 30 0 28.96 0 27.681V2.32C0 1.04 1.015 0 2.262 0h19.476zm2.844 16.004l.227.007c.823.053 1.589.39 2.176.964.64.627.993 1.46.993 2.349 0 .888-.353 1.722-.993 2.348l-6.83 6.665c-.11.108-.247.186-.397.226l-5.032 1.363c-.078.021-.16.032-.241.032-.242 0-.478-.097-.647-.266-.23-.231-.314-.566-.218-.874l1.49-4.798c.044-.139.122-.266.227-.369l6.844-6.677c.64-.625 1.493-.97 2.401-.97zm-2.886 3.94l-4.922 4.802-.947 3.048 3.22-.872 4.897-4.78-2.248-2.197zm2.887-2.174c-.425 0-.824.162-1.124.455l-.484.472 2.248 2.197.484-.472c.62-.606.62-1.591 0-2.197l-.117-.104c-.283-.227-.636-.35-1.007-.35zm-10.839.022c.498 0 .904.396.904.883 0 .488-.406.884-.904.884H5.946c-.499 0-.904-.396-.904-.884 0-.487.405-.883.904-.883zm5.042-4.876c.498 0 .904.397.904.884s-.406.884-.904.884H5.946c-.499 0-.904-.397-.904-.884s.405-.884.904-.884zm0-4.875c.498 0 .904.396.904.884 0 .487-.406.883-.904.883H5.946c-.499 0-.904-.396-.904-.883 0-.488.405-.884.904-.884z" fill="#EB0203" fill-rule="evenodd"></path></svg>
                    </span>
                    <div class="available-note d-none"></div>
                    </a>
                    </div>
                    </div>
                    </template>
                    <div class="measurement-unit-section" v-if="isPriceAvailable &amp;&amp; prodUnits ? prodUnits.hasAlternativeUnit : false">
                    <div class="ct-form-radio" @click="setDimension">
                    <input type="radio" title="" class="ct-form-check-input product-measurement-unit" :data-type="prodUnits.selectedUnit == prodUnits.secondaryUnit ? 'primary' : ''" :id="prodUnits.secondaryUnit + '-' + pid + '-measurement-unit-ptile' + additionalTag" :name="'measurement-unit-' + pid + '-ptile' + additionalTag" :value="prodUnits.secondaryUnit" v-model="prodUnits.selectedUnit">
                    <label :class="prodUnits.secondaryUnit + '-label ct-form-check-label mb-0'" :for="prodUnits.secondaryUnit + '-' + pid + '-measurement-unit-ptile' + additionalTag">
                    {{prodUnits.secondaryUnit}}
                    </label>
                    <span class="checkmark"></span>
                    </div>
                    <div class="ct-form-radio" @click="setDimension">
                    <input type="radio" title="" class="ct-form-check-input product-measurement-unit" :data-type="prodUnits.selectedUnit == prodUnits.primaryUnit ? 'primary' : ''" :id="prodUnits.primaryUnit + '-' + pid + '-measurement-unit-ptile' + additionalTag" :name="'measurement-unit-' + pid + '-ptile' + additionalTag" :value="prodUnits.primaryUnit" v-model="prodUnits.selectedUnit">
                    <label :class="prodUnits.primaryUnit + '-label ct-form-check-label mb-0'" :for="prodUnits.primaryUnit + '-' + pid + '-measurement-unit-ptile' + additionalTag">
                    {{prodUnits.primaryUnit}}
                    </label>
                    <span class="checkmark"></span>
                    </div>
                    </div>
                    <template v-if="!isPDP &amp;&amp; isPriceAvailable">
                    <span class="quantity-error ct-span-error product-max-allocation" v-if="isMaxQtyReached">
                    Quantidade máxima atingida
                    </span>
                    <span class="quantity-error ct-span-product product-allocation" v-if="!isMinQtyReached &amp;&amp; !isMaxQtyReached">
                    {{quantitySelected}} no carrinho
                    </span>
                    <span class="quantity-error ct-span-error product-min-allocation" :data-pid="pid" v-if="isMinQtyReached &amp;&amp; !isMaxQtyReached">
                    Quantidade mínima atingida
                    </span>
                    </template>
                    </template>
                    </div>
                    <input class="quantity-value-mask d-none" name="quantity" type="number" min="0" value="">
                    </div>
                    <button type="button" class="add-to-cart button js-add-to-cart js-add-to-cart-tile 5003635 button--primary dynamic-layout-btn" data-toggle="modal" data-target="#chooseBonusProductModal" data-pid="5003635" data-quantity-value="null" aria-label="Carrinho">
                    <span class="d-block d-sm-none">
                    <span class="svg-wrapper svg-icon-cart" style="width:20px; height:20px">
                    <svg class="svg-inline icon-cart" xmlns="http://www.w3.org/2000/svg" viewBox="0 0 500 500" width="100%" height="100%"><path fill="#EB0203" fill-rule="evenodd" d="M 485.67317,94.386311 C 476.37798,83.847129 463.09468,78.03348 448.30404,78.03348 H 90.690813 L 87.079511,51.327997 C 83.185582,22.539551 62.962285,0 41.011841,0 H 14.727836 C 6.563151,0 0,6.5286975 0,14.580758 c 0,8.05206 6.5945535,14.580758 14.727836,14.580758 h 26.284005 c 4.710398,0 14.696435,9.855222 16.894619,26.021523 L 100.01739,368.0631 c 1.88416,13.77244 9.01256,26.70549 20.1605,36.37417 8.25889,7.15046 18.02511,11.9071 28.26237,13.89679 -4.17655,7.58572 -6.53175,16.25957 -6.53175,25.493 0,29.53459 24.27424,53.59751 54.13815,53.59751 29.8325,0 54.13814,-24.03184 54.13814,-53.59751 0,-8.79818 -2.19818,-17.09897 -5.9979,-24.43598 h 77.12488 c -3.79973,7.33701 -5.96652,15.6378 -5.96652,24.43598 0,29.53459 24.27424,53.59751 54.13817,53.59751 29.83249,0 54.13814,-24.03184 54.13814,-53.59751 0,-8.79818 -2.1982,-17.09897 -5.9979,-24.43598 h 38.56243 c 8.13328,0 14.72783,-6.5287 14.72783,-14.61183 0,-8.02098 -6.59455,-14.54967 -14.72783,-14.54967 H 159.24277 c -14.38241,0 -28.13677,-11.90711 -30.02092,-26.02153 l -3.07746,-22.88154 h 290.6314 c 14.03698,0 27.94834,-5.28513 39.06488,-14.95381 11.11652,-9.6376 18.27632,-22.57065 20.16048,-36.37417 l 21.10259,-156.78201 c 1.94694,-14.51858 -2.10398,-28.29103 -11.43057,-38.861299 z M 220.76053,443.82706 c 0,13.49265 -11.08513,24.46709 -24.68247,24.46709 -13.62874,0 -24.71387,-10.97444 -24.71387,-24.46709 0,-13.49262 11.08513,-24.43598 24.71387,-24.43598 13.59734,0 24.68247,10.94336 24.68247,24.43598 z m 173.43675,0 c 0,13.49265 -11.08512,24.46709 -24.68245,24.46709 -13.62876,0 -24.71388,-10.97444 -24.71388,-24.46709 0,-13.49262 11.08512,-24.43598 24.71388,-24.43598 13.59733,0 24.68245,10.94336 24.68245,24.43598 z m 73.7648,-314.46558 -21.13397,156.782 c -1.88416,14.11442 -15.63851,26.05261 -30.02091,26.05261 H 122.25046 L 94.616142,107.19499 H 448.33544 c 6.18632,0 11.61896,2.2695 15.23028,6.37326 3.64269,4.13484 5.21283,9.73086 4.39636,15.79323 z"></path></svg>
                    </span>
                    </span>
                    <span class="add-to-cart--text d-none d-sm-block">Carrinho</span>
                    </button>
                    </div>
                    </div>
                    </div>
                    </div>
                    
                    <div class="col-12 d-sm-none">
                    </div>
                    </div>
                    </div>
                    </div>
                    </div>
                    <div class="col-12 col-sm-3 col-lg-2 productTile" data-idx="20">
                    
                    <script type="text/javascript">//<!--
                    /* <![CDATA[ */
                    (function(){
                    try {
                        if(window.CQuotient) {
                        var cq_params = {};
                        
                        cq_params.cookieId = window.CQuotient.getCQCookieId();
                        cq_params.userId = window.CQuotient.getCQUserId();
                        cq_params.emailId = CQuotient.getCQHashedEmail();
                        cq_params.loginId = CQuotient.getCQHashedLogin();
                        cq_params.accumulate = true;
                        cq_params.products = [{
                            id: '4388731',
                            sku: ''
                        }];
                        cq_params.categoryId = 'refeicoes-faceis';
                        cq_params.refinements = '[{\"name\":\"priceMin\",\"value\":\"0.01\"},{\"name\":\"priceMax\",\"value\":\"null\"},{\"name\":\"curr\",\"value\":\"EUR\"},{\"name\":\"Category\",\"value\":\"refeicoes-faceis\"}]';
                        cq_params.personalized = 'false';
                        cq_params.sortingRule = 'FRESH-Refei\u00E7\u00F5es F\u00E1ceis';
                        cq_params.imageUUID = '__UNDEFINED__';
                        cq_params.realm = "BDVS";
                        cq_params.siteId = "continente";
                        cq_params.instanceType = "prd";
                        cq_params.queryLocale = "default";
                        cq_params.locale = window.CQuotient.locale;
                        
                        if(window.CQuotient.sendActivity)
                            window.CQuotient.sendActivity(CQuotient.clientId, 'viewCategory', cq_params);
                        else
                            window.CQuotient.activities.push({
                                activityType: 'viewCategory',
                                parameters: cq_params
                            });
                      }
                    } catch(err) {}
                    })();
                    /* ]]> */
                    // -->
                    </script>
                    <script type="text/javascript">//<!--
                    /* <![CDATA[ (viewCategoryProduct-active_data.js) */
                    (function(){
                    try {
                        if (dw.ac) {
                            var search_params = {};
                            search_params.persd = 'false';
                            search_params.refs = '[{\"name\":\"priceMin\",\"value\":\"0.01\"},{\"name\":\"priceMax\",\"value\":\"null\"},{\"name\":\"curr\",\"value\":\"EUR\"},{\"name\":\"Category\",\"value\":\"refeicoes-faceis\"}]';
                            search_params.sort = 'FRESH-Refei\u00E7\u00F5es F\u00E1ceis';
                            search_params.imageUUID = '';
                            search_params.searchID = 'adc2ebee-ded6-4d71-a833-c4f63de27d3e';
                            search_params.locale = 'default';
                            search_params.queryLocale = 'default';
                            search_params.showProducts = 'true';
                            dw.ac.applyContext({category: "refeicoes-faceis", searchData: search_params});
                            if (typeof dw.ac._scheduleDataSubmission === "function") {
                                dw.ac._scheduleDataSubmission();
                            }
                        }
                    } catch(err) {}
                    })();
                    /* ]]> */
                    // -->
                    </script>
                    <script type="text/javascript">//<!--
                    /* <![CDATA[ (viewProduct-active_data.js) */
                    dw.ac._capture({id: "4388731", type: "searchhit"});
                    /* ]]> */
                    // -->
                    </script>
                    <div class="product" data-pid="4388731">
                    <div class="product-tile pid-4388731 ct-product-tile data-layer-pushed" data-delay-time="3000" data-variants-mapping="[]" data-in-cart-msg="no carrinho" data-one-product-added="Adicionado ao carrinho" data-remove-from-cart-msg="Removido do carrinho" data-stay-open="6000.0" data-product-tile-impression="{&quot;name&quot;:&quot;4388731&quot;,&quot;id&quot;:&quot;4388731&quot;,&quot;price&quot;:1.29,&quot;brand&quot;:&quot;Continente Fácil &amp; Bom&quot;,&quot;category&quot;:[{&quot;category_level_1&quot;:&quot;Take-Away&quot;},{&quot;category_level_2&quot;:&quot;Sopas&quot;},{&quot;category_level_3&quot;:&quot;Tradicionais&quot;}],&quot;variant&quot;:&quot;&quot;}">
                    <div class="ct-inner-tile-wrap row no-gutters justify-content-center align-content-start">
                    
                    <div class="ct-image-container col-4 col-sm" data-confirmation-image="{&quot;url&quot;:&quot;https://www.continente.pt/dw/image/v2/BDVS_PRD/on/demandware.static/-/Sites-col-master-catalog/default/dw874e0418/images/col/438/4388731-frente.jpg?sw=87&amp;sh=80&quot;,&quot;fallbackimage&quot;:{&quot;url&quot;:&quot;https://www.continente.pt/dw/image/v2/BDVS_PRD/on/demandware.static/Sites-continente-Site/-/default/dw7c42b4da/images/noimagelarge_product.png?sw=87&amp;sh=80&quot;,&quot;title&quot;:&quot;Sopa de Agrião&quot;,&quot;alt&quot;:&quot;Sopa de Agrião&quot;},&quot;title&quot;:&quot;Sopa de Agrião&quot;,&quot;alt&quot;:&quot;Sopa de Agrião&quot;}">
                    <a href="https://www.continente.pt/produto/sopa-de-agriao-continente-facil-bom-4388731.html?cgid=refeicoes-faceis">
                    <picture class="intrinsic intrinsic--square">
                    <img class="ct-tile-image lazyloaded" loading="lazy" onerror="this.onerror=null;this.src='/on/demandware.static/Sites-continente-Site/-/default/dw7c42b4da/images/noimagelarge_product.png';" data-src="https://www.continente.pt/dw/image/v2/BDVS_PRD/on/demandware.static/-/Sites-col-master-catalog/default/dw874e0418/images/col/438/4388731-frente.jpg?sw=280&amp;sh=280" alt="Sopa de Agrião" title="Sopa de Agrião" src="https://www.continente.pt/dw/image/v2/BDVS_PRD/on/demandware.static/-/Sites-col-master-catalog/default/dw874e0418/images/col/438/4388731-frente.jpg?sw=280&amp;sh=280">
                    </picture>
                    </a>
                    <div class="color-swatches d-flex" style="margin-left: 5px;">
                    <div class="swatches d-flex">
                    </div>
                    </div>
                    </div>
                    <div class="ct-tile-body col col-sm-auto ">
                    <div class="ct-pdp-details">
                    <div class="ct-pdp-link">
                    <a class="ct-tile--description" href="https://www.continente.pt/produto/sopa-de-agriao-continente-facil-bom-4388731.html?cgid=refeicoes-faceis">Sopa de Agrião</a>
                    <div class="ct-tile--favorite-top d-sm-none">
                    <button class="wishlist-toggler guest-mode inactive button button--tertiary" data-pid="4388731" data-add-url="https://www.continente.pt/on/demandware.store/Sites-continente-Site/default/Wishlist-AddProduct?pid=4388731" data-toggle="tooltip" aria-label="Adicionar aos favoritos " data-original-title="Adicionar aos favoritos" data-placement="top">
                    <svg class="active-content" width="100%" height="100%" viewBox="0 0 20 22" fill="none" xmlns="http://www.w3.org/2000/svg">
                    <path fill-rule="evenodd" clip-rule="evenodd" d="M0 1.53052C0 0.685236 0.692171 0 1.54601 0H15.0736C15.9274 0 16.6196 0.685235 16.6196 1.53052V13.4064L15.8127 13.922L14.2658 14.2658L12.7189 13.4064L10.6054 14.3818C10.4994 14.2451 10.3327 14.157 10.1452 14.157H6.76329C6.4431 14.157 6.18354 14.414 6.18354 14.731C6.18354 15.0479 6.4431 15.3049 6.76329 15.3049H10.1452C10.2478 15.3049 10.3441 15.2785 10.4277 15.2322L10.3126 16.8439L13.2345 20.2793H1.54601C0.69217 20.2793 0 19.5941 0 18.7488V1.53052ZM6.18354 5.5483C6.18354 5.23132 6.4431 4.97436 6.76329 4.97436H12.3676C12.6878 4.97436 12.9473 5.23132 12.9473 5.5483C12.9473 5.86528 12.6878 6.12224 12.3676 6.12224H6.76329C6.4431 6.12224 6.18354 5.86528 6.18354 5.5483ZM6.76329 11.0961C6.4431 11.0961 6.18354 11.3531 6.18354 11.6701C6.18354 11.987 6.4431 12.244 6.76329 12.244H12.3676C12.6878 12.244 12.9473 11.987 12.9473 11.6701C12.9473 11.3531 12.6878 11.0961 12.3676 11.0961H6.76329ZM6.18354 8.60985C6.18354 8.29287 6.4431 8.03591 6.76329 8.03591H12.3676C12.6878 8.03591 12.9473 8.29287 12.9473 8.60985C12.9473 8.92684 12.6878 9.1838 12.3676 9.1838H6.76329C6.4431 9.1838 6.18354 8.92684 6.18354 8.60985ZM3.67118 5.5483C3.67118 5.23132 3.93075 4.97436 4.25093 4.97436H4.63743C4.95762 4.97436 5.21719 5.23132 5.21719 5.5483C5.21719 5.86528 4.95762 6.12224 4.63743 6.12224H4.25093C3.93075 6.12224 3.67118 5.86528 3.67118 5.5483ZM4.25093 11.0961C3.93075 11.0961 3.67118 11.3531 3.67118 11.6701C3.67118 11.987 3.93075 12.244 4.25093 12.244H4.63743C4.95762 12.244 5.21719 11.987 5.21719 11.6701C5.21719 11.3531 4.95762 11.0961 4.63743 11.0961H4.25093ZM3.67118 8.60985C3.67118 8.29287 3.93075 8.03591 4.25093 8.03591H4.63743C4.95762 8.03591 5.21719 8.29287 5.21719 8.60985C5.21719 8.92684 4.95762 9.1838 4.63743 9.1838H4.25093C3.93075 9.1838 3.67118 8.92684 3.67118 8.60985ZM4.25093 14.157C3.93075 14.157 3.67118 14.414 3.67118 14.731C3.67118 15.0479 3.93075 15.3049 4.25093 15.3049H4.63743C4.95762 15.3049 5.21719 15.0479 5.21719 14.731C5.21719 14.414 4.95762 14.157 4.63743 14.157H4.25093Z" fill="#EB0203"></path>
                    <path fill-rule="evenodd" clip-rule="evenodd" d="M14.6252 13.6363C13.4918 12.6215 11.7817 12.5264 10.6569 13.4792C9.12421 14.7764 9.34841 16.8912 10.4409 18.0122L14.0159 21.6742C14.2197 21.8832 14.4928 22 14.7822 22C15.0737 22 15.3448 21.8852 15.5486 21.6762L19.1236 18.0142C20.214 16.8933 20.4423 14.7785 18.9075 13.4792C17.7827 12.5283 16.0724 12.6217 14.9391 13.6365C14.8855 13.6845 14.8331 13.7345 14.7822 13.7866C14.7313 13.7345 14.6789 13.6843 14.6252 13.6363ZM18.1546 14.3522C19.0973 15.1508 18.9962 16.4896 18.2891 17.2173C18.2888 17.2175 18.2886 17.2177 18.2884 17.218L14.7832 20.8084L11.2753 17.2151C11.2752 17.215 11.2751 17.2149 11.2749 17.2148C10.5677 16.4887 10.4678 15.1495 11.4104 14.3518L11.4108 14.3514C12.0745 13.7892 13.2018 13.82 13.9488 14.5846L14.7822 15.4378L15.6157 14.5846C16.3617 13.8211 17.4896 13.79 18.1545 14.3521" fill="#EB0203"></path>
                    </svg>
                    <svg class="inactive-content" width="100%" height="100%" viewBox="0 0 20 23" fill="none" xmlns="http://www.w3.org/2000/svg">
                    <path fill-rule="evenodd" clip-rule="evenodd" d="M6.18408 5.77914C6.18408 5.46223 6.44363 5.20532 6.7638 5.20532H12.3678C12.6879 5.20532 12.9475 5.46223 12.9475 5.77914C12.9475 6.09606 12.6879 6.35297 12.3678 6.35297H6.7638C6.44363 6.35297 6.18408 6.09606 6.18408 5.77914Z" fill="#EB0203"></path>
                    <path fill-rule="evenodd" clip-rule="evenodd" d="M6.18408 11.9034C6.18408 11.5865 6.44363 11.3296 6.7638 11.3296H12.3678C12.6879 11.3296 12.9475 11.5865 12.9475 11.9034C12.9475 12.2202 12.6879 12.4771 12.3678 12.4771H6.7638C6.44363 12.4771 6.18408 12.2202 6.18408 11.9034Z" fill="#EB0203"></path>
                    <path fill-rule="evenodd" clip-rule="evenodd" d="M6.18408 8.84116C6.18408 8.52424 6.44363 8.26733 6.7638 8.26733H12.3678C12.6879 8.26733 12.9475 8.52424 12.9475 8.84116C12.9475 9.15807 12.6879 9.41498 12.3678 9.41498H6.7638C6.44363 9.41498 6.18408 9.15807 6.18408 8.84116Z" fill="#EB0203"></path>
                    <path fill-rule="evenodd" clip-rule="evenodd" d="M6.18408 14.9655C6.18408 14.6486 6.44363 14.3917 6.7638 14.3917H10.1455C10.4657 14.3917 10.7252 14.6486 10.7252 14.9655C10.7252 15.2825 10.4657 15.5394 10.1455 15.5394H6.7638C6.44363 15.5394 6.18408 15.2825 6.18408 14.9655Z" fill="#EB0203"></path>
                    <path fill-rule="evenodd" clip-rule="evenodd" d="M3.67139 5.77914C3.67139 5.46223 3.93094 5.20532 4.25111 5.20532H4.63759C4.95776 5.20532 5.21731 5.46223 5.21731 5.77914C5.21731 6.09606 4.95776 6.35297 4.63759 6.35297H4.25111C3.93094 6.35297 3.67139 6.09606 3.67139 5.77914Z" fill="#EB0203"></path>
                    <path fill-rule="evenodd" clip-rule="evenodd" d="M3.67139 11.9034C3.67139 11.5865 3.93094 11.3296 4.25111 11.3296H4.63759C4.95776 11.3296 5.21731 11.5865 5.21731 11.9034C5.21731 12.2202 4.95776 12.4771 4.63759 12.4771H4.25111C3.93094 12.4771 3.67139 12.2202 3.67139 11.9034Z" fill="#EB0203"></path>
                    <path fill-rule="evenodd" clip-rule="evenodd" d="M3.67139 8.84116C3.67139 8.52424 3.93094 8.26733 4.25111 8.26733H4.63759C4.95776 8.26733 5.21731 8.52424 5.21731 8.84116C5.21731 9.15807 4.95776 9.41498 4.63759 9.41498H4.25111C3.93094 9.41498 3.67139 9.15807 3.67139 8.84116Z" fill="#EB0203"></path>
                    <path fill-rule="evenodd" clip-rule="evenodd" d="M3.67139 14.9655C3.67139 14.6486 3.93094 14.3917 4.25111 14.3917H4.63759C4.95776 14.3917 5.21731 14.6486 5.21731 14.9655C5.21731 15.2825 4.95776 15.5394 4.63759 15.5394H4.25111C3.93094 15.5394 3.67139 15.2825 3.67139 14.9655Z" fill="#EB0203"></path>
                    <path fill-rule="evenodd" clip-rule="evenodd" d="M0 1.76033C0 0.914738 0.692131 0.229248 1.54592 0.229248H15.0727C15.9265 0.229248 16.6186 0.914738 16.6186 1.76033V11.2818C16.6186 11.5989 16.3591 11.8559 16.0389 11.8559C15.7187 11.8559 15.4592 11.5989 15.4592 11.2818V1.76033C15.4592 1.54893 15.2862 1.37756 15.0727 1.37756H1.54592C1.33247 1.37756 1.15944 1.54893 1.15944 1.76033V18.985C1.15944 19.1964 1.33247 19.3678 1.54592 19.3678H9.27551C9.59568 19.3678 9.85523 19.6249 9.85523 19.942C9.85523 20.2591 9.59568 20.5161 9.27551 20.5161H1.54592C0.692131 20.5161 0 19.8306 0 18.985V1.76033Z" fill="#EB0203"></path>
                    <path fill-rule="evenodd" clip-rule="evenodd" d="M14.6254 13.8718C13.4921 12.8567 11.7821 12.7615 10.6574 13.7147C9.12472 15.0124 9.34891 17.128 10.4413 18.2493L14.0161 21.9126C14.2199 22.1217 14.493 22.2386 14.7824 22.2386C15.0739 22.2386 15.3449 22.1238 15.5487 21.9147L19.1235 18.2514C20.2139 17.13 20.4422 15.0144 18.9075 13.7147C17.7827 12.7634 16.0726 12.8569 14.9392 13.872C14.8856 13.92 14.8333 13.9701 14.7824 14.0222C14.7314 13.97 14.6791 13.9199 14.6254 13.8718ZM18.1546 14.588C19.0972 15.3869 18.9961 16.7262 18.2891 17.4541C18.2888 17.4543 18.2886 17.4546 18.2884 17.4548L14.7834 21.0466L11.2757 17.452C11.2756 17.4519 11.2755 17.4517 11.2753 17.4516C10.5681 16.7252 10.4682 15.3856 11.4108 14.5876L11.4112 14.5872C12.0748 14.0248 13.202 14.0556 13.949 14.8205L14.7824 15.674L15.6158 14.8205C16.3618 14.0567 17.4896 14.0256 18.1545 14.5879" fill="#EB0203"></path>
                    </svg>
                    </button>
                    </div>
                    </div>
                    <p class="ct-tile--brand">Continente Fácil &amp; Bom</p>
                    <p class="ct-tile--quantity">emb. 400 gr</p>
                    </div>
                    <div class="ct-tile-bottom row no-gutters justify-content-between">
                    <div class="ct-price-wrap col-8 col-sm-12">
                    <div class="price js-product-price">
                    <div class="prices-wrapper">
                    <span class="sales ct-tile--price-primary ">
                    <span class="value" content="1.29">
                    <span class="ct-price-formatted">
                    €1,29
                    </span>
                    <span class="ct-m-unit">
                    /un
                    </span>
                    </span>
                    </span>
                    </div>
                    <div class="ct-tile--price-secondary">
                    <span class="ct-price-value">
                    €3,23
                    </span>
                    <span class="ct-m-unit">
                    /kg
                    </span>
                    </div>
                    </div>
                    </div>
                    <div class="ct-tile-buy-section d-flex justify-content-center no-gutters col-auto col-sm-12">
                    <div class="col-2 d-sm-flex d-none">
                    <button class="wishlist-toggler guest-mode inactive button button--tertiary" data-pid="4388731" data-add-url="https://www.continente.pt/on/demandware.store/Sites-continente-Site/default/Wishlist-AddProduct?pid=4388731" data-toggle="tooltip" aria-label="Adicionar aos favoritos " data-original-title="Adicionar aos favoritos" data-placement="top">
                    <svg class="active-content" width="100%" height="100%" viewBox="0 0 20 22" fill="none" xmlns="http://www.w3.org/2000/svg">
                    <path fill-rule="evenodd" clip-rule="evenodd" d="M0 1.53052C0 0.685236 0.692171 0 1.54601 0H15.0736C15.9274 0 16.6196 0.685235 16.6196 1.53052V13.4064L15.8127 13.922L14.2658 14.2658L12.7189 13.4064L10.6054 14.3818C10.4994 14.2451 10.3327 14.157 10.1452 14.157H6.76329C6.4431 14.157 6.18354 14.414 6.18354 14.731C6.18354 15.0479 6.4431 15.3049 6.76329 15.3049H10.1452C10.2478 15.3049 10.3441 15.2785 10.4277 15.2322L10.3126 16.8439L13.2345 20.2793H1.54601C0.69217 20.2793 0 19.5941 0 18.7488V1.53052ZM6.18354 5.5483C6.18354 5.23132 6.4431 4.97436 6.76329 4.97436H12.3676C12.6878 4.97436 12.9473 5.23132 12.9473 5.5483C12.9473 5.86528 12.6878 6.12224 12.3676 6.12224H6.76329C6.4431 6.12224 6.18354 5.86528 6.18354 5.5483ZM6.76329 11.0961C6.4431 11.0961 6.18354 11.3531 6.18354 11.6701C6.18354 11.987 6.4431 12.244 6.76329 12.244H12.3676C12.6878 12.244 12.9473 11.987 12.9473 11.6701C12.9473 11.3531 12.6878 11.0961 12.3676 11.0961H6.76329ZM6.18354 8.60985C6.18354 8.29287 6.4431 8.03591 6.76329 8.03591H12.3676C12.6878 8.03591 12.9473 8.29287 12.9473 8.60985C12.9473 8.92684 12.6878 9.1838 12.3676 9.1838H6.76329C6.4431 9.1838 6.18354 8.92684 6.18354 8.60985ZM3.67118 5.5483C3.67118 5.23132 3.93075 4.97436 4.25093 4.97436H4.63743C4.95762 4.97436 5.21719 5.23132 5.21719 5.5483C5.21719 5.86528 4.95762 6.12224 4.63743 6.12224H4.25093C3.93075 6.12224 3.67118 5.86528 3.67118 5.5483ZM4.25093 11.0961C3.93075 11.0961 3.67118 11.3531 3.67118 11.6701C3.67118 11.987 3.93075 12.244 4.25093 12.244H4.63743C4.95762 12.244 5.21719 11.987 5.21719 11.6701C5.21719 11.3531 4.95762 11.0961 4.63743 11.0961H4.25093ZM3.67118 8.60985C3.67118 8.29287 3.93075 8.03591 4.25093 8.03591H4.63743C4.95762 8.03591 5.21719 8.29287 5.21719 8.60985C5.21719 8.92684 4.95762 9.1838 4.63743 9.1838H4.25093C3.93075 9.1838 3.67118 8.92684 3.67118 8.60985ZM4.25093 14.157C3.93075 14.157 3.67118 14.414 3.67118 14.731C3.67118 15.0479 3.93075 15.3049 4.25093 15.3049H4.63743C4.95762 15.3049 5.21719 15.0479 5.21719 14.731C5.21719 14.414 4.95762 14.157 4.63743 14.157H4.25093Z" fill="#EB0203"></path>
                    <path fill-rule="evenodd" clip-rule="evenodd" d="M14.6252 13.6363C13.4918 12.6215 11.7817 12.5264 10.6569 13.4792C9.12421 14.7764 9.34841 16.8912 10.4409 18.0122L14.0159 21.6742C14.2197 21.8832 14.4928 22 14.7822 22C15.0737 22 15.3448 21.8852 15.5486 21.6762L19.1236 18.0142C20.214 16.8933 20.4423 14.7785 18.9075 13.4792C17.7827 12.5283 16.0724 12.6217 14.9391 13.6365C14.8855 13.6845 14.8331 13.7345 14.7822 13.7866C14.7313 13.7345 14.6789 13.6843 14.6252 13.6363ZM18.1546 14.3522C19.0973 15.1508 18.9962 16.4896 18.2891 17.2173C18.2888 17.2175 18.2886 17.2177 18.2884 17.218L14.7832 20.8084L11.2753 17.2151C11.2752 17.215 11.2751 17.2149 11.2749 17.2148C10.5677 16.4887 10.4678 15.1495 11.4104 14.3518L11.4108 14.3514C12.0745 13.7892 13.2018 13.82 13.9488 14.5846L14.7822 15.4378L15.6157 14.5846C16.3617 13.8211 17.4896 13.79 18.1545 14.3521" fill="#EB0203"></path>
                    </svg>
                    <svg class="inactive-content" width="100%" height="100%" viewBox="0 0 20 23" fill="none" xmlns="http://www.w3.org/2000/svg">
                    <path fill-rule="evenodd" clip-rule="evenodd" d="M6.18408 5.77914C6.18408 5.46223 6.44363 5.20532 6.7638 5.20532H12.3678C12.6879 5.20532 12.9475 5.46223 12.9475 5.77914C12.9475 6.09606 12.6879 6.35297 12.3678 6.35297H6.7638C6.44363 6.35297 6.18408 6.09606 6.18408 5.77914Z" fill="#EB0203"></path>
                    <path fill-rule="evenodd" clip-rule="evenodd" d="M6.18408 11.9034C6.18408 11.5865 6.44363 11.3296 6.7638 11.3296H12.3678C12.6879 11.3296 12.9475 11.5865 12.9475 11.9034C12.9475 12.2202 12.6879 12.4771 12.3678 12.4771H6.7638C6.44363 12.4771 6.18408 12.2202 6.18408 11.9034Z" fill="#EB0203"></path>
                    <path fill-rule="evenodd" clip-rule="evenodd" d="M6.18408 8.84116C6.18408 8.52424 6.44363 8.26733 6.7638 8.26733H12.3678C12.6879 8.26733 12.9475 8.52424 12.9475 8.84116C12.9475 9.15807 12.6879 9.41498 12.3678 9.41498H6.7638C6.44363 9.41498 6.18408 9.15807 6.18408 8.84116Z" fill="#EB0203"></path>
                    <path fill-rule="evenodd" clip-rule="evenodd" d="M6.18408 14.9655C6.18408 14.6486 6.44363 14.3917 6.7638 14.3917H10.1455C10.4657 14.3917 10.7252 14.6486 10.7252 14.9655C10.7252 15.2825 10.4657 15.5394 10.1455 15.5394H6.7638C6.44363 15.5394 6.18408 15.2825 6.18408 14.9655Z" fill="#EB0203"></path>
                    <path fill-rule="evenodd" clip-rule="evenodd" d="M3.67139 5.77914C3.67139 5.46223 3.93094 5.20532 4.25111 5.20532H4.63759C4.95776 5.20532 5.21731 5.46223 5.21731 5.77914C5.21731 6.09606 4.95776 6.35297 4.63759 6.35297H4.25111C3.93094 6.35297 3.67139 6.09606 3.67139 5.77914Z" fill="#EB0203"></path>
                    <path fill-rule="evenodd" clip-rule="evenodd" d="M3.67139 11.9034C3.67139 11.5865 3.93094 11.3296 4.25111 11.3296H4.63759C4.95776 11.3296 5.21731 11.5865 5.21731 11.9034C5.21731 12.2202 4.95776 12.4771 4.63759 12.4771H4.25111C3.93094 12.4771 3.67139 12.2202 3.67139 11.9034Z" fill="#EB0203"></path>
                    <path fill-rule="evenodd" clip-rule="evenodd" d="M3.67139 8.84116C3.67139 8.52424 3.93094 8.26733 4.25111 8.26733H4.63759C4.95776 8.26733 5.21731 8.52424 5.21731 8.84116C5.21731 9.15807 4.95776 9.41498 4.63759 9.41498H4.25111C3.93094 9.41498 3.67139 9.15807 3.67139 8.84116Z" fill="#EB0203"></path>
                    <path fill-rule="evenodd" clip-rule="evenodd" d="M3.67139 14.9655C3.67139 14.6486 3.93094 14.3917 4.25111 14.3917H4.63759C4.95776 14.3917 5.21731 14.6486 5.21731 14.9655C5.21731 15.2825 4.95776 15.5394 4.63759 15.5394H4.25111C3.93094 15.5394 3.67139 15.2825 3.67139 14.9655Z" fill="#EB0203"></path>
                    <path fill-rule="evenodd" clip-rule="evenodd" d="M0 1.76033C0 0.914738 0.692131 0.229248 1.54592 0.229248H15.0727C15.9265 0.229248 16.6186 0.914738 16.6186 1.76033V11.2818C16.6186 11.5989 16.3591 11.8559 16.0389 11.8559C15.7187 11.8559 15.4592 11.5989 15.4592 11.2818V1.76033C15.4592 1.54893 15.2862 1.37756 15.0727 1.37756H1.54592C1.33247 1.37756 1.15944 1.54893 1.15944 1.76033V18.985C1.15944 19.1964 1.33247 19.3678 1.54592 19.3678H9.27551C9.59568 19.3678 9.85523 19.6249 9.85523 19.942C9.85523 20.2591 9.59568 20.5161 9.27551 20.5161H1.54592C0.692131 20.5161 0 19.8306 0 18.985V1.76033Z" fill="#EB0203"></path>
                    <path fill-rule="evenodd" clip-rule="evenodd" d="M14.6254 13.8718C13.4921 12.8567 11.7821 12.7615 10.6574 13.7147C9.12472 15.0124 9.34891 17.128 10.4413 18.2493L14.0161 21.9126C14.2199 22.1217 14.493 22.2386 14.7824 22.2386C15.0739 22.2386 15.3449 22.1238 15.5487 21.9147L19.1235 18.2514C20.2139 17.13 20.4422 15.0144 18.9075 13.7147C17.7827 12.7634 16.0726 12.8569 14.9392 13.872C14.8856 13.92 14.8333 13.9701 14.7824 14.0222C14.7314 13.97 14.6791 13.9199 14.6254 13.8718ZM18.1546 14.588C19.0972 15.3869 18.9961 16.7262 18.2891 17.4541C18.2888 17.4543 18.2886 17.4546 18.2884 17.4548L14.7834 21.0466L11.2757 17.452C11.2756 17.4519 11.2755 17.4517 11.2753 17.4516C10.5681 16.7252 10.4682 15.3856 11.4108 14.5876L11.4112 14.5872C12.0748 14.0248 13.202 14.0556 13.949 14.8205L14.7824 15.674L15.6158 14.8205C16.3618 14.0567 17.4896 14.0256 18.1545 14.5879" fill="#EB0203"></path>
                    </svg>
                    </button>
                    </div>
                    <div class="col-sm-10 col-12">
                    <div class="ct-tile-quantity d-none" data-pid="4388731">
                    <input type="hidden" class="add-to-cart-url" value="https://www.continente.pt/on/demandware.store/Sites-continente-Site/default/Cart-AddProduct">
                    <div class="d-none tile-delete-confirmation-btn" data-pid="4388731" data-delay-time="3000" data-in-cart-msg="no carrinho" data-one-product-added="Adicionado ao carrinho" data-remove-from-cart-msg="Removido do carrinho" data-stay-open="6000.0" data-confirmation-image="{&quot;url&quot;:&quot;https://www.continente.pt/dw/image/v2/BDVS_PRD/on/demandware.static/-/Sites-col-master-catalog/default/dw874e0418/images/col/438/4388731-frente.jpg?sw=87&amp;sh=80&quot;,&quot;fallbackimage&quot;:{&quot;url&quot;:&quot;https://www.continente.pt/dw/image/v2/BDVS_PRD/on/demandware.static/Sites-continente-Site/-/default/dw7c42b4da/images/noimagelarge_product.png?sw=87&amp;sh=80&quot;,&quot;title&quot;:&quot;Sopa de Agrião&quot;,&quot;alt&quot;:&quot;Sopa de Agrião&quot;},&quot;title&quot;:&quot;Sopa de Agrião&quot;,&quot;alt&quot;:&quot;Sopa de Agrião&quot;}"></div>
                    <div class="ct-tile-quantity-update quantity-update product-qty-vue" data-remove-action="https://www.continente.pt/on/demandware.store/Sites-continente-Site/default/Cart-RemoveProductLineItem" data-action="https://www.continente.pt/on/demandware.store/Sites-continente-Site/default/Cart-UpdateQuantity" data-dimension-update="https://www.continente.pt/on/demandware.store/Sites-continente-Site/default/Cart-DimensionUpdate" data-pid="4388731" data-uuid="4c6f773d7ba3c35c6d4b461c58" data-add-delay="500.0" data-measure-options="{&quot;hasConversionRate&quot;:true,&quot;hasAlternativeSaleUnit&quot;:false,&quot;primaryToSecondary&quot;:1,&quot;secondaryToPrimary&quot;:1,&quot;unitConversionRate&quot;:1,&quot;minOrderQuantity&quot;:1,&quot;stepQuantity&quot;:1,&quot;primaryunit&quot;:&quot;un&quot;,&quot;secondaryunit&quot;:&quot;kg&quot;,&quot;selectedunit&quot;:&quot;primary&quot;,&quot;maxNumberOfUnitsPerSale&quot;:50}" data-price-available="null" :data-has-error="isMaxQtyReached || isMinQtyReached || qtySelectedMoreThanOne">
                    <template v-show="prodUnits">
                    <div class="quantity-input-wrapper has-units">
                    <label class="visually-hidden" :for="'quantity-' + pid + additionalTag">
                    Quantidade no carrinho
                    </label>
                    <input :ref="'quantityInput-' + pid + additionalTag" class="add-to-cart-quantity form-control ct-form-input text-center" inputmode="numeric" :class="{'is-invalid': isInvalid}" :data-pid="pid + additionalTag" :name="'quantity-' + pid + additionalTag" type="text" aria-label="Insira a quantidade" title="" v-model="displayValue" @change="updateQuantity" @focus="updateQtyFormat" @blur="restoreQtyFormat" :disabled="!isPriceAvailable">
                    <span class="quantity-icon quantity-icon--minus">
                    <button class="decrease-quantity-btn" @click="updateQuantity" :disabled="!isPriceAvailable" role="button" aria-label="Reduzir quantidade">
                    <i class="css-math-minus"></i>
                    </button>
                    </span>
                    <span class="quantity-icon quantity-icon--plus">
                    <button class="increase-quantity-btn" @click="updateQuantity" :disabled="isMaxQtyReached || !isPriceAvailable" role="button" aria-label="Aumentar quantidade">
                    <i class="css-math-plus"></i>
                    </button>
                    <span class="quantity-btn-disabled-placeholder"></span>
                    </span>
                    <template v-if="isPDP">
                    <span class="quantity-error ct-span-error text-sm-center product-max-allocation" v-if="isMaxQtyReached">
                    Quantidade máxima atingida
                    </span>
                    <span class="quantity-error ct-span-product text-sm-center product-allocation" v-if="!isMinQtyReached &amp;&amp; !isMaxQtyReached">
                    {{quantitySelected}} no carrinho
                    </span>
                    <span class="quantity-error ct-span-error text-sm-center product-min-allocation" :data-pid="pid" v-if="isMinQtyReached &amp;&amp; !isMaxQtyReached">
                    Quantidade mínima atingida
                    </span>
                    </template>
                    </div>
                    <template v-if="showNotes">
                    <div class="add-note-link-container ">
                    <div class="add-note">
                    <a href="/produto/sopa-de-agriao-continente-facil-bom-4388731.html?showNote=true" class="ct-add-note-redirect-pdp" aria-label="Adicionar comentário">
                    <span class="svg-wrapper svg-icon-notes" style="width:19px; height:20px">
                    <svg class="svg-inline icon-notes" viewBox="0 0 28 30" xmlns="http://www.w3.org/2000/svg" width="100%" height="100%"><path d="M21.738 0C22.985 0 24 1.04 24 2.319V12.47c0 .469-.37.848-.828.848-.457 0-.827-.38-.827-.848V2.32c0-.343-.273-.622-.607-.622H2.262c-.334 0-.607.279-.607.622V27.68c0 .343.273.622.607.622h7.81c.457 0 .827.38.827.849 0 .468-.37.848-.827.848h-7.81C1.015 30 0 28.96 0 27.681V2.32C0 1.04 1.015 0 2.262 0h19.476zm2.844 16.004l.227.007c.823.053 1.589.39 2.176.964.64.627.993 1.46.993 2.349 0 .888-.353 1.722-.993 2.348l-6.83 6.665c-.11.108-.247.186-.397.226l-5.032 1.363c-.078.021-.16.032-.241.032-.242 0-.478-.097-.647-.266-.23-.231-.314-.566-.218-.874l1.49-4.798c.044-.139.122-.266.227-.369l6.844-6.677c.64-.625 1.493-.97 2.401-.97zm-2.886 3.94l-4.922 4.802-.947 3.048 3.22-.872 4.897-4.78-2.248-2.197zm2.887-2.174c-.425 0-.824.162-1.124.455l-.484.472 2.248 2.197.484-.472c.62-.606.62-1.591 0-2.197l-.117-.104c-.283-.227-.636-.35-1.007-.35zm-10.839.022c.498 0 .904.396.904.883 0 .488-.406.884-.904.884H5.946c-.499 0-.904-.396-.904-.884 0-.487.405-.883.904-.883zm5.042-4.876c.498 0 .904.397.904.884s-.406.884-.904.884H5.946c-.499 0-.904-.397-.904-.884s.405-.884.904-.884zm0-4.875c.498 0 .904.396.904.884 0 .487-.406.883-.904.883H5.946c-.499 0-.904-.396-.904-.883 0-.488.405-.884.904-.884z" fill="#EB0203" fill-rule="evenodd"></path></svg>
                    </span>
                    <div class="available-note d-none"></div>
                    </a>
                    </div>
                    </div>
                    </template>
                    <div class="measurement-unit-section" v-if="isPriceAvailable &amp;&amp; prodUnits ? prodUnits.hasAlternativeUnit : false">
                    <div class="ct-form-radio" @click="setDimension">
                    <input type="radio" title="" class="ct-form-check-input product-measurement-unit" :data-type="prodUnits.selectedUnit == prodUnits.secondaryUnit ? 'primary' : ''" :id="prodUnits.secondaryUnit + '-' + pid + '-measurement-unit-ptile' + additionalTag" :name="'measurement-unit-' + pid + '-ptile' + additionalTag" :value="prodUnits.secondaryUnit" v-model="prodUnits.selectedUnit">
                    <label :class="prodUnits.secondaryUnit + '-label ct-form-check-label mb-0'" :for="prodUnits.secondaryUnit + '-' + pid + '-measurement-unit-ptile' + additionalTag">
                    {{prodUnits.secondaryUnit}}
                    </label>
                    <span class="checkmark"></span>
                    </div>
                    <div class="ct-form-radio" @click="setDimension">
                    <input type="radio" title="" class="ct-form-check-input product-measurement-unit" :data-type="prodUnits.selectedUnit == prodUnits.primaryUnit ? 'primary' : ''" :id="prodUnits.primaryUnit + '-' + pid + '-measurement-unit-ptile' + additionalTag" :name="'measurement-unit-' + pid + '-ptile' + additionalTag" :value="prodUnits.primaryUnit" v-model="prodUnits.selectedUnit">
                    <label :class="prodUnits.primaryUnit + '-label ct-form-check-label mb-0'" :for="prodUnits.primaryUnit + '-' + pid + '-measurement-unit-ptile' + additionalTag">
                    {{prodUnits.primaryUnit}}
                    </label>
                    <span class="checkmark"></span>
                    </div>
                    </div>
                    <template v-if="!isPDP &amp;&amp; isPriceAvailable">
                    <span class="quantity-error ct-span-error product-max-allocation" v-if="isMaxQtyReached">
                    Quantidade máxima atingida
                    </span>
                    <span class="quantity-error ct-span-product product-allocation" v-if="!isMinQtyReached &amp;&amp; !isMaxQtyReached">
                    {{quantitySelected}} no carrinho
                    </span>
                    <span class="quantity-error ct-span-error product-min-allocation" :data-pid="pid" v-if="isMinQtyReached &amp;&amp; !isMaxQtyReached">
                    Quantidade mínima atingida
                    </span>
                    </template>
                    </template>
                    </div>
                    <input class="quantity-value-mask d-none" name="quantity" type="number" min="0" value="">
                    </div>
                    <button type="button" class="add-to-cart button js-add-to-cart js-add-to-cart-tile 4388731 button--primary dynamic-layout-btn" data-toggle="modal" data-target="#chooseBonusProductModal" data-pid="4388731" data-quantity-value="null" aria-label="Carrinho">
                    <span class="d-block d-sm-none">
                    <span class="svg-wrapper svg-icon-cart" style="width:20px; height:20px">
                    <svg class="svg-inline icon-cart" xmlns="http://www.w3.org/2000/svg" viewBox="0 0 500 500" width="100%" height="100%"><path fill="#EB0203" fill-rule="evenodd" d="M 485.67317,94.386311 C 476.37798,83.847129 463.09468,78.03348 448.30404,78.03348 H 90.690813 L 87.079511,51.327997 C 83.185582,22.539551 62.962285,0 41.011841,0 H 14.727836 C 6.563151,0 0,6.5286975 0,14.580758 c 0,8.05206 6.5945535,14.580758 14.727836,14.580758 h 26.284005 c 4.710398,0 14.696435,9.855222 16.894619,26.021523 L 100.01739,368.0631 c 1.88416,13.77244 9.01256,26.70549 20.1605,36.37417 8.25889,7.15046 18.02511,11.9071 28.26237,13.89679 -4.17655,7.58572 -6.53175,16.25957 -6.53175,25.493 0,29.53459 24.27424,53.59751 54.13815,53.59751 29.8325,0 54.13814,-24.03184 54.13814,-53.59751 0,-8.79818 -2.19818,-17.09897 -5.9979,-24.43598 h 77.12488 c -3.79973,7.33701 -5.96652,15.6378 -5.96652,24.43598 0,29.53459 24.27424,53.59751 54.13817,53.59751 29.83249,0 54.13814,-24.03184 54.13814,-53.59751 0,-8.79818 -2.1982,-17.09897 -5.9979,-24.43598 h 38.56243 c 8.13328,0 14.72783,-6.5287 14.72783,-14.61183 0,-8.02098 -6.59455,-14.54967 -14.72783,-14.54967 H 159.24277 c -14.38241,0 -28.13677,-11.90711 -30.02092,-26.02153 l -3.07746,-22.88154 h 290.6314 c 14.03698,0 27.94834,-5.28513 39.06488,-14.95381 11.11652,-9.6376 18.27632,-22.57065 20.16048,-36.37417 l 21.10259,-156.78201 c 1.94694,-14.51858 -2.10398,-28.29103 -11.43057,-38.861299 z M 220.76053,443.82706 c 0,13.49265 -11.08513,24.46709 -24.68247,24.46709 -13.62874,0 -24.71387,-10.97444 -24.71387,-24.46709 0,-13.49262 11.08513,-24.43598 24.71387,-24.43598 13.59734,0 24.68247,10.94336 24.68247,24.43598 z m 173.43675,0 c 0,13.49265 -11.08512,24.46709 -24.68245,24.46709 -13.62876,0 -24.71388,-10.97444 -24.71388,-24.46709 0,-13.49262 11.08512,-24.43598 24.71388,-24.43598 13.59733,0 24.68245,10.94336 24.68245,24.43598 z m 73.7648,-314.46558 -21.13397,156.782 c -1.88416,14.11442 -15.63851,26.05261 -30.02091,26.05261 H 122.25046 L 94.616142,107.19499 H 448.33544 c 6.18632,0 11.61896,2.2695 15.23028,6.37326 3.64269,4.13484 5.21283,9.73086 4.39636,15.79323 z"></path></svg>
                    </span>
                    </span>
                    <span class="add-to-cart--text d-none d-sm-block">Carrinho</span>
                    </button>
                    </div>
                    </div>
                    </div>
                    </div>
                    
                    <div class="col-12 d-sm-none">
                    </div>
                    </div>
                    </div>
                    </div>
                    </div>
                    <div class="col-12 col-sm-3 col-lg-2 productTile" data-idx="21">
                    
                    <script type="text/javascript">//<!--
                    /* <![CDATA[ */
                    (function(){
                    try {
                        if(window.CQuotient) {
                        var cq_params = {};
                        
                        cq_params.cookieId = window.CQuotient.getCQCookieId();
                        cq_params.userId = window.CQuotient.getCQUserId();
                        cq_params.emailId = CQuotient.getCQHashedEmail();
                        cq_params.loginId = CQuotient.getCQHashedLogin();
                        cq_params.accumulate = true;
                        cq_params.products = [{
                            id: '6152474',
                            sku: ''
                        }];
                        cq_params.categoryId = 'refeicoes-faceis';
                        cq_params.refinements = '[{\"name\":\"priceMin\",\"value\":\"0.01\"},{\"name\":\"priceMax\",\"value\":\"null\"},{\"name\":\"curr\",\"value\":\"EUR\"},{\"name\":\"Category\",\"value\":\"refeicoes-faceis\"}]';
                        cq_params.personalized = 'false';
                        cq_params.sortingRule = 'FRESH-Refei\u00E7\u00F5es F\u00E1ceis';
                        cq_params.imageUUID = '__UNDEFINED__';
                        cq_params.realm = "BDVS";
                        cq_params.siteId = "continente";
                        cq_params.instanceType = "prd";
                        cq_params.queryLocale = "default";
                        cq_params.locale = window.CQuotient.locale;
                        
                        if(window.CQuotient.sendActivity)
                            window.CQuotient.sendActivity(CQuotient.clientId, 'viewCategory', cq_params);
                        else
                            window.CQuotient.activities.push({
                                activityType: 'viewCategory',
                                parameters: cq_params
                            });
                      }
                    } catch(err) {}
                    })();
                    /* ]]> */
                    // -->
                    </script>
                    <script type="text/javascript">//<!--
                    /* <![CDATA[ (viewCategoryProduct-active_data.js) */
                    (function(){
                    try {
                        if (dw.ac) {
                            var search_params = {};
                            search_params.persd = 'false';
                            search_params.refs = '[{\"name\":\"priceMin\",\"value\":\"0.01\"},{\"name\":\"priceMax\",\"value\":\"null\"},{\"name\":\"curr\",\"value\":\"EUR\"},{\"name\":\"Category\",\"value\":\"refeicoes-faceis\"}]';
                            search_params.sort = 'FRESH-Refei\u00E7\u00F5es F\u00E1ceis';
                            search_params.imageUUID = '';
                            search_params.searchID = 'adc2ebee-ded6-4d71-a833-c4f63de27d3e';
                            search_params.locale = 'default';
                            search_params.queryLocale = 'default';
                            search_params.showProducts = 'true';
                            dw.ac.applyContext({category: "refeicoes-faceis", searchData: search_params});
                            if (typeof dw.ac._scheduleDataSubmission === "function") {
                                dw.ac._scheduleDataSubmission();
                            }
                        }
                    } catch(err) {}
                    })();
                    /* ]]> */
                    // -->
                    </script>
                    <script type="text/javascript">//<!--
                    /* <![CDATA[ (viewProduct-active_data.js) */
                    dw.ac._capture({id: "6152474", type: "searchhit"});
                    /* ]]> */
                    // -->
                    </script>
                    <div class="product" data-pid="6152474">
                    <div class="product-tile pid-6152474 ct-product-tile data-layer-pushed" data-delay-time="3000" data-variants-mapping="[]" data-in-cart-msg="no carrinho" data-one-product-added="Adicionado ao carrinho" data-remove-from-cart-msg="Removido do carrinho" data-stay-open="6000.0" data-product-tile-impression="{&quot;name&quot;:&quot;6152474&quot;,&quot;id&quot;:&quot;6152474&quot;,&quot;price&quot;:4.31,&quot;brand&quot;:&quot;Continente Fácil &amp; Bom&quot;,&quot;category&quot;:[{&quot;category_level_1&quot;:&quot;Peixaria e Talho&quot;},{&quot;category_level_2&quot;:&quot;Talho&quot;},{&quot;category_level_3&quot;:&quot;Novilho, Vitela e Vitelão&quot;}],&quot;variant&quot;:&quot;&quot;}">
                    <div class="ct-inner-tile-wrap row no-gutters justify-content-center align-content-start">
                    <div class="ct-product-tile-badge ct-product-tile-badge--promotional">
                    <img class="img-fluid lazyloaded" loading="lazy" data-src="https://www.continente.pt/dw/image/v2/BDVS_PRD/on/demandware.static/-/Sites-continente-Library/default/dw7e91cd4a/images/badges/superprice/col/superprice.png?sw=60&amp;sh=42" alt="Desconto Imediato: 10%" title="Desconto Imediato: 10%" src="https://www.continente.pt/dw/image/v2/BDVS_PRD/on/demandware.static/-/Sites-continente-Library/default/dw7e91cd4a/images/badges/superprice/col/superprice.png?sw=60&amp;sh=42">
                    <div class="ct-product-tile-badge-value-wrapper ct-product-tile-badge-value-wrapper--superprice  ">
                    <span class="ct-product-tile-badge-value--superprice">
                    10
                    </span>
                    <span class="ct-product-tile-badge-value--superprice-quantifier ">
                    %
                    </span>
                    </div>
                    </div>
                    
                    <div class="ct-image-container col-4 col-sm" data-confirmation-image="{&quot;url&quot;:&quot;https://www.continente.pt/dw/image/v2/BDVS_PRD/on/demandware.static/-/Sites-col-master-catalog/default/dwd6af83df/images/col/615/6152474-frente.jpg?sw=87&amp;sh=80&quot;,&quot;fallbackimage&quot;:{&quot;url&quot;:&quot;https://www.continente.pt/dw/image/v2/BDVS_PRD/on/demandware.static/Sites-continente-Site/-/default/dw7c42b4da/images/noimagelarge_product.png?sw=87&amp;sh=80&quot;,&quot;title&quot;:&quot;Hambúrguer de Bovino&quot;,&quot;alt&quot;:&quot;Hambúrguer de Bovino&quot;},&quot;title&quot;:&quot;Hambúrguer de Bovino&quot;,&quot;alt&quot;:&quot;Hambúrguer de Bovino&quot;}">
                    <a href="https://www.continente.pt/produto/hamburguer-de-bovino-continente-facil-bom-6152474.html?cgid=refeicoes-faceis">
                    <picture class="intrinsic intrinsic--square">
                    <img class="ct-tile-image lazyloaded" loading="lazy" onerror="this.onerror=null;this.src='/on/demandware.static/Sites-continente-Site/-/default/dw7c42b4da/images/noimagelarge_product.png';" data-src="https://www.continente.pt/dw/image/v2/BDVS_PRD/on/demandware.static/-/Sites-col-master-catalog/default/dwd6af83df/images/col/615/6152474-frente.jpg?sw=280&amp;sh=280" alt="Hambúrguer de Bovino" title="Hambúrguer de Bovino" src="https://www.continente.pt/dw/image/v2/BDVS_PRD/on/demandware.static/-/Sites-col-master-catalog/default/dwd6af83df/images/col/615/6152474-frente.jpg?sw=280&amp;sh=280">
                    </picture>
                    </a>
                    <div class="color-swatches d-flex" style="margin-left: 5px;">
                    <div class="swatches d-flex">
                    </div>
                    </div>
                    </div>
                    <div class="ct-tile-body col col-sm-auto ">
                    <div class="ct-pdp-details">
                    <div class="ct-pdp-link">
                    <a class="ct-tile--description" href="https://www.continente.pt/produto/hamburguer-de-bovino-continente-facil-bom-6152474.html?cgid=refeicoes-faceis">Hambúrguer de Bovino</a>
                    <div class="ct-tile--favorite-top d-sm-none">
                    <button class="wishlist-toggler guest-mode inactive button button--tertiary" data-pid="6152474" data-add-url="https://www.continente.pt/on/demandware.store/Sites-continente-Site/default/Wishlist-AddProduct?pid=6152474" data-toggle="tooltip" aria-label="Adicionar aos favoritos " data-original-title="Adicionar aos favoritos" data-placement="top">
                    <svg class="active-content" width="100%" height="100%" viewBox="0 0 20 22" fill="none" xmlns="http://www.w3.org/2000/svg">
                    <path fill-rule="evenodd" clip-rule="evenodd" d="M0 1.53052C0 0.685236 0.692171 0 1.54601 0H15.0736C15.9274 0 16.6196 0.685235 16.6196 1.53052V13.4064L15.8127 13.922L14.2658 14.2658L12.7189 13.4064L10.6054 14.3818C10.4994 14.2451 10.3327 14.157 10.1452 14.157H6.76329C6.4431 14.157 6.18354 14.414 6.18354 14.731C6.18354 15.0479 6.4431 15.3049 6.76329 15.3049H10.1452C10.2478 15.3049 10.3441 15.2785 10.4277 15.2322L10.3126 16.8439L13.2345 20.2793H1.54601C0.69217 20.2793 0 19.5941 0 18.7488V1.53052ZM6.18354 5.5483C6.18354 5.23132 6.4431 4.97436 6.76329 4.97436H12.3676C12.6878 4.97436 12.9473 5.23132 12.9473 5.5483C12.9473 5.86528 12.6878 6.12224 12.3676 6.12224H6.76329C6.4431 6.12224 6.18354 5.86528 6.18354 5.5483ZM6.76329 11.0961C6.4431 11.0961 6.18354 11.3531 6.18354 11.6701C6.18354 11.987 6.4431 12.244 6.76329 12.244H12.3676C12.6878 12.244 12.9473 11.987 12.9473 11.6701C12.9473 11.3531 12.6878 11.0961 12.3676 11.0961H6.76329ZM6.18354 8.60985C6.18354 8.29287 6.4431 8.03591 6.76329 8.03591H12.3676C12.6878 8.03591 12.9473 8.29287 12.9473 8.60985C12.9473 8.92684 12.6878 9.1838 12.3676 9.1838H6.76329C6.4431 9.1838 6.18354 8.92684 6.18354 8.60985ZM3.67118 5.5483C3.67118 5.23132 3.93075 4.97436 4.25093 4.97436H4.63743C4.95762 4.97436 5.21719 5.23132 5.21719 5.5483C5.21719 5.86528 4.95762 6.12224 4.63743 6.12224H4.25093C3.93075 6.12224 3.67118 5.86528 3.67118 5.5483ZM4.25093 11.0961C3.93075 11.0961 3.67118 11.3531 3.67118 11.6701C3.67118 11.987 3.93075 12.244 4.25093 12.244H4.63743C4.95762 12.244 5.21719 11.987 5.21719 11.6701C5.21719 11.3531 4.95762 11.0961 4.63743 11.0961H4.25093ZM3.67118 8.60985C3.67118 8.29287 3.93075 8.03591 4.25093 8.03591H4.63743C4.95762 8.03591 5.21719 8.29287 5.21719 8.60985C5.21719 8.92684 4.95762 9.1838 4.63743 9.1838H4.25093C3.93075 9.1838 3.67118 8.92684 3.67118 8.60985ZM4.25093 14.157C3.93075 14.157 3.67118 14.414 3.67118 14.731C3.67118 15.0479 3.93075 15.3049 4.25093 15.3049H4.63743C4.95762 15.3049 5.21719 15.0479 5.21719 14.731C5.21719 14.414 4.95762 14.157 4.63743 14.157H4.25093Z" fill="#EB0203"></path>
                    <path fill-rule="evenodd" clip-rule="evenodd" d="M14.6252 13.6363C13.4918 12.6215 11.7817 12.5264 10.6569 13.4792C9.12421 14.7764 9.34841 16.8912 10.4409 18.0122L14.0159 21.6742C14.2197 21.8832 14.4928 22 14.7822 22C15.0737 22 15.3448 21.8852 15.5486 21.6762L19.1236 18.0142C20.214 16.8933 20.4423 14.7785 18.9075 13.4792C17.7827 12.5283 16.0724 12.6217 14.9391 13.6365C14.8855 13.6845 14.8331 13.7345 14.7822 13.7866C14.7313 13.7345 14.6789 13.6843 14.6252 13.6363ZM18.1546 14.3522C19.0973 15.1508 18.9962 16.4896 18.2891 17.2173C18.2888 17.2175 18.2886 17.2177 18.2884 17.218L14.7832 20.8084L11.2753 17.2151C11.2752 17.215 11.2751 17.2149 11.2749 17.2148C10.5677 16.4887 10.4678 15.1495 11.4104 14.3518L11.4108 14.3514C12.0745 13.7892 13.2018 13.82 13.9488 14.5846L14.7822 15.4378L15.6157 14.5846C16.3617 13.8211 17.4896 13.79 18.1545 14.3521" fill="#EB0203"></path>
                    </svg>
                    <svg class="inactive-content" width="100%" height="100%" viewBox="0 0 20 23" fill="none" xmlns="http://www.w3.org/2000/svg">
                    <path fill-rule="evenodd" clip-rule="evenodd" d="M6.18408 5.77914C6.18408 5.46223 6.44363 5.20532 6.7638 5.20532H12.3678C12.6879 5.20532 12.9475 5.46223 12.9475 5.77914C12.9475 6.09606 12.6879 6.35297 12.3678 6.35297H6.7638C6.44363 6.35297 6.18408 6.09606 6.18408 5.77914Z" fill="#EB0203"></path>
                    <path fill-rule="evenodd" clip-rule="evenodd" d="M6.18408 11.9034C6.18408 11.5865 6.44363 11.3296 6.7638 11.3296H12.3678C12.6879 11.3296 12.9475 11.5865 12.9475 11.9034C12.9475 12.2202 12.6879 12.4771 12.3678 12.4771H6.7638C6.44363 12.4771 6.18408 12.2202 6.18408 11.9034Z" fill="#EB0203"></path>
                    <path fill-rule="evenodd" clip-rule="evenodd" d="M6.18408 8.84116C6.18408 8.52424 6.44363 8.26733 6.7638 8.26733H12.3678C12.6879 8.26733 12.9475 8.52424 12.9475 8.84116C12.9475 9.15807 12.6879 9.41498 12.3678 9.41498H6.7638C6.44363 9.41498 6.18408 9.15807 6.18408 8.84116Z" fill="#EB0203"></path>
                    <path fill-rule="evenodd" clip-rule="evenodd" d="M6.18408 14.9655C6.18408 14.6486 6.44363 14.3917 6.7638 14.3917H10.1455C10.4657 14.3917 10.7252 14.6486 10.7252 14.9655C10.7252 15.2825 10.4657 15.5394 10.1455 15.5394H6.7638C6.44363 15.5394 6.18408 15.2825 6.18408 14.9655Z" fill="#EB0203"></path>
                    <path fill-rule="evenodd" clip-rule="evenodd" d="M3.67139 5.77914C3.67139 5.46223 3.93094 5.20532 4.25111 5.20532H4.63759C4.95776 5.20532 5.21731 5.46223 5.21731 5.77914C5.21731 6.09606 4.95776 6.35297 4.63759 6.35297H4.25111C3.93094 6.35297 3.67139 6.09606 3.67139 5.77914Z" fill="#EB0203"></path>
                    <path fill-rule="evenodd" clip-rule="evenodd" d="M3.67139 11.9034C3.67139 11.5865 3.93094 11.3296 4.25111 11.3296H4.63759C4.95776 11.3296 5.21731 11.5865 5.21731 11.9034C5.21731 12.2202 4.95776 12.4771 4.63759 12.4771H4.25111C3.93094 12.4771 3.67139 12.2202 3.67139 11.9034Z" fill="#EB0203"></path>
                    <path fill-rule="evenodd" clip-rule="evenodd" d="M3.67139 8.84116C3.67139 8.52424 3.93094 8.26733 4.25111 8.26733H4.63759C4.95776 8.26733 5.21731 8.52424 5.21731 8.84116C5.21731 9.15807 4.95776 9.41498 4.63759 9.41498H4.25111C3.93094 9.41498 3.67139 9.15807 3.67139 8.84116Z" fill="#EB0203"></path>
                    <path fill-rule="evenodd" clip-rule="evenodd" d="M3.67139 14.9655C3.67139 14.6486 3.93094 14.3917 4.25111 14.3917H4.63759C4.95776 14.3917 5.21731 14.6486 5.21731 14.9655C5.21731 15.2825 4.95776 15.5394 4.63759 15.5394H4.25111C3.93094 15.5394 3.67139 15.2825 3.67139 14.9655Z" fill="#EB0203"></path>
                    <path fill-rule="evenodd" clip-rule="evenodd" d="M0 1.76033C0 0.914738 0.692131 0.229248 1.54592 0.229248H15.0727C15.9265 0.229248 16.6186 0.914738 16.6186 1.76033V11.2818C16.6186 11.5989 16.3591 11.8559 16.0389 11.8559C15.7187 11.8559 15.4592 11.5989 15.4592 11.2818V1.76033C15.4592 1.54893 15.2862 1.37756 15.0727 1.37756H1.54592C1.33247 1.37756 1.15944 1.54893 1.15944 1.76033V18.985C1.15944 19.1964 1.33247 19.3678 1.54592 19.3678H9.27551C9.59568 19.3678 9.85523 19.6249 9.85523 19.942C9.85523 20.2591 9.59568 20.5161 9.27551 20.5161H1.54592C0.692131 20.5161 0 19.8306 0 18.985V1.76033Z" fill="#EB0203"></path>
                    <path fill-rule="evenodd" clip-rule="evenodd" d="M14.6254 13.8718C13.4921 12.8567 11.7821 12.7615 10.6574 13.7147C9.12472 15.0124 9.34891 17.128 10.4413 18.2493L14.0161 21.9126C14.2199 22.1217 14.493 22.2386 14.7824 22.2386C15.0739 22.2386 15.3449 22.1238 15.5487 21.9147L19.1235 18.2514C20.2139 17.13 20.4422 15.0144 18.9075 13.7147C17.7827 12.7634 16.0726 12.8569 14.9392 13.872C14.8856 13.92 14.8333 13.9701 14.7824 14.0222C14.7314 13.97 14.6791 13.9199 14.6254 13.8718ZM18.1546 14.588C19.0972 15.3869 18.9961 16.7262 18.2891 17.4541C18.2888 17.4543 18.2886 17.4546 18.2884 17.4548L14.7834 21.0466L11.2757 17.452C11.2756 17.4519 11.2755 17.4517 11.2753 17.4516C10.5681 16.7252 10.4682 15.3856 11.4108 14.5876L11.4112 14.5872C12.0748 14.0248 13.202 14.0556 13.949 14.8205L14.7824 15.674L15.6158 14.8205C16.3618 14.0567 17.4896 14.0256 18.1545 14.5879" fill="#EB0203"></path>
                    </svg>
                    </button>
                    </div>
                    </div>
                    <p class="ct-tile--brand">Continente Fácil &amp; Bom</p>
                    <p class="ct-tile--quantity">emb. 480 gr (4 un)</p>
                    </div>
                    <div class="ct-tile-bottom row no-gutters justify-content-between">
                    <div class="ct-price-wrap col-8 col-sm-12">
                    <div class="price js-product-price">
                    <div class="prices-wrapper">
                    
                    <span class="sales ct-tile--price-primary ">
                    <span class="value" content="4.31">
                    <span class="ct-price-formatted">
                    €4,31
                    </span>
                    <span class="ct-m-unit">
                    /un
                    </span>
                    </span>
                    </span>
                    <span class="strike-through list ct-tile--price-dashed">
                    <span class="value ct-tile--price-value" content="4.79">
                    <span class="sr-only">
                    Price reduced from
                    </span>
                    €4,79
                    <span class="ct-tile--price-dashed">
                    /un
                    </span>
                    <span class="sr-only">
                    to
                    </span>
                    </span>
                    </span>
                    </div>
                    <div class="ct-tile--price-secondary">
                    <span class="ct-price-value">
                    €8,98
                    </span>
                    <span class="ct-m-unit">
                    /kg
                    </span>
                    </div>
                    <p class="ct-discount-amount ">Desconto Imediato: 10%</p>
                    </div>
                    </div>
                    <div class="ct-tile-buy-section d-flex justify-content-center no-gutters col-auto col-sm-12">
                    <div class="col-2 d-sm-flex d-none">
                    <button class="wishlist-toggler guest-mode inactive button button--tertiary" data-pid="6152474" data-add-url="https://www.continente.pt/on/demandware.store/Sites-continente-Site/default/Wishlist-AddProduct?pid=6152474" data-toggle="tooltip" aria-label="Adicionar aos favoritos " data-original-title="Adicionar aos favoritos" data-placement="top">
                    <svg class="active-content" width="100%" height="100%" viewBox="0 0 20 22" fill="none" xmlns="http://www.w3.org/2000/svg">
                    <path fill-rule="evenodd" clip-rule="evenodd" d="M0 1.53052C0 0.685236 0.692171 0 1.54601 0H15.0736C15.9274 0 16.6196 0.685235 16.6196 1.53052V13.4064L15.8127 13.922L14.2658 14.2658L12.7189 13.4064L10.6054 14.3818C10.4994 14.2451 10.3327 14.157 10.1452 14.157H6.76329C6.4431 14.157 6.18354 14.414 6.18354 14.731C6.18354 15.0479 6.4431 15.3049 6.76329 15.3049H10.1452C10.2478 15.3049 10.3441 15.2785 10.4277 15.2322L10.3126 16.8439L13.2345 20.2793H1.54601C0.69217 20.2793 0 19.5941 0 18.7488V1.53052ZM6.18354 5.5483C6.18354 5.23132 6.4431 4.97436 6.76329 4.97436H12.3676C12.6878 4.97436 12.9473 5.23132 12.9473 5.5483C12.9473 5.86528 12.6878 6.12224 12.3676 6.12224H6.76329C6.4431 6.12224 6.18354 5.86528 6.18354 5.5483ZM6.76329 11.0961C6.4431 11.0961 6.18354 11.3531 6.18354 11.6701C6.18354 11.987 6.4431 12.244 6.76329 12.244H12.3676C12.6878 12.244 12.9473 11.987 12.9473 11.6701C12.9473 11.3531 12.6878 11.0961 12.3676 11.0961H6.76329ZM6.18354 8.60985C6.18354 8.29287 6.4431 8.03591 6.76329 8.03591H12.3676C12.6878 8.03591 12.9473 8.29287 12.9473 8.60985C12.9473 8.92684 12.6878 9.1838 12.3676 9.1838H6.76329C6.4431 9.1838 6.18354 8.92684 6.18354 8.60985ZM3.67118 5.5483C3.67118 5.23132 3.93075 4.97436 4.25093 4.97436H4.63743C4.95762 4.97436 5.21719 5.23132 5.21719 5.5483C5.21719 5.86528 4.95762 6.12224 4.63743 6.12224H4.25093C3.93075 6.12224 3.67118 5.86528 3.67118 5.5483ZM4.25093 11.0961C3.93075 11.0961 3.67118 11.3531 3.67118 11.6701C3.67118 11.987 3.93075 12.244 4.25093 12.244H4.63743C4.95762 12.244 5.21719 11.987 5.21719 11.6701C5.21719 11.3531 4.95762 11.0961 4.63743 11.0961H4.25093ZM3.67118 8.60985C3.67118 8.29287 3.93075 8.03591 4.25093 8.03591H4.63743C4.95762 8.03591 5.21719 8.29287 5.21719 8.60985C5.21719 8.92684 4.95762 9.1838 4.63743 9.1838H4.25093C3.93075 9.1838 3.67118 8.92684 3.67118 8.60985ZM4.25093 14.157C3.93075 14.157 3.67118 14.414 3.67118 14.731C3.67118 15.0479 3.93075 15.3049 4.25093 15.3049H4.63743C4.95762 15.3049 5.21719 15.0479 5.21719 14.731C5.21719 14.414 4.95762 14.157 4.63743 14.157H4.25093Z" fill="#EB0203"></path>
                    <path fill-rule="evenodd" clip-rule="evenodd" d="M14.6252 13.6363C13.4918 12.6215 11.7817 12.5264 10.6569 13.4792C9.12421 14.7764 9.34841 16.8912 10.4409 18.0122L14.0159 21.6742C14.2197 21.8832 14.4928 22 14.7822 22C15.0737 22 15.3448 21.8852 15.5486 21.6762L19.1236 18.0142C20.214 16.8933 20.4423 14.7785 18.9075 13.4792C17.7827 12.5283 16.0724 12.6217 14.9391 13.6365C14.8855 13.6845 14.8331 13.7345 14.7822 13.7866C14.7313 13.7345 14.6789 13.6843 14.6252 13.6363ZM18.1546 14.3522C19.0973 15.1508 18.9962 16.4896 18.2891 17.2173C18.2888 17.2175 18.2886 17.2177 18.2884 17.218L14.7832 20.8084L11.2753 17.2151C11.2752 17.215 11.2751 17.2149 11.2749 17.2148C10.5677 16.4887 10.4678 15.1495 11.4104 14.3518L11.4108 14.3514C12.0745 13.7892 13.2018 13.82 13.9488 14.5846L14.7822 15.4378L15.6157 14.5846C16.3617 13.8211 17.4896 13.79 18.1545 14.3521" fill="#EB0203"></path>
                    </svg>
                    <svg class="inactive-content" width="100%" height="100%" viewBox="0 0 20 23" fill="none" xmlns="http://www.w3.org/2000/svg">
                    <path fill-rule="evenodd" clip-rule="evenodd" d="M6.18408 5.77914C6.18408 5.46223 6.44363 5.20532 6.7638 5.20532H12.3678C12.6879 5.20532 12.9475 5.46223 12.9475 5.77914C12.9475 6.09606 12.6879 6.35297 12.3678 6.35297H6.7638C6.44363 6.35297 6.18408 6.09606 6.18408 5.77914Z" fill="#EB0203"></path>
                    <path fill-rule="evenodd" clip-rule="evenodd" d="M6.18408 11.9034C6.18408 11.5865 6.44363 11.3296 6.7638 11.3296H12.3678C12.6879 11.3296 12.9475 11.5865 12.9475 11.9034C12.9475 12.2202 12.6879 12.4771 12.3678 12.4771H6.7638C6.44363 12.4771 6.18408 12.2202 6.18408 11.9034Z" fill="#EB0203"></path>
                    <path fill-rule="evenodd" clip-rule="evenodd" d="M6.18408 8.84116C6.18408 8.52424 6.44363 8.26733 6.7638 8.26733H12.3678C12.6879 8.26733 12.9475 8.52424 12.9475 8.84116C12.9475 9.15807 12.6879 9.41498 12.3678 9.41498H6.7638C6.44363 9.41498 6.18408 9.15807 6.18408 8.84116Z" fill="#EB0203"></path>
                    <path fill-rule="evenodd" clip-rule="evenodd" d="M6.18408 14.9655C6.18408 14.6486 6.44363 14.3917 6.7638 14.3917H10.1455C10.4657 14.3917 10.7252 14.6486 10.7252 14.9655C10.7252 15.2825 10.4657 15.5394 10.1455 15.5394H6.7638C6.44363 15.5394 6.18408 15.2825 6.18408 14.9655Z" fill="#EB0203"></path>
                    <path fill-rule="evenodd" clip-rule="evenodd" d="M3.67139 5.77914C3.67139 5.46223 3.93094 5.20532 4.25111 5.20532H4.63759C4.95776 5.20532 5.21731 5.46223 5.21731 5.77914C5.21731 6.09606 4.95776 6.35297 4.63759 6.35297H4.25111C3.93094 6.35297 3.67139 6.09606 3.67139 5.77914Z" fill="#EB0203"></path>
                    <path fill-rule="evenodd" clip-rule="evenodd" d="M3.67139 11.9034C3.67139 11.5865 3.93094 11.3296 4.25111 11.3296H4.63759C4.95776 11.3296 5.21731 11.5865 5.21731 11.9034C5.21731 12.2202 4.95776 12.4771 4.63759 12.4771H4.25111C3.93094 12.4771 3.67139 12.2202 3.67139 11.9034Z" fill="#EB0203"></path>
                    <path fill-rule="evenodd" clip-rule="evenodd" d="M3.67139 8.84116C3.67139 8.52424 3.93094 8.26733 4.25111 8.26733H4.63759C4.95776 8.26733 5.21731 8.52424 5.21731 8.84116C5.21731 9.15807 4.95776 9.41498 4.63759 9.41498H4.25111C3.93094 9.41498 3.67139 9.15807 3.67139 8.84116Z" fill="#EB0203"></path>
                    <path fill-rule="evenodd" clip-rule="evenodd" d="M3.67139 14.9655C3.67139 14.6486 3.93094 14.3917 4.25111 14.3917H4.63759C4.95776 14.3917 5.21731 14.6486 5.21731 14.9655C5.21731 15.2825 4.95776 15.5394 4.63759 15.5394H4.25111C3.93094 15.5394 3.67139 15.2825 3.67139 14.9655Z" fill="#EB0203"></path>
                    <path fill-rule="evenodd" clip-rule="evenodd" d="M0 1.76033C0 0.914738 0.692131 0.229248 1.54592 0.229248H15.0727C15.9265 0.229248 16.6186 0.914738 16.6186 1.76033V11.2818C16.6186 11.5989 16.3591 11.8559 16.0389 11.8559C15.7187 11.8559 15.4592 11.5989 15.4592 11.2818V1.76033C15.4592 1.54893 15.2862 1.37756 15.0727 1.37756H1.54592C1.33247 1.37756 1.15944 1.54893 1.15944 1.76033V18.985C1.15944 19.1964 1.33247 19.3678 1.54592 19.3678H9.27551C9.59568 19.3678 9.85523 19.6249 9.85523 19.942C9.85523 20.2591 9.59568 20.5161 9.27551 20.5161H1.54592C0.692131 20.5161 0 19.8306 0 18.985V1.76033Z" fill="#EB0203"></path>
                    <path fill-rule="evenodd" clip-rule="evenodd" d="M14.6254 13.8718C13.4921 12.8567 11.7821 12.7615 10.6574 13.7147C9.12472 15.0124 9.34891 17.128 10.4413 18.2493L14.0161 21.9126C14.2199 22.1217 14.493 22.2386 14.7824 22.2386C15.0739 22.2386 15.3449 22.1238 15.5487 21.9147L19.1235 18.2514C20.2139 17.13 20.4422 15.0144 18.9075 13.7147C17.7827 12.7634 16.0726 12.8569 14.9392 13.872C14.8856 13.92 14.8333 13.9701 14.7824 14.0222C14.7314 13.97 14.6791 13.9199 14.6254 13.8718ZM18.1546 14.588C19.0972 15.3869 18.9961 16.7262 18.2891 17.4541C18.2888 17.4543 18.2886 17.4546 18.2884 17.4548L14.7834 21.0466L11.2757 17.452C11.2756 17.4519 11.2755 17.4517 11.2753 17.4516C10.5681 16.7252 10.4682 15.3856 11.4108 14.5876L11.4112 14.5872C12.0748 14.0248 13.202 14.0556 13.949 14.8205L14.7824 15.674L15.6158 14.8205C16.3618 14.0567 17.4896 14.0256 18.1545 14.5879" fill="#EB0203"></path>
                    </svg>
                    </button>
                    </div>
                    <div class="col-sm-10 col-12">
                    <div class="ct-tile-quantity d-none" data-pid="6152474">
                    <input type="hidden" class="add-to-cart-url" value="https://www.continente.pt/on/demandware.store/Sites-continente-Site/default/Cart-AddProduct">
                    <div class="d-none tile-delete-confirmation-btn" data-pid="6152474" data-delay-time="3000" data-in-cart-msg="no carrinho" data-one-product-added="Adicionado ao carrinho" data-remove-from-cart-msg="Removido do carrinho" data-stay-open="6000.0" data-confirmation-image="{&quot;url&quot;:&quot;https://www.continente.pt/dw/image/v2/BDVS_PRD/on/demandware.static/-/Sites-col-master-catalog/default/dwd6af83df/images/col/615/6152474-frente.jpg?sw=87&amp;sh=80&quot;,&quot;fallbackimage&quot;:{&quot;url&quot;:&quot;https://www.continente.pt/dw/image/v2/BDVS_PRD/on/demandware.static/Sites-continente-Site/-/default/dw7c42b4da/images/noimagelarge_product.png?sw=87&amp;sh=80&quot;,&quot;title&quot;:&quot;Hambúrguer de Bovino&quot;,&quot;alt&quot;:&quot;Hambúrguer de Bovino&quot;},&quot;title&quot;:&quot;Hambúrguer de Bovino&quot;,&quot;alt&quot;:&quot;Hambúrguer de Bovino&quot;}"></div>
                    <div class="ct-tile-quantity-update quantity-update product-qty-vue" data-remove-action="https://www.continente.pt/on/demandware.store/Sites-continente-Site/default/Cart-RemoveProductLineItem" data-action="https://www.continente.pt/on/demandware.store/Sites-continente-Site/default/Cart-UpdateQuantity" data-dimension-update="https://www.continente.pt/on/demandware.store/Sites-continente-Site/default/Cart-DimensionUpdate" data-pid="6152474" data-uuid="4fcfa280d446698434ed837aec" data-add-delay="500.0" data-measure-options="{&quot;hasConversionRate&quot;:false,&quot;hasAlternativeSaleUnit&quot;:false,&quot;unitConversionRate&quot;:0,&quot;minOrderQuantity&quot;:1,&quot;stepQuantity&quot;:1,&quot;primaryunit&quot;:&quot;un&quot;,&quot;secondaryunit&quot;:&quot;kg&quot;,&quot;selectedunit&quot;:&quot;primary&quot;,&quot;maxNumberOfUnitsPerSale&quot;:50}" data-price-available="null" :data-has-error="isMaxQtyReached || isMinQtyReached || qtySelectedMoreThanOne">
                    <template v-show="prodUnits">
                    <div class="quantity-input-wrapper has-units">
                    <label class="visually-hidden" :for="'quantity-' + pid + additionalTag">
                    Quantidade no carrinho
                    </label>
                    <input :ref="'quantityInput-' + pid + additionalTag" class="add-to-cart-quantity form-control ct-form-input text-center" inputmode="numeric" :class="{'is-invalid': isInvalid}" :data-pid="pid + additionalTag" :name="'quantity-' + pid + additionalTag" type="text" aria-label="Insira a quantidade" title="" v-model="displayValue" @change="updateQuantity" @focus="updateQtyFormat" @blur="restoreQtyFormat" :disabled="!isPriceAvailable">
                    <span class="quantity-icon quantity-icon--minus">
                    <button class="decrease-quantity-btn" @click="updateQuantity" :disabled="!isPriceAvailable" role="button" aria-label="Reduzir quantidade">
                    <i class="css-math-minus"></i>
                    </button>
                    </span>
                    <span class="quantity-icon quantity-icon--plus">
                    <button class="increase-quantity-btn" @click="updateQuantity" :disabled="isMaxQtyReached || !isPriceAvailable" role="button" aria-label="Aumentar quantidade">
                    <i class="css-math-plus"></i>
                    </button>
                    <span class="quantity-btn-disabled-placeholder"></span>
                    </span>
                    <template v-if="isPDP">
                    <span class="quantity-error ct-span-error text-sm-center product-max-allocation" v-if="isMaxQtyReached">
                    Quantidade máxima atingida
                    </span>
                    <span class="quantity-error ct-span-product text-sm-center product-allocation" v-if="!isMinQtyReached &amp;&amp; !isMaxQtyReached">
                    {{quantitySelected}} no carrinho
                    </span>
                    <span class="quantity-error ct-span-error text-sm-center product-min-allocation" :data-pid="pid" v-if="isMinQtyReached &amp;&amp; !isMaxQtyReached">
                    Quantidade mínima atingida
                    </span>
                    </template>
                    </div>
                    <template v-if="showNotes">
                    <div class="add-note-link-container ">
                    <div class="add-note">
                    <a href="/produto/hamburguer-de-bovino-continente-facil-bom-6152474.html?showNote=true" class="ct-add-note-redirect-pdp" aria-label="Adicionar comentário">
                    <span class="svg-wrapper svg-icon-notes" style="width:19px; height:20px">
                    <svg class="svg-inline icon-notes" viewBox="0 0 28 30" xmlns="http://www.w3.org/2000/svg" width="100%" height="100%"><path d="M21.738 0C22.985 0 24 1.04 24 2.319V12.47c0 .469-.37.848-.828.848-.457 0-.827-.38-.827-.848V2.32c0-.343-.273-.622-.607-.622H2.262c-.334 0-.607.279-.607.622V27.68c0 .343.273.622.607.622h7.81c.457 0 .827.38.827.849 0 .468-.37.848-.827.848h-7.81C1.015 30 0 28.96 0 27.681V2.32C0 1.04 1.015 0 2.262 0h19.476zm2.844 16.004l.227.007c.823.053 1.589.39 2.176.964.64.627.993 1.46.993 2.349 0 .888-.353 1.722-.993 2.348l-6.83 6.665c-.11.108-.247.186-.397.226l-5.032 1.363c-.078.021-.16.032-.241.032-.242 0-.478-.097-.647-.266-.23-.231-.314-.566-.218-.874l1.49-4.798c.044-.139.122-.266.227-.369l6.844-6.677c.64-.625 1.493-.97 2.401-.97zm-2.886 3.94l-4.922 4.802-.947 3.048 3.22-.872 4.897-4.78-2.248-2.197zm2.887-2.174c-.425 0-.824.162-1.124.455l-.484.472 2.248 2.197.484-.472c.62-.606.62-1.591 0-2.197l-.117-.104c-.283-.227-.636-.35-1.007-.35zm-10.839.022c.498 0 .904.396.904.883 0 .488-.406.884-.904.884H5.946c-.499 0-.904-.396-.904-.884 0-.487.405-.883.904-.883zm5.042-4.876c.498 0 .904.397.904.884s-.406.884-.904.884H5.946c-.499 0-.904-.397-.904-.884s.405-.884.904-.884zm0-4.875c.498 0 .904.396.904.884 0 .487-.406.883-.904.883H5.946c-.499 0-.904-.396-.904-.883 0-.488.405-.884.904-.884z" fill="#EB0203" fill-rule="evenodd"></path></svg>
                    </span>
                    <div class="available-note d-none"></div>
                    </a>
                    </div>
                    </div>
                    </template>
                    <div class="measurement-unit-section" v-if="isPriceAvailable &amp;&amp; prodUnits ? prodUnits.hasAlternativeUnit : false">
                    <div class="ct-form-radio" @click="setDimension">
                    <input type="radio" title="" class="ct-form-check-input product-measurement-unit" :data-type="prodUnits.selectedUnit == prodUnits.secondaryUnit ? 'primary' : ''" :id="prodUnits.secondaryUnit + '-' + pid + '-measurement-unit-ptile' + additionalTag" :name="'measurement-unit-' + pid + '-ptile' + additionalTag" :value="prodUnits.secondaryUnit" v-model="prodUnits.selectedUnit">
                    <label :class="prodUnits.secondaryUnit + '-label ct-form-check-label mb-0'" :for="prodUnits.secondaryUnit + '-' + pid + '-measurement-unit-ptile' + additionalTag">
                    {{prodUnits.secondaryUnit}}
                    </label>
                    <span class="checkmark"></span>
                    </div>
                    <div class="ct-form-radio" @click="setDimension">
                    <input type="radio" title="" class="ct-form-check-input product-measurement-unit" :data-type="prodUnits.selectedUnit == prodUnits.primaryUnit ? 'primary' : ''" :id="prodUnits.primaryUnit + '-' + pid + '-measurement-unit-ptile' + additionalTag" :name="'measurement-unit-' + pid + '-ptile' + additionalTag" :value="prodUnits.primaryUnit" v-model="prodUnits.selectedUnit">
                    <label :class="prodUnits.primaryUnit + '-label ct-form-check-label mb-0'" :for="prodUnits.primaryUnit + '-' + pid + '-measurement-unit-ptile' + additionalTag">
                    {{prodUnits.primaryUnit}}
                    </label>
                    <span class="checkmark"></span>
                    </div>
                    </div>
                    <template v-if="!isPDP &amp;&amp; isPriceAvailable">
                    <span class="quantity-error ct-span-error product-max-allocation" v-if="isMaxQtyReached">
                    Quantidade máxima atingida
                    </span>
                    <span class="quantity-error ct-span-product product-allocation" v-if="!isMinQtyReached &amp;&amp; !isMaxQtyReached">
                    {{quantitySelected}} no carrinho
                    </span>
                    <span class="quantity-error ct-span-error product-min-allocation" :data-pid="pid" v-if="isMinQtyReached &amp;&amp; !isMaxQtyReached">
                    Quantidade mínima atingida
                    </span>
                    </template>
                    </template>
                    </div>
                    <input class="quantity-value-mask d-none" name="quantity" type="number" min="0" value="">
                    </div>
                    <button type="button" class="add-to-cart button js-add-to-cart js-add-to-cart-tile 6152474 button--primary dynamic-layout-btn" data-toggle="modal" data-target="#chooseBonusProductModal" data-pid="6152474" data-quantity-value="null" aria-label="Carrinho">
                    <span class="d-block d-sm-none">
                    <span class="svg-wrapper svg-icon-cart" style="width:20px; height:20px">
                    <svg class="svg-inline icon-cart" xmlns="http://www.w3.org/2000/svg" viewBox="0 0 500 500" width="100%" height="100%"><path fill="#EB0203" fill-rule="evenodd" d="M 485.67317,94.386311 C 476.37798,83.847129 463.09468,78.03348 448.30404,78.03348 H 90.690813 L 87.079511,51.327997 C 83.185582,22.539551 62.962285,0 41.011841,0 H 14.727836 C 6.563151,0 0,6.5286975 0,14.580758 c 0,8.05206 6.5945535,14.580758 14.727836,14.580758 h 26.284005 c 4.710398,0 14.696435,9.855222 16.894619,26.021523 L 100.01739,368.0631 c 1.88416,13.77244 9.01256,26.70549 20.1605,36.37417 8.25889,7.15046 18.02511,11.9071 28.26237,13.89679 -4.17655,7.58572 -6.53175,16.25957 -6.53175,25.493 0,29.53459 24.27424,53.59751 54.13815,53.59751 29.8325,0 54.13814,-24.03184 54.13814,-53.59751 0,-8.79818 -2.19818,-17.09897 -5.9979,-24.43598 h 77.12488 c -3.79973,7.33701 -5.96652,15.6378 -5.96652,24.43598 0,29.53459 24.27424,53.59751 54.13817,53.59751 29.83249,0 54.13814,-24.03184 54.13814,-53.59751 0,-8.79818 -2.1982,-17.09897 -5.9979,-24.43598 h 38.56243 c 8.13328,0 14.72783,-6.5287 14.72783,-14.61183 0,-8.02098 -6.59455,-14.54967 -14.72783,-14.54967 H 159.24277 c -14.38241,0 -28.13677,-11.90711 -30.02092,-26.02153 l -3.07746,-22.88154 h 290.6314 c 14.03698,0 27.94834,-5.28513 39.06488,-14.95381 11.11652,-9.6376 18.27632,-22.57065 20.16048,-36.37417 l 21.10259,-156.78201 c 1.94694,-14.51858 -2.10398,-28.29103 -11.43057,-38.861299 z M 220.76053,443.82706 c 0,13.49265 -11.08513,24.46709 -24.68247,24.46709 -13.62874,0 -24.71387,-10.97444 -24.71387,-24.46709 0,-13.49262 11.08513,-24.43598 24.71387,-24.43598 13.59734,0 24.68247,10.94336 24.68247,24.43598 z m 173.43675,0 c 0,13.49265 -11.08512,24.46709 -24.68245,24.46709 -13.62876,0 -24.71388,-10.97444 -24.71388,-24.46709 0,-13.49262 11.08512,-24.43598 24.71388,-24.43598 13.59733,0 24.68245,10.94336 24.68245,24.43598 z m 73.7648,-314.46558 -21.13397,156.782 c -1.88416,14.11442 -15.63851,26.05261 -30.02091,26.05261 H 122.25046 L 94.616142,107.19499 H 448.33544 c 6.18632,0 11.61896,2.2695 15.23028,6.37326 3.64269,4.13484 5.21283,9.73086 4.39636,15.79323 z"></path></svg>
                    </span>
                    </span>
                    <span class="add-to-cart--text d-none d-sm-block">Carrinho</span>
                    </button>
                    </div>
                    </div>
                    </div>
                    </div>
                    
                    <div class="col-12 d-sm-none">
                    </div>
                    </div>
                    </div>
                    </div>
                    </div>
                    <div class="col-12 col-sm-3 col-lg-2 productTile" data-idx="22">
                    
                    <script type="text/javascript">//<!--
                    /* <![CDATA[ */
                    (function(){
                    try {
                        if(window.CQuotient) {
                        var cq_params = {};
                        
                        cq_params.cookieId = window.CQuotient.getCQCookieId();
                        cq_params.userId = window.CQuotient.getCQUserId();
                        cq_params.emailId = CQuotient.getCQHashedEmail();
                        cq_params.loginId = CQuotient.getCQHashedLogin();
                        cq_params.accumulate = true;
                        cq_params.products = [{
                            id: '5316710',
                            sku: ''
                        }];
                        cq_params.categoryId = 'refeicoes-faceis';
                        cq_params.refinements = '[{\"name\":\"priceMin\",\"value\":\"0.01\"},{\"name\":\"priceMax\",\"value\":\"null\"},{\"name\":\"curr\",\"value\":\"EUR\"},{\"name\":\"Category\",\"value\":\"refeicoes-faceis\"}]';
                        cq_params.personalized = 'false';
                        cq_params.sortingRule = 'FRESH-Refei\u00E7\u00F5es F\u00E1ceis';
                        cq_params.imageUUID = '__UNDEFINED__';
                        cq_params.realm = "BDVS";
                        cq_params.siteId = "continente";
                        cq_params.instanceType = "prd";
                        cq_params.queryLocale = "default";
                        cq_params.locale = window.CQuotient.locale;
                        
                        if(window.CQuotient.sendActivity)
                            window.CQuotient.sendActivity(CQuotient.clientId, 'viewCategory', cq_params);
                        else
                            window.CQuotient.activities.push({
                                activityType: 'viewCategory',
                                parameters: cq_params
                            });
                      }
                    } catch(err) {}
                    })();
                    /* ]]> */
                    // -->
                    </script>
                    <script type="text/javascript">//<!--
                    /* <![CDATA[ (viewCategoryProduct-active_data.js) */
                    (function(){
                    try {
                        if (dw.ac) {
                            var search_params = {};
                            search_params.persd = 'false';
                            search_params.refs = '[{\"name\":\"priceMin\",\"value\":\"0.01\"},{\"name\":\"priceMax\",\"value\":\"null\"},{\"name\":\"curr\",\"value\":\"EUR\"},{\"name\":\"Category\",\"value\":\"refeicoes-faceis\"}]';
                            search_params.sort = 'FRESH-Refei\u00E7\u00F5es F\u00E1ceis';
                            search_params.imageUUID = '';
                            search_params.searchID = 'adc2ebee-ded6-4d71-a833-c4f63de27d3e';
                            search_params.locale = 'default';
                            search_params.queryLocale = 'default';
                            search_params.showProducts = 'true';
                            dw.ac.applyContext({category: "refeicoes-faceis", searchData: search_params});
                            if (typeof dw.ac._scheduleDataSubmission === "function") {
                                dw.ac._scheduleDataSubmission();
                            }
                        }
                    } catch(err) {}
                    })();
                    /* ]]> */
                    // -->
                    </script>
                    <script type="text/javascript">//<!--
                    /* <![CDATA[ (viewProduct-active_data.js) */
                    dw.ac._capture({id: "5316710", type: "searchhit"});
                    /* ]]> */
                    // -->
                    </script>
                    <div class="product" data-pid="5316710">
                    <div class="product-tile pid-5316710 ct-product-tile data-layer-pushed" data-delay-time="3000" data-variants-mapping="[]" data-in-cart-msg="no carrinho" data-one-product-added="Adicionado ao carrinho" data-remove-from-cart-msg="Removido do carrinho" data-stay-open="6000.0" data-product-tile-impression="{&quot;name&quot;:&quot;5316710&quot;,&quot;id&quot;:&quot;5316710&quot;,&quot;price&quot;:3.99,&quot;brand&quot;:&quot;Rana&quot;,&quot;category&quot;:[{&quot;category_level_1&quot;:&quot;Take-Away&quot;},{&quot;category_level_2&quot;:&quot;Massas Frescas e Noodles&quot;},{&quot;category_level_3&quot;:&quot;Massas Simples e Recheadas&quot;}],&quot;variant&quot;:&quot;&quot;}">
                    <div class="ct-inner-tile-wrap row no-gutters justify-content-center align-content-start">
                    
                    <div class="ct-image-container col-4 col-sm" data-confirmation-image="{&quot;url&quot;:&quot;https://www.continente.pt/dw/image/v2/BDVS_PRD/on/demandware.static/-/Sites-col-master-catalog/default/dw11ac8aec/images/col/531/5316710-frente.jpg?sw=87&amp;sh=80&quot;,&quot;fallbackimage&quot;:{&quot;url&quot;:&quot;https://www.continente.pt/dw/image/v2/BDVS_PRD/on/demandware.static/Sites-continente-Site/-/default/dw7c42b4da/images/noimagelarge_product.png?sw=87&amp;sh=80&quot;,&quot;title&quot;:&quot;Ravioli Fresco de Trufas Brancas&quot;,&quot;alt&quot;:&quot;Ravioli Fresco de Trufas Brancas&quot;},&quot;title&quot;:&quot;Ravioli Fresco de Trufas Brancas&quot;,&quot;alt&quot;:&quot;Ravioli Fresco de Trufas Brancas&quot;}">
                    <a href="https://www.continente.pt/produto/ravioli-fresco-de-trufas-brancas-rana-5316710.html?cgid=refeicoes-faceis">
                    <picture class="intrinsic intrinsic--square">
                    <img class="ct-tile-image lazyloaded" loading="lazy" onerror="this.onerror=null;this.src='/on/demandware.static/Sites-continente-Site/-/default/dw7c42b4da/images/noimagelarge_product.png';" data-src="https://www.continente.pt/dw/image/v2/BDVS_PRD/on/demandware.static/-/Sites-col-master-catalog/default/dw11ac8aec/images/col/531/5316710-frente.jpg?sw=280&amp;sh=280" alt="Ravioli Fresco de Trufas Brancas" title="Ravioli Fresco de Trufas Brancas" src="https://www.continente.pt/dw/image/v2/BDVS_PRD/on/demandware.static/-/Sites-col-master-catalog/default/dw11ac8aec/images/col/531/5316710-frente.jpg?sw=280&amp;sh=280">
                    </picture>
                    </a>
                    <div class="color-swatches d-flex" style="margin-left: 5px;">
                    <div class="swatches d-flex">
                    </div>
                    </div>
                    </div>
                    <div class="ct-tile-body col col-sm-auto ">
                    <div class="ct-pdp-details">
                    <div class="ct-pdp-link">
                    <a class="ct-tile--description" href="https://www.continente.pt/produto/ravioli-fresco-de-trufas-brancas-rana-5316710.html?cgid=refeicoes-faceis">Ravioli Fresco de Trufas Brancas</a>
                    
                    <div class="ct-tile--favorite-top d-sm-none">
                    <button class="wishlist-toggler guest-mode inactive button button--tertiary" data-pid="5316710" data-add-url="https://www.continente.pt/on/demandware.store/Sites-continente-Site/default/Wishlist-AddProduct?pid=5316710" data-toggle="tooltip" aria-label="Adicionar aos favoritos " data-original-title="Adicionar aos favoritos" data-placement="top">
                    <svg class="active-content" width="100%" height="100%" viewBox="0 0 20 22" fill="none" xmlns="http://www.w3.org/2000/svg">
                    <path fill-rule="evenodd" clip-rule="evenodd" d="M0 1.53052C0 0.685236 0.692171 0 1.54601 0H15.0736C15.9274 0 16.6196 0.685235 16.6196 1.53052V13.4064L15.8127 13.922L14.2658 14.2658L12.7189 13.4064L10.6054 14.3818C10.4994 14.2451 10.3327 14.157 10.1452 14.157H6.76329C6.4431 14.157 6.18354 14.414 6.18354 14.731C6.18354 15.0479 6.4431 15.3049 6.76329 15.3049H10.1452C10.2478 15.3049 10.3441 15.2785 10.4277 15.2322L10.3126 16.8439L13.2345 20.2793H1.54601C0.69217 20.2793 0 19.5941 0 18.7488V1.53052ZM6.18354 5.5483C6.18354 5.23132 6.4431 4.97436 6.76329 4.97436H12.3676C12.6878 4.97436 12.9473 5.23132 12.9473 5.5483C12.9473 5.86528 12.6878 6.12224 12.3676 6.12224H6.76329C6.4431 6.12224 6.18354 5.86528 6.18354 5.5483ZM6.76329 11.0961C6.4431 11.0961 6.18354 11.3531 6.18354 11.6701C6.18354 11.987 6.4431 12.244 6.76329 12.244H12.3676C12.6878 12.244 12.9473 11.987 12.9473 11.6701C12.9473 11.3531 12.6878 11.0961 12.3676 11.0961H6.76329ZM6.18354 8.60985C6.18354 8.29287 6.4431 8.03591 6.76329 8.03591H12.3676C12.6878 8.03591 12.9473 8.29287 12.9473 8.60985C12.9473 8.92684 12.6878 9.1838 12.3676 9.1838H6.76329C6.4431 9.1838 6.18354 8.92684 6.18354 8.60985ZM3.67118 5.5483C3.67118 5.23132 3.93075 4.97436 4.25093 4.97436H4.63743C4.95762 4.97436 5.21719 5.23132 5.21719 5.5483C5.21719 5.86528 4.95762 6.12224 4.63743 6.12224H4.25093C3.93075 6.12224 3.67118 5.86528 3.67118 5.5483ZM4.25093 11.0961C3.93075 11.0961 3.67118 11.3531 3.67118 11.6701C3.67118 11.987 3.93075 12.244 4.25093 12.244H4.63743C4.95762 12.244 5.21719 11.987 5.21719 11.6701C5.21719 11.3531 4.95762 11.0961 4.63743 11.0961H4.25093ZM3.67118 8.60985C3.67118 8.29287 3.93075 8.03591 4.25093 8.03591H4.63743C4.95762 8.03591 5.21719 8.29287 5.21719 8.60985C5.21719 8.92684 4.95762 9.1838 4.63743 9.1838H4.25093C3.93075 9.1838 3.67118 8.92684 3.67118 8.60985ZM4.25093 14.157C3.93075 14.157 3.67118 14.414 3.67118 14.731C3.67118 15.0479 3.93075 15.3049 4.25093 15.3049H4.63743C4.95762 15.3049 5.21719 15.0479 5.21719 14.731C5.21719 14.414 4.95762 14.157 4.63743 14.157H4.25093Z" fill="#EB0203"></path>
                    <path fill-rule="evenodd" clip-rule="evenodd" d="M14.6252 13.6363C13.4918 12.6215 11.7817 12.5264 10.6569 13.4792C9.12421 14.7764 9.34841 16.8912 10.4409 18.0122L14.0159 21.6742C14.2197 21.8832 14.4928 22 14.7822 22C15.0737 22 15.3448 21.8852 15.5486 21.6762L19.1236 18.0142C20.214 16.8933 20.4423 14.7785 18.9075 13.4792C17.7827 12.5283 16.0724 12.6217 14.9391 13.6365C14.8855 13.6845 14.8331 13.7345 14.7822 13.7866C14.7313 13.7345 14.6789 13.6843 14.6252 13.6363ZM18.1546 14.3522C19.0973 15.1508 18.9962 16.4896 18.2891 17.2173C18.2888 17.2175 18.2886 17.2177 18.2884 17.218L14.7832 20.8084L11.2753 17.2151C11.2752 17.215 11.2751 17.2149 11.2749 17.2148C10.5677 16.4887 10.4678 15.1495 11.4104 14.3518L11.4108 14.3514C12.0745 13.7892 13.2018 13.82 13.9488 14.5846L14.7822 15.4378L15.6157 14.5846C16.3617 13.8211 17.4896 13.79 18.1545 14.3521" fill="#EB0203"></path>
                    </svg>
                    <svg class="inactive-content" width="100%" height="100%" viewBox="0 0 20 23" fill="none" xmlns="http://www.w3.org/2000/svg">
                    <path fill-rule="evenodd" clip-rule="evenodd" d="M6.18408 5.77914C6.18408 5.46223 6.44363 5.20532 6.7638 5.20532H12.3678C12.6879 5.20532 12.9475 5.46223 12.9475 5.77914C12.9475 6.09606 12.6879 6.35297 12.3678 6.35297H6.7638C6.44363 6.35297 6.18408 6.09606 6.18408 5.77914Z" fill="#EB0203"></path>
                    <path fill-rule="evenodd" clip-rule="evenodd" d="M6.18408 11.9034C6.18408 11.5865 6.44363 11.3296 6.7638 11.3296H12.3678C12.6879 11.3296 12.9475 11.5865 12.9475 11.9034C12.9475 12.2202 12.6879 12.4771 12.3678 12.4771H6.7638C6.44363 12.4771 6.18408 12.2202 6.18408 11.9034Z" fill="#EB0203"></path>
                    <path fill-rule="evenodd" clip-rule="evenodd" d="M6.18408 8.84116C6.18408 8.52424 6.44363 8.26733 6.7638 8.26733H12.3678C12.6879 8.26733 12.9475 8.52424 12.9475 8.84116C12.9475 9.15807 12.6879 9.41498 12.3678 9.41498H6.7638C6.44363 9.41498 6.18408 9.15807 6.18408 8.84116Z" fill="#EB0203"></path>
                    <path fill-rule="evenodd" clip-rule="evenodd" d="M6.18408 14.9655C6.18408 14.6486 6.44363 14.3917 6.7638 14.3917H10.1455C10.4657 14.3917 10.7252 14.6486 10.7252 14.9655C10.7252 15.2825 10.4657 15.5394 10.1455 15.5394H6.7638C6.44363 15.5394 6.18408 15.2825 6.18408 14.9655Z" fill="#EB0203"></path>
                    <path fill-rule="evenodd" clip-rule="evenodd" d="M3.67139 5.77914C3.67139 5.46223 3.93094 5.20532 4.25111 5.20532H4.63759C4.95776 5.20532 5.21731 5.46223 5.21731 5.77914C5.21731 6.09606 4.95776 6.35297 4.63759 6.35297H4.25111C3.93094 6.35297 3.67139 6.09606 3.67139 5.77914Z" fill="#EB0203"></path>
                    <path fill-rule="evenodd" clip-rule="evenodd" d="M3.67139 11.9034C3.67139 11.5865 3.93094 11.3296 4.25111 11.3296H4.63759C4.95776 11.3296 5.21731 11.5865 5.21731 11.9034C5.21731 12.2202 4.95776 12.4771 4.63759 12.4771H4.25111C3.93094 12.4771 3.67139 12.2202 3.67139 11.9034Z" fill="#EB0203"></path>
                    <path fill-rule="evenodd" clip-rule="evenodd" d="M3.67139 8.84116C3.67139 8.52424 3.93094 8.26733 4.25111 8.26733H4.63759C4.95776 8.26733 5.21731 8.52424 5.21731 8.84116C5.21731 9.15807 4.95776 9.41498 4.63759 9.41498H4.25111C3.93094 9.41498 3.67139 9.15807 3.67139 8.84116Z" fill="#EB0203"></path>
                    <path fill-rule="evenodd" clip-rule="evenodd" d="M3.67139 14.9655C3.67139 14.6486 3.93094 14.3917 4.25111 14.3917H4.63759C4.95776 14.3917 5.21731 14.6486 5.21731 14.9655C5.21731 15.2825 4.95776 15.5394 4.63759 15.5394H4.25111C3.93094 15.5394 3.67139 15.2825 3.67139 14.9655Z" fill="#EB0203"></path>
                    <path fill-rule="evenodd" clip-rule="evenodd" d="M0 1.76033C0 0.914738 0.692131 0.229248 1.54592 0.229248H15.0727C15.9265 0.229248 16.6186 0.914738 16.6186 1.76033V11.2818C16.6186 11.5989 16.3591 11.8559 16.0389 11.8559C15.7187 11.8559 15.4592 11.5989 15.4592 11.2818V1.76033C15.4592 1.54893 15.2862 1.37756 15.0727 1.37756H1.54592C1.33247 1.37756 1.15944 1.54893 1.15944 1.76033V18.985C1.15944 19.1964 1.33247 19.3678 1.54592 19.3678H9.27551C9.59568 19.3678 9.85523 19.6249 9.85523 19.942C9.85523 20.2591 9.59568 20.5161 9.27551 20.5161H1.54592C0.692131 20.5161 0 19.8306 0 18.985V1.76033Z" fill="#EB0203"></path>
                    <path fill-rule="evenodd" clip-rule="evenodd" d="M14.6254 13.8718C13.4921 12.8567 11.7821 12.7615 10.6574 13.7147C9.12472 15.0124 9.34891 17.128 10.4413 18.2493L14.0161 21.9126C14.2199 22.1217 14.493 22.2386 14.7824 22.2386C15.0739 22.2386 15.3449 22.1238 15.5487 21.9147L19.1235 18.2514C20.2139 17.13 20.4422 15.0144 18.9075 13.7147C17.7827 12.7634 16.0726 12.8569 14.9392 13.872C14.8856 13.92 14.8333 13.9701 14.7824 14.0222C14.7314 13.97 14.6791 13.9199 14.6254 13.8718ZM18.1546 14.588C19.0972 15.3869 18.9961 16.7262 18.2891 17.4541C18.2888 17.4543 18.2886 17.4546 18.2884 17.4548L14.7834 21.0466L11.2757 17.452C11.2756 17.4519 11.2755 17.4517 11.2753 17.4516C10.5681 16.7252 10.4682 15.3856 11.4108 14.5876L11.4112 14.5872C12.0748 14.0248 13.202 14.0556 13.949 14.8205L14.7824 15.674L15.6158 14.8205C16.3618 14.0567 17.4896 14.0256 18.1545 14.5879" fill="#EB0203"></path>
                    </svg>
                    </button>
                    </div>
                    </div>
                    <p class="ct-tile--brand">Rana</p>
                    <p class="ct-tile--quantity">emb. 250 gr</p>
                    </div>
                    <div class="ct-tile-bottom row no-gutters justify-content-between">
                    <div class="ct-price-wrap col-8 col-sm-12">
                    <div class="price js-product-price">
                    <div class="prices-wrapper">
                    <span class="sales ct-tile--price-primary ">
                    <span class="value" content="3.99">
                    <span class="ct-price-formatted">
                    €3,99
                    </span>
                    <span class="ct-m-unit">
                    /un
                    </span>
                    </span>
                    </span>
                    </div>
                    <div class="ct-tile--price-secondary">
                    <span class="ct-price-value">
                    €15,96
                    </span>
                    <span class="ct-m-unit">
                    /kg
                    </span>
                    </div>
                    </div>
                    </div>
                    <div class="ct-tile-buy-section d-flex justify-content-center no-gutters col-auto col-sm-12">
                    <div class="col-2 d-sm-flex d-none">
                    <button class="wishlist-toggler guest-mode inactive button button--tertiary" data-pid="5316710" data-add-url="https://www.continente.pt/on/demandware.store/Sites-continente-Site/default/Wishlist-AddProduct?pid=5316710" data-toggle="tooltip" aria-label="Adicionar aos favoritos " data-original-title="Adicionar aos favoritos" data-placement="top">
                    <svg class="active-content" width="100%" height="100%" viewBox="0 0 20 22" fill="none" xmlns="http://www.w3.org/2000/svg">
                    <path fill-rule="evenodd" clip-rule="evenodd" d="M0 1.53052C0 0.685236 0.692171 0 1.54601 0H15.0736C15.9274 0 16.6196 0.685235 16.6196 1.53052V13.4064L15.8127 13.922L14.2658 14.2658L12.7189 13.4064L10.6054 14.3818C10.4994 14.2451 10.3327 14.157 10.1452 14.157H6.76329C6.4431 14.157 6.18354 14.414 6.18354 14.731C6.18354 15.0479 6.4431 15.3049 6.76329 15.3049H10.1452C10.2478 15.3049 10.3441 15.2785 10.4277 15.2322L10.3126 16.8439L13.2345 20.2793H1.54601C0.69217 20.2793 0 19.5941 0 18.7488V1.53052ZM6.18354 5.5483C6.18354 5.23132 6.4431 4.97436 6.76329 4.97436H12.3676C12.6878 4.97436 12.9473 5.23132 12.9473 5.5483C12.9473 5.86528 12.6878 6.12224 12.3676 6.12224H6.76329C6.4431 6.12224 6.18354 5.86528 6.18354 5.5483ZM6.76329 11.0961C6.4431 11.0961 6.18354 11.3531 6.18354 11.6701C6.18354 11.987 6.4431 12.244 6.76329 12.244H12.3676C12.6878 12.244 12.9473 11.987 12.9473 11.6701C12.9473 11.3531 12.6878 11.0961 12.3676 11.0961H6.76329ZM6.18354 8.60985C6.18354 8.29287 6.4431 8.03591 6.76329 8.03591H12.3676C12.6878 8.03591 12.9473 8.29287 12.9473 8.60985C12.9473 8.92684 12.6878 9.1838 12.3676 9.1838H6.76329C6.4431 9.1838 6.18354 8.92684 6.18354 8.60985ZM3.67118 5.5483C3.67118 5.23132 3.93075 4.97436 4.25093 4.97436H4.63743C4.95762 4.97436 5.21719 5.23132 5.21719 5.5483C5.21719 5.86528 4.95762 6.12224 4.63743 6.12224H4.25093C3.93075 6.12224 3.67118 5.86528 3.67118 5.5483ZM4.25093 11.0961C3.93075 11.0961 3.67118 11.3531 3.67118 11.6701C3.67118 11.987 3.93075 12.244 4.25093 12.244H4.63743C4.95762 12.244 5.21719 11.987 5.21719 11.6701C5.21719 11.3531 4.95762 11.0961 4.63743 11.0961H4.25093ZM3.67118 8.60985C3.67118 8.29287 3.93075 8.03591 4.25093 8.03591H4.63743C4.95762 8.03591 5.21719 8.29287 5.21719 8.60985C5.21719 8.92684 4.95762 9.1838 4.63743 9.1838H4.25093C3.93075 9.1838 3.67118 8.92684 3.67118 8.60985ZM4.25093 14.157C3.93075 14.157 3.67118 14.414 3.67118 14.731C3.67118 15.0479 3.93075 15.3049 4.25093 15.3049H4.63743C4.95762 15.3049 5.21719 15.0479 5.21719 14.731C5.21719 14.414 4.95762 14.157 4.63743 14.157H4.25093Z" fill="#EB0203"></path>
                    <path fill-rule="evenodd" clip-rule="evenodd" d="M14.6252 13.6363C13.4918 12.6215 11.7817 12.5264 10.6569 13.4792C9.12421 14.7764 9.34841 16.8912 10.4409 18.0122L14.0159 21.6742C14.2197 21.8832 14.4928 22 14.7822 22C15.0737 22 15.3448 21.8852 15.5486 21.6762L19.1236 18.0142C20.214 16.8933 20.4423 14.7785 18.9075 13.4792C17.7827 12.5283 16.0724 12.6217 14.9391 13.6365C14.8855 13.6845 14.8331 13.7345 14.7822 13.7866C14.7313 13.7345 14.6789 13.6843 14.6252 13.6363ZM18.1546 14.3522C19.0973 15.1508 18.9962 16.4896 18.2891 17.2173C18.2888 17.2175 18.2886 17.2177 18.2884 17.218L14.7832 20.8084L11.2753 17.2151C11.2752 17.215 11.2751 17.2149 11.2749 17.2148C10.5677 16.4887 10.4678 15.1495 11.4104 14.3518L11.4108 14.3514C12.0745 13.7892 13.2018 13.82 13.9488 14.5846L14.7822 15.4378L15.6157 14.5846C16.3617 13.8211 17.4896 13.79 18.1545 14.3521" fill="#EB0203"></path>
                    </svg>
                    <svg class="inactive-content" width="100%" height="100%" viewBox="0 0 20 23" fill="none" xmlns="http://www.w3.org/2000/svg">
                    <path fill-rule="evenodd" clip-rule="evenodd" d="M6.18408 5.77914C6.18408 5.46223 6.44363 5.20532 6.7638 5.20532H12.3678C12.6879 5.20532 12.9475 5.46223 12.9475 5.77914C12.9475 6.09606 12.6879 6.35297 12.3678 6.35297H6.7638C6.44363 6.35297 6.18408 6.09606 6.18408 5.77914Z" fill="#EB0203"></path>
                    <path fill-rule="evenodd" clip-rule="evenodd" d="M6.18408 11.9034C6.18408 11.5865 6.44363 11.3296 6.7638 11.3296H12.3678C12.6879 11.3296 12.9475 11.5865 12.9475 11.9034C12.9475 12.2202 12.6879 12.4771 12.3678 12.4771H6.7638C6.44363 12.4771 6.18408 12.2202 6.18408 11.9034Z" fill="#EB0203"></path>
                    <path fill-rule="evenodd" clip-rule="evenodd" d="M6.18408 8.84116C6.18408 8.52424 6.44363 8.26733 6.7638 8.26733H12.3678C12.6879 8.26733 12.9475 8.52424 12.9475 8.84116C12.9475 9.15807 12.6879 9.41498 12.3678 9.41498H6.7638C6.44363 9.41498 6.18408 9.15807 6.18408 8.84116Z" fill="#EB0203"></path>
                    <path fill-rule="evenodd" clip-rule="evenodd" d="M6.18408 14.9655C6.18408 14.6486 6.44363 14.3917 6.7638 14.3917H10.1455C10.4657 14.3917 10.7252 14.6486 10.7252 14.9655C10.7252 15.2825 10.4657 15.5394 10.1455 15.5394H6.7638C6.44363 15.5394 6.18408 15.2825 6.18408 14.9655Z" fill="#EB0203"></path>
                    <path fill-rule="evenodd" clip-rule="evenodd" d="M3.67139 5.77914C3.67139 5.46223 3.93094 5.20532 4.25111 5.20532H4.63759C4.95776 5.20532 5.21731 5.46223 5.21731 5.77914C5.21731 6.09606 4.95776 6.35297 4.63759 6.35297H4.25111C3.93094 6.35297 3.67139 6.09606 3.67139 5.77914Z" fill="#EB0203"></path>
                    <path fill-rule="evenodd" clip-rule="evenodd" d="M3.67139 11.9034C3.67139 11.5865 3.93094 11.3296 4.25111 11.3296H4.63759C4.95776 11.3296 5.21731 11.5865 5.21731 11.9034C5.21731 12.2202 4.95776 12.4771 4.63759 12.4771H4.25111C3.93094 12.4771 3.67139 12.2202 3.67139 11.9034Z" fill="#EB0203"></path>
                    <path fill-rule="evenodd" clip-rule="evenodd" d="M3.67139 8.84116C3.67139 8.52424 3.93094 8.26733 4.25111 8.26733H4.63759C4.95776 8.26733 5.21731 8.52424 5.21731 8.84116C5.21731 9.15807 4.95776 9.41498 4.63759 9.41498H4.25111C3.93094 9.41498 3.67139 9.15807 3.67139 8.84116Z" fill="#EB0203"></path>
                    <path fill-rule="evenodd" clip-rule="evenodd" d="M3.67139 14.9655C3.67139 14.6486 3.93094 14.3917 4.25111 14.3917H4.63759C4.95776 14.3917 5.21731 14.6486 5.21731 14.9655C5.21731 15.2825 4.95776 15.5394 4.63759 15.5394H4.25111C3.93094 15.5394 3.67139 15.2825 3.67139 14.9655Z" fill="#EB0203"></path>
                    <path fill-rule="evenodd" clip-rule="evenodd" d="M0 1.76033C0 0.914738 0.692131 0.229248 1.54592 0.229248H15.0727C15.9265 0.229248 16.6186 0.914738 16.6186 1.76033V11.2818C16.6186 11.5989 16.3591 11.8559 16.0389 11.8559C15.7187 11.8559 15.4592 11.5989 15.4592 11.2818V1.76033C15.4592 1.54893 15.2862 1.37756 15.0727 1.37756H1.54592C1.33247 1.37756 1.15944 1.54893 1.15944 1.76033V18.985C1.15944 19.1964 1.33247 19.3678 1.54592 19.3678H9.27551C9.59568 19.3678 9.85523 19.6249 9.85523 19.942C9.85523 20.2591 9.59568 20.5161 9.27551 20.5161H1.54592C0.692131 20.5161 0 19.8306 0 18.985V1.76033Z" fill="#EB0203"></path>
                    <path fill-rule="evenodd" clip-rule="evenodd" d="M14.6254 13.8718C13.4921 12.8567 11.7821 12.7615 10.6574 13.7147C9.12472 15.0124 9.34891 17.128 10.4413 18.2493L14.0161 21.9126C14.2199 22.1217 14.493 22.2386 14.7824 22.2386C15.0739 22.2386 15.3449 22.1238 15.5487 21.9147L19.1235 18.2514C20.2139 17.13 20.4422 15.0144 18.9075 13.7147C17.7827 12.7634 16.0726 12.8569 14.9392 13.872C14.8856 13.92 14.8333 13.9701 14.7824 14.0222C14.7314 13.97 14.6791 13.9199 14.6254 13.8718ZM18.1546 14.588C19.0972 15.3869 18.9961 16.7262 18.2891 17.4541C18.2888 17.4543 18.2886 17.4546 18.2884 17.4548L14.7834 21.0466L11.2757 17.452C11.2756 17.4519 11.2755 17.4517 11.2753 17.4516C10.5681 16.7252 10.4682 15.3856 11.4108 14.5876L11.4112 14.5872C12.0748 14.0248 13.202 14.0556 13.949 14.8205L14.7824 15.674L15.6158 14.8205C16.3618 14.0567 17.4896 14.0256 18.1545 14.5879" fill="#EB0203"></path>
                    </svg>
                    </button>
                    </div>
                    <div class="col-sm-10 col-12">
                    <div class="ct-tile-quantity d-none" data-pid="5316710">
                    <input type="hidden" class="add-to-cart-url" value="https://www.continente.pt/on/demandware.store/Sites-continente-Site/default/Cart-AddProduct">
                    <div class="d-none tile-delete-confirmation-btn" data-pid="5316710" data-delay-time="3000" data-in-cart-msg="no carrinho" data-one-product-added="Adicionado ao carrinho" data-remove-from-cart-msg="Removido do carrinho" data-stay-open="6000.0" data-confirmation-image="{&quot;url&quot;:&quot;https://www.continente.pt/dw/image/v2/BDVS_PRD/on/demandware.static/-/Sites-col-master-catalog/default/dw11ac8aec/images/col/531/5316710-frente.jpg?sw=87&amp;sh=80&quot;,&quot;fallbackimage&quot;:{&quot;url&quot;:&quot;https://www.continente.pt/dw/image/v2/BDVS_PRD/on/demandware.static/Sites-continente-Site/-/default/dw7c42b4da/images/noimagelarge_product.png?sw=87&amp;sh=80&quot;,&quot;title&quot;:&quot;Ravioli Fresco de Trufas Brancas&quot;,&quot;alt&quot;:&quot;Ravioli Fresco de Trufas Brancas&quot;},&quot;title&quot;:&quot;Ravioli Fresco de Trufas Brancas&quot;,&quot;alt&quot;:&quot;Ravioli Fresco de Trufas Brancas&quot;}"></div>
                    <div class="ct-tile-quantity-update quantity-update product-qty-vue" data-remove-action="https://www.continente.pt/on/demandware.store/Sites-continente-Site/default/Cart-RemoveProductLineItem" data-action="https://www.continente.pt/on/demandware.store/Sites-continente-Site/default/Cart-UpdateQuantity" data-dimension-update="https://www.continente.pt/on/demandware.store/Sites-continente-Site/default/Cart-DimensionUpdate" data-pid="5316710" data-uuid="aa7b8235bbb189ef3043263d0e" data-add-delay="500.0" data-measure-options="{&quot;hasConversionRate&quot;:true,&quot;hasAlternativeSaleUnit&quot;:false,&quot;primaryToSecondary&quot;:1,&quot;secondaryToPrimary&quot;:1,&quot;unitConversionRate&quot;:1,&quot;minOrderQuantity&quot;:1,&quot;stepQuantity&quot;:1,&quot;primaryunit&quot;:&quot;un&quot;,&quot;secondaryunit&quot;:&quot;kg&quot;,&quot;selectedunit&quot;:&quot;primary&quot;,&quot;maxNumberOfUnitsPerSale&quot;:50}" data-price-available="null" :data-has-error="isMaxQtyReached || isMinQtyReached || qtySelectedMoreThanOne">
                    <template v-show="prodUnits">
                    <div class="quantity-input-wrapper has-units">
                    <label class="visually-hidden" :for="'quantity-' + pid + additionalTag">
                    Quantidade no carrinho
                    </label>
                    <input :ref="'quantityInput-' + pid + additionalTag" class="add-to-cart-quantity form-control ct-form-input text-center" inputmode="numeric" :class="{'is-invalid': isInvalid}" :data-pid="pid + additionalTag" :name="'quantity-' + pid + additionalTag" type="text" aria-label="Insira a quantidade" title="" v-model="displayValue" @change="updateQuantity" @focus="updateQtyFormat" @blur="restoreQtyFormat" :disabled="!isPriceAvailable">
                    <span class="quantity-icon quantity-icon--minus">
                    <button class="decrease-quantity-btn" @click="updateQuantity" :disabled="!isPriceAvailable" role="button" aria-label="Reduzir quantidade">
                    <i class="css-math-minus"></i>
                    </button>
                    </span>
                    <span class="quantity-icon quantity-icon--plus">
                    <button class="increase-quantity-btn" @click="updateQuantity" :disabled="isMaxQtyReached || !isPriceAvailable" role="button" aria-label="Aumentar quantidade">
                    <i class="css-math-plus"></i>
                    </button>
                    <span class="quantity-btn-disabled-placeholder"></span>
                    </span>
                    <template v-if="isPDP">
                    <span class="quantity-error ct-span-error text-sm-center product-max-allocation" v-if="isMaxQtyReached">
                    Quantidade máxima atingida
                    </span>
                    <span class="quantity-error ct-span-product text-sm-center product-allocation" v-if="!isMinQtyReached &amp;&amp; !isMaxQtyReached">
                    {{quantitySelected}} no carrinho
                    </span>
                    <span class="quantity-error ct-span-error text-sm-center product-min-allocation" :data-pid="pid" v-if="isMinQtyReached &amp;&amp; !isMaxQtyReached">
                    Quantidade mínima atingida
                    </span>
                    </template>
                    </div>
                    <template v-if="showNotes">
                    <div class="add-note-link-container ">
                    <div class="add-note">
                    <a href="/produto/ravioli-fresco-de-trufas-brancas-rana-5316710.html?showNote=true" class="ct-add-note-redirect-pdp" aria-label="Adicionar comentário">
                    <span class="svg-wrapper svg-icon-notes" style="width:19px; height:20px">
                    <svg class="svg-inline icon-notes" viewBox="0 0 28 30" xmlns="http://www.w3.org/2000/svg" width="100%" height="100%"><path d="M21.738 0C22.985 0 24 1.04 24 2.319V12.47c0 .469-.37.848-.828.848-.457 0-.827-.38-.827-.848V2.32c0-.343-.273-.622-.607-.622H2.262c-.334 0-.607.279-.607.622V27.68c0 .343.273.622.607.622h7.81c.457 0 .827.38.827.849 0 .468-.37.848-.827.848h-7.81C1.015 30 0 28.96 0 27.681V2.32C0 1.04 1.015 0 2.262 0h19.476zm2.844 16.004l.227.007c.823.053 1.589.39 2.176.964.64.627.993 1.46.993 2.349 0 .888-.353 1.722-.993 2.348l-6.83 6.665c-.11.108-.247.186-.397.226l-5.032 1.363c-.078.021-.16.032-.241.032-.242 0-.478-.097-.647-.266-.23-.231-.314-.566-.218-.874l1.49-4.798c.044-.139.122-.266.227-.369l6.844-6.677c.64-.625 1.493-.97 2.401-.97zm-2.886 3.94l-4.922 4.802-.947 3.048 3.22-.872 4.897-4.78-2.248-2.197zm2.887-2.174c-.425 0-.824.162-1.124.455l-.484.472 2.248 2.197.484-.472c.62-.606.62-1.591 0-2.197l-.117-.104c-.283-.227-.636-.35-1.007-.35zm-10.839.022c.498 0 .904.396.904.883 0 .488-.406.884-.904.884H5.946c-.499 0-.904-.396-.904-.884 0-.487.405-.883.904-.883zm5.042-4.876c.498 0 .904.397.904.884s-.406.884-.904.884H5.946c-.499 0-.904-.397-.904-.884s.405-.884.904-.884zm0-4.875c.498 0 .904.396.904.884 0 .487-.406.883-.904.883H5.946c-.499 0-.904-.396-.904-.883 0-.488.405-.884.904-.884z" fill="#EB0203" fill-rule="evenodd"></path></svg>
                    </span>
                    <div class="available-note d-none"></div>
                    </a>
                    </div>
                    </div>
                    </template>
                    <div class="measurement-unit-section" v-if="isPriceAvailable &amp;&amp; prodUnits ? prodUnits.hasAlternativeUnit : false">
                    <div class="ct-form-radio" @click="setDimension">
                    <input type="radio" title="" class="ct-form-check-input product-measurement-unit" :data-type="prodUnits.selectedUnit == prodUnits.secondaryUnit ? 'primary' : ''" :id="prodUnits.secondaryUnit + '-' + pid + '-measurement-unit-ptile' + additionalTag" :name="'measurement-unit-' + pid + '-ptile' + additionalTag" :value="prodUnits.secondaryUnit" v-model="prodUnits.selectedUnit">
                    <label :class="prodUnits.secondaryUnit + '-label ct-form-check-label mb-0'" :for="prodUnits.secondaryUnit + '-' + pid + '-measurement-unit-ptile' + additionalTag">
                    {{prodUnits.secondaryUnit}}
                    </label>
                    <span class="checkmark"></span>
                    </div>
                    <div class="ct-form-radio" @click="setDimension">
                    <input type="radio" title="" class="ct-form-check-input product-measurement-unit" :data-type="prodUnits.selectedUnit == prodUnits.primaryUnit ? 'primary' : ''" :id="prodUnits.primaryUnit + '-' + pid + '-measurement-unit-ptile' + additionalTag" :name="'measurement-unit-' + pid + '-ptile' + additionalTag" :value="prodUnits.primaryUnit" v-model="prodUnits.selectedUnit">
                    <label :class="prodUnits.primaryUnit + '-label ct-form-check-label mb-0'" :for="prodUnits.primaryUnit + '-' + pid + '-measurement-unit-ptile' + additionalTag">
                    {{prodUnits.primaryUnit}}
                    </label>
                    <span class="checkmark"></span>
                    </div>
                    </div>
                    <template v-if="!isPDP &amp;&amp; isPriceAvailable">
                    <span class="quantity-error ct-span-error product-max-allocation" v-if="isMaxQtyReached">
                    Quantidade máxima atingida
                    </span>
                    <span class="quantity-error ct-span-product product-allocation" v-if="!isMinQtyReached &amp;&amp; !isMaxQtyReached">
                    {{quantitySelected}} no carrinho
                    </span>
                    <span class="quantity-error ct-span-error product-min-allocation" :data-pid="pid" v-if="isMinQtyReached &amp;&amp; !isMaxQtyReached">
                    Quantidade mínima atingida
                    </span>
                    </template>
                    </template>
                    </div>
                    <input class="quantity-value-mask d-none" name="quantity" type="number" min="0" value="">
                    </div>
                    <button type="button" class="add-to-cart button js-add-to-cart js-add-to-cart-tile 5316710 button--primary dynamic-layout-btn" data-toggle="modal" data-target="#chooseBonusProductModal" data-pid="5316710" data-quantity-value="null" aria-label="Carrinho">
                    <span class="d-block d-sm-none">
                    <span class="svg-wrapper svg-icon-cart" style="width:20px; height:20px">
                    <svg class="svg-inline icon-cart" xmlns="http://www.w3.org/2000/svg" viewBox="0 0 500 500" width="100%" height="100%"><path fill="#EB0203" fill-rule="evenodd" d="M 485.67317,94.386311 C 476.37798,83.847129 463.09468,78.03348 448.30404,78.03348 H 90.690813 L 87.079511,51.327997 C 83.185582,22.539551 62.962285,0 41.011841,0 H 14.727836 C 6.563151,0 0,6.5286975 0,14.580758 c 0,8.05206 6.5945535,14.580758 14.727836,14.580758 h 26.284005 c 4.710398,0 14.696435,9.855222 16.894619,26.021523 L 100.01739,368.0631 c 1.88416,13.77244 9.01256,26.70549 20.1605,36.37417 8.25889,7.15046 18.02511,11.9071 28.26237,13.89679 -4.17655,7.58572 -6.53175,16.25957 -6.53175,25.493 0,29.53459 24.27424,53.59751 54.13815,53.59751 29.8325,0 54.13814,-24.03184 54.13814,-53.59751 0,-8.79818 -2.19818,-17.09897 -5.9979,-24.43598 h 77.12488 c -3.79973,7.33701 -5.96652,15.6378 -5.96652,24.43598 0,29.53459 24.27424,53.59751 54.13817,53.59751 29.83249,0 54.13814,-24.03184 54.13814,-53.59751 0,-8.79818 -2.1982,-17.09897 -5.9979,-24.43598 h 38.56243 c 8.13328,0 14.72783,-6.5287 14.72783,-14.61183 0,-8.02098 -6.59455,-14.54967 -14.72783,-14.54967 H 159.24277 c -14.38241,0 -28.13677,-11.90711 -30.02092,-26.02153 l -3.07746,-22.88154 h 290.6314 c 14.03698,0 27.94834,-5.28513 39.06488,-14.95381 11.11652,-9.6376 18.27632,-22.57065 20.16048,-36.37417 l 21.10259,-156.78201 c 1.94694,-14.51858 -2.10398,-28.29103 -11.43057,-38.861299 z M 220.76053,443.82706 c 0,13.49265 -11.08513,24.46709 -24.68247,24.46709 -13.62874,0 -24.71387,-10.97444 -24.71387,-24.46709 0,-13.49262 11.08513,-24.43598 24.71387,-24.43598 13.59734,0 24.68247,10.94336 24.68247,24.43598 z m 173.43675,0 c 0,13.49265 -11.08512,24.46709 -24.68245,24.46709 -13.62876,0 -24.71388,-10.97444 -24.71388,-24.46709 0,-13.49262 11.08512,-24.43598 24.71388,-24.43598 13.59733,0 24.68245,10.94336 24.68245,24.43598 z m 73.7648,-314.46558 -21.13397,156.782 c -1.88416,14.11442 -15.63851,26.05261 -30.02091,26.05261 H 122.25046 L 94.616142,107.19499 H 448.33544 c 6.18632,0 11.61896,2.2695 15.23028,6.37326 3.64269,4.13484 5.21283,9.73086 4.39636,15.79323 z"></path></svg>
                    </span>
                    </span>
                    <span class="add-to-cart--text d-none d-sm-block">Carrinho</span>
                    </button>
                    </div>
                    </div>
                    </div>
                    </div>
                    
                    <div class="col-12 d-sm-none">
                    </div>
                    </div>
                    </div>
                    </div>
                    </div>
                    <div class="col-12 col-sm-3 col-lg-2 productTile" data-idx="23">
                    
                    <script type="text/javascript">//<!--
                    /* <![CDATA[ */
                    (function(){
                    try {
                        if(window.CQuotient) {
                        var cq_params = {};
                        
                        cq_params.cookieId = window.CQuotient.getCQCookieId();
                        cq_params.userId = window.CQuotient.getCQUserId();
                        cq_params.emailId = CQuotient.getCQHashedEmail();
                        cq_params.loginId = CQuotient.getCQHashedLogin();
                        cq_params.accumulate = true;
                        cq_params.products = [{
                            id: '7521162',
                            sku: ''
                        }];
                        cq_params.categoryId = 'refeicoes-faceis';
                        cq_params.refinements = '[{\"name\":\"priceMin\",\"value\":\"0.01\"},{\"name\":\"priceMax\",\"value\":\"null\"},{\"name\":\"curr\",\"value\":\"EUR\"},{\"name\":\"Category\",\"value\":\"refeicoes-faceis\"}]';
                        cq_params.personalized = 'false';
                        cq_params.sortingRule = 'FRESH-Refei\u00E7\u00F5es F\u00E1ceis';
                        cq_params.imageUUID = '__UNDEFINED__';
                        cq_params.realm = "BDVS";
                        cq_params.siteId = "continente";
                        cq_params.instanceType = "prd";
                        cq_params.queryLocale = "default";
                        cq_params.locale = window.CQuotient.locale;
                        
                        if(window.CQuotient.sendActivity)
                            window.CQuotient.sendActivity(CQuotient.clientId, 'viewCategory', cq_params);
                        else
                            window.CQuotient.activities.push({
                                activityType: 'viewCategory',
                                parameters: cq_params
                            });
                      }
                    } catch(err) {}
                    })();
                    /* ]]> */
                    // -->
                    </script>
                    <script type="text/javascript">//<!--
                    /* <![CDATA[ (viewCategoryProduct-active_data.js) */
                    (function(){
                    try {
                        if (dw.ac) {
                            var search_params = {};
                            search_params.persd = 'false';
                            search_params.refs = '[{\"name\":\"priceMin\",\"value\":\"0.01\"},{\"name\":\"priceMax\",\"value\":\"null\"},{\"name\":\"curr\",\"value\":\"EUR\"},{\"name\":\"Category\",\"value\":\"refeicoes-faceis\"}]';
                            search_params.sort = 'FRESH-Refei\u00E7\u00F5es F\u00E1ceis';
                            search_params.imageUUID = '';
                            search_params.searchID = 'adc2ebee-ded6-4d71-a833-c4f63de27d3e';
                            search_params.locale = 'default';
                            search_params.queryLocale = 'default';
                            search_params.showProducts = 'true';
                            dw.ac.applyContext({category: "refeicoes-faceis", searchData: search_params});
                            if (typeof dw.ac._scheduleDataSubmission === "function") {
                                dw.ac._scheduleDataSubmission();
                            }
                        }
                    } catch(err) {}
                    })();
                    /* ]]> */
                    // -->
                    </script>
                    <script type="text/javascript">//<!--
                    /* <![CDATA[ (viewProduct-active_data.js) */
                    dw.ac._capture({id: "7521162", type: "searchhit"});
                    /* ]]> */
                    // -->
                    </script>
                    <div class="product" data-pid="7521162">
                    <div class="product-tile pid-7521162 ct-product-tile data-layer-pushed" data-delay-time="3000" data-variants-mapping="[]" data-in-cart-msg="no carrinho" data-one-product-added="Adicionado ao carrinho" data-remove-from-cart-msg="Removido do carrinho" data-stay-open="6000.0" data-product-tile-impression="{&quot;name&quot;:&quot;7521162&quot;,&quot;id&quot;:&quot;7521162&quot;,&quot;price&quot;:3.29,&quot;brand&quot;:&quot;Rana&quot;,&quot;category&quot;:[{&quot;category_level_1&quot;:&quot;Take-Away&quot;},{&quot;category_level_2&quot;:&quot;Massas Frescas e Noodles&quot;},{&quot;category_level_3&quot;:&quot;Massas Simples e Recheadas&quot;}],&quot;variant&quot;:&quot;&quot;}">
                    <div class="ct-inner-tile-wrap row no-gutters justify-content-center align-content-start">
                    
                    <div class="ct-image-container col-4 col-sm" data-confirmation-image="{&quot;url&quot;:&quot;https://www.continente.pt/dw/image/v2/BDVS_PRD/on/demandware.static/-/Sites-col-master-catalog/default/dw7225e28b/images/col/752/7521162-frente.jpg?sw=87&amp;sh=80&quot;,&quot;fallbackimage&quot;:{&quot;url&quot;:&quot;https://www.continente.pt/dw/image/v2/BDVS_PRD/on/demandware.static/Sites-continente-Site/-/default/dw7c42b4da/images/noimagelarge_product.png?sw=87&amp;sh=80&quot;,&quot;title&quot;:&quot;Tortellini Fresco com Presunto e Tomate&quot;,&quot;alt&quot;:&quot;Tortellini Fresco com Presunto e Tomate&quot;},&quot;title&quot;:&quot;Tortellini Fresco com Presunto e Tomate&quot;,&quot;alt&quot;:&quot;Tortellini Fresco com Presunto e Tomate&quot;}">
                    <a href="https://www.continente.pt/produto/tortellini-fresco-com-presunto-e-tomate-rana-7521162.html?cgid=refeicoes-faceis">
                    <picture class="intrinsic intrinsic--square">
                    <img class="ct-tile-image lazyloaded" loading="lazy" onerror="this.onerror=null;this.src='/on/demandware.static/Sites-continente-Site/-/default/dw7c42b4da/images/noimagelarge_product.png';" data-src="https://www.continente.pt/dw/image/v2/BDVS_PRD/on/demandware.static/-/Sites-col-master-catalog/default/dw7225e28b/images/col/752/7521162-frente.jpg?sw=280&amp;sh=280" alt="Tortellini Fresco com Presunto e Tomate" title="Tortellini Fresco com Presunto e Tomate" src="https://www.continente.pt/dw/image/v2/BDVS_PRD/on/demandware.static/-/Sites-col-master-catalog/default/dw7225e28b/images/col/752/7521162-frente.jpg?sw=280&amp;sh=280">
                    </picture>
                    </a>
                    <div class="color-swatches d-flex" style="margin-left: 5px;">
                    <div class="swatches d-flex">
                    </div>
                    </div>
                    </div>
                    <div class="ct-tile-body col col-sm-auto ">
                    <div class="ct-pdp-details">
                    <div class="ct-pdp-link">
                    <a class="ct-tile--description" href="https://www.continente.pt/produto/tortellini-fresco-com-presunto-e-tomate-rana-7521162.html?cgid=refeicoes-faceis">Tortellini Fresco com Presunto e Tomate</a>
                    <div class="ct-tile--favorite-top d-sm-none">
                    <button class="wishlist-toggler guest-mode inactive button button--tertiary" data-pid="7521162" data-add-url="https://www.continente.pt/on/demandware.store/Sites-continente-Site/default/Wishlist-AddProduct?pid=7521162" data-toggle="tooltip" aria-label="Adicionar aos favoritos " data-original-title="Adicionar aos favoritos" data-placement="top">
                    <svg class="active-content" width="100%" height="100%" viewBox="0 0 20 22" fill="none" xmlns="http://www.w3.org/2000/svg">
                    <path fill-rule="evenodd" clip-rule="evenodd" d="M0 1.53052C0 0.685236 0.692171 0 1.54601 0H15.0736C15.9274 0 16.6196 0.685235 16.6196 1.53052V13.4064L15.8127 13.922L14.2658 14.2658L12.7189 13.4064L10.6054 14.3818C10.4994 14.2451 10.3327 14.157 10.1452 14.157H6.76329C6.4431 14.157 6.18354 14.414 6.18354 14.731C6.18354 15.0479 6.4431 15.3049 6.76329 15.3049H10.1452C10.2478 15.3049 10.3441 15.2785 10.4277 15.2322L10.3126 16.8439L13.2345 20.2793H1.54601C0.69217 20.2793 0 19.5941 0 18.7488V1.53052ZM6.18354 5.5483C6.18354 5.23132 6.4431 4.97436 6.76329 4.97436H12.3676C12.6878 4.97436 12.9473 5.23132 12.9473 5.5483C12.9473 5.86528 12.6878 6.12224 12.3676 6.12224H6.76329C6.4431 6.12224 6.18354 5.86528 6.18354 5.5483ZM6.76329 11.0961C6.4431 11.0961 6.18354 11.3531 6.18354 11.6701C6.18354 11.987 6.4431 12.244 6.76329 12.244H12.3676C12.6878 12.244 12.9473 11.987 12.9473 11.6701C12.9473 11.3531 12.6878 11.0961 12.3676 11.0961H6.76329ZM6.18354 8.60985C6.18354 8.29287 6.4431 8.03591 6.76329 8.03591H12.3676C12.6878 8.03591 12.9473 8.29287 12.9473 8.60985C12.9473 8.92684 12.6878 9.1838 12.3676 9.1838H6.76329C6.4431 9.1838 6.18354 8.92684 6.18354 8.60985ZM3.67118 5.5483C3.67118 5.23132 3.93075 4.97436 4.25093 4.97436H4.63743C4.95762 4.97436 5.21719 5.23132 5.21719 5.5483C5.21719 5.86528 4.95762 6.12224 4.63743 6.12224H4.25093C3.93075 6.12224 3.67118 5.86528 3.67118 5.5483ZM4.25093 11.0961C3.93075 11.0961 3.67118 11.3531 3.67118 11.6701C3.67118 11.987 3.93075 12.244 4.25093 12.244H4.63743C4.95762 12.244 5.21719 11.987 5.21719 11.6701C5.21719 11.3531 4.95762 11.0961 4.63743 11.0961H4.25093ZM3.67118 8.60985C3.67118 8.29287 3.93075 8.03591 4.25093 8.03591H4.63743C4.95762 8.03591 5.21719 8.29287 5.21719 8.60985C5.21719 8.92684 4.95762 9.1838 4.63743 9.1838H4.25093C3.93075 9.1838 3.67118 8.92684 3.67118 8.60985ZM4.25093 14.157C3.93075 14.157 3.67118 14.414 3.67118 14.731C3.67118 15.0479 3.93075 15.3049 4.25093 15.3049H4.63743C4.95762 15.3049 5.21719 15.0479 5.21719 14.731C5.21719 14.414 4.95762 14.157 4.63743 14.157H4.25093Z" fill="#EB0203"></path>
                    <path fill-rule="evenodd" clip-rule="evenodd" d="M14.6252 13.6363C13.4918 12.6215 11.7817 12.5264 10.6569 13.4792C9.12421 14.7764 9.34841 16.8912 10.4409 18.0122L14.0159 21.6742C14.2197 21.8832 14.4928 22 14.7822 22C15.0737 22 15.3448 21.8852 15.5486 21.6762L19.1236 18.0142C20.214 16.8933 20.4423 14.7785 18.9075 13.4792C17.7827 12.5283 16.0724 12.6217 14.9391 13.6365C14.8855 13.6845 14.8331 13.7345 14.7822 13.7866C14.7313 13.7345 14.6789 13.6843 14.6252 13.6363ZM18.1546 14.3522C19.0973 15.1508 18.9962 16.4896 18.2891 17.2173C18.2888 17.2175 18.2886 17.2177 18.2884 17.218L14.7832 20.8084L11.2753 17.2151C11.2752 17.215 11.2751 17.2149 11.2749 17.2148C10.5677 16.4887 10.4678 15.1495 11.4104 14.3518L11.4108 14.3514C12.0745 13.7892 13.2018 13.82 13.9488 14.5846L14.7822 15.4378L15.6157 14.5846C16.3617 13.8211 17.4896 13.79 18.1545 14.3521" fill="#EB0203"></path>
                    </svg>
                    <svg class="inactive-content" width="100%" height="100%" viewBox="0 0 20 23" fill="none" xmlns="http://www.w3.org/2000/svg">
                    <path fill-rule="evenodd" clip-rule="evenodd" d="M6.18408 5.77914C6.18408 5.46223 6.44363 5.20532 6.7638 5.20532H12.3678C12.6879 5.20532 12.9475 5.46223 12.9475 5.77914C12.9475 6.09606 12.6879 6.35297 12.3678 6.35297H6.7638C6.44363 6.35297 6.18408 6.09606 6.18408 5.77914Z" fill="#EB0203"></path>
                    <path fill-rule="evenodd" clip-rule="evenodd" d="M6.18408 11.9034C6.18408 11.5865 6.44363 11.3296 6.7638 11.3296H12.3678C12.6879 11.3296 12.9475 11.5865 12.9475 11.9034C12.9475 12.2202 12.6879 12.4771 12.3678 12.4771H6.7638C6.44363 12.4771 6.18408 12.2202 6.18408 11.9034Z" fill="#EB0203"></path>
                    <path fill-rule="evenodd" clip-rule="evenodd" d="M6.18408 8.84116C6.18408 8.52424 6.44363 8.26733 6.7638 8.26733H12.3678C12.6879 8.26733 12.9475 8.52424 12.9475 8.84116C12.9475 9.15807 12.6879 9.41498 12.3678 9.41498H6.7638C6.44363 9.41498 6.18408 9.15807 6.18408 8.84116Z" fill="#EB0203"></path>
                    <path fill-rule="evenodd" clip-rule="evenodd" d="M6.18408 14.9655C6.18408 14.6486 6.44363 14.3917 6.7638 14.3917H10.1455C10.4657 14.3917 10.7252 14.6486 10.7252 14.9655C10.7252 15.2825 10.4657 15.5394 10.1455 15.5394H6.7638C6.44363 15.5394 6.18408 15.2825 6.18408 14.9655Z" fill="#EB0203"></path>
                    <path fill-rule="evenodd" clip-rule="evenodd" d="M3.67139 5.77914C3.67139 5.46223 3.93094 5.20532 4.25111 5.20532H4.63759C4.95776 5.20532 5.21731 5.46223 5.21731 5.77914C5.21731 6.09606 4.95776 6.35297 4.63759 6.35297H4.25111C3.93094 6.35297 3.67139 6.09606 3.67139 5.77914Z" fill="#EB0203"></path>
                    <path fill-rule="evenodd" clip-rule="evenodd" d="M3.67139 11.9034C3.67139 11.5865 3.93094 11.3296 4.25111 11.3296H4.63759C4.95776 11.3296 5.21731 11.5865 5.21731 11.9034C5.21731 12.2202 4.95776 12.4771 4.63759 12.4771H4.25111C3.93094 12.4771 3.67139 12.2202 3.67139 11.9034Z" fill="#EB0203"></path>
                    <path fill-rule="evenodd" clip-rule="evenodd" d="M3.67139 8.84116C3.67139 8.52424 3.93094 8.26733 4.25111 8.26733H4.63759C4.95776 8.26733 5.21731 8.52424 5.21731 8.84116C5.21731 9.15807 4.95776 9.41498 4.63759 9.41498H4.25111C3.93094 9.41498 3.67139 9.15807 3.67139 8.84116Z" fill="#EB0203"></path>
                    <path fill-rule="evenodd" clip-rule="evenodd" d="M3.67139 14.9655C3.67139 14.6486 3.93094 14.3917 4.25111 14.3917H4.63759C4.95776 14.3917 5.21731 14.6486 5.21731 14.9655C5.21731 15.2825 4.95776 15.5394 4.63759 15.5394H4.25111C3.93094 15.5394 3.67139 15.2825 3.67139 14.9655Z" fill="#EB0203"></path>
                    <path fill-rule="evenodd" clip-rule="evenodd" d="M0 1.76033C0 0.914738 0.692131 0.229248 1.54592 0.229248H15.0727C15.9265 0.229248 16.6186 0.914738 16.6186 1.76033V11.2818C16.6186 11.5989 16.3591 11.8559 16.0389 11.8559C15.7187 11.8559 15.4592 11.5989 15.4592 11.2818V1.76033C15.4592 1.54893 15.2862 1.37756 15.0727 1.37756H1.54592C1.33247 1.37756 1.15944 1.54893 1.15944 1.76033V18.985C1.15944 19.1964 1.33247 19.3678 1.54592 19.3678H9.27551C9.59568 19.3678 9.85523 19.6249 9.85523 19.942C9.85523 20.2591 9.59568 20.5161 9.27551 20.5161H1.54592C0.692131 20.5161 0 19.8306 0 18.985V1.76033Z" fill="#EB0203"></path>
                    <path fill-rule="evenodd" clip-rule="evenodd" d="M14.6254 13.8718C13.4921 12.8567 11.7821 12.7615 10.6574 13.7147C9.12472 15.0124 9.34891 17.128 10.4413 18.2493L14.0161 21.9126C14.2199 22.1217 14.493 22.2386 14.7824 22.2386C15.0739 22.2386 15.3449 22.1238 15.5487 21.9147L19.1235 18.2514C20.2139 17.13 20.4422 15.0144 18.9075 13.7147C17.7827 12.7634 16.0726 12.8569 14.9392 13.872C14.8856 13.92 14.8333 13.9701 14.7824 14.0222C14.7314 13.97 14.6791 13.9199 14.6254 13.8718ZM18.1546 14.588C19.0972 15.3869 18.9961 16.7262 18.2891 17.4541C18.2888 17.4543 18.2886 17.4546 18.2884 17.4548L14.7834 21.0466L11.2757 17.452C11.2756 17.4519 11.2755 17.4517 11.2753 17.4516C10.5681 16.7252 10.4682 15.3856 11.4108 14.5876L11.4112 14.5872C12.0748 14.0248 13.202 14.0556 13.949 14.8205L14.7824 15.674L15.6158 14.8205C16.3618 14.0567 17.4896 14.0256 18.1545 14.5879" fill="#EB0203"></path>
                    </svg>
                    </button>
                    </div>
                    </div>
                    <p class="ct-tile--brand">Rana</p>
                    <p class="ct-tile--quantity">emb. 250 gr</p>
                    </div>
                    <div class="ct-tile-bottom row no-gutters justify-content-between">
                    <div class="ct-price-wrap col-8 col-sm-12">
                    <div class="price js-product-price">
                    <div class="prices-wrapper">
                    <span class="sales ct-tile--price-primary ">
                    <span class="value" content="3.29">
                    <span class="ct-price-formatted">
                    €3,29
                    </span>
                    <span class="ct-m-unit">
                    /un
                    </span>
                    </span>
                    </span>
                    </div>
                    <div class="ct-tile--price-secondary">
                    <span class="ct-price-value">
                    €13,16
                    </span>
                    <span class="ct-m-unit">
                    /kg
                    </span>
                    </div>
                    </div>
                    </div>
                    <div class="ct-tile-buy-section d-flex justify-content-center no-gutters col-auto col-sm-12">
                    <div class="col-2 d-sm-flex d-none">
                    
                    <button class="wishlist-toggler guest-mode inactive button button--tertiary" data-pid="7521162" data-add-url="https://www.continente.pt/on/demandware.store/Sites-continente-Site/default/Wishlist-AddProduct?pid=7521162" data-toggle="tooltip" aria-label="Adicionar aos favoritos " data-original-title="Adicionar aos favoritos" data-placement="top">
                    <svg class="active-content" width="100%" height="100%" viewBox="0 0 20 22" fill="none" xmlns="http://www.w3.org/2000/svg">
                    <path fill-rule="evenodd" clip-rule="evenodd" d="M0 1.53052C0 0.685236 0.692171 0 1.54601 0H15.0736C15.9274 0 16.6196 0.685235 16.6196 1.53052V13.4064L15.8127 13.922L14.2658 14.2658L12.7189 13.4064L10.6054 14.3818C10.4994 14.2451 10.3327 14.157 10.1452 14.157H6.76329C6.4431 14.157 6.18354 14.414 6.18354 14.731C6.18354 15.0479 6.4431 15.3049 6.76329 15.3049H10.1452C10.2478 15.3049 10.3441 15.2785 10.4277 15.2322L10.3126 16.8439L13.2345 20.2793H1.54601C0.69217 20.2793 0 19.5941 0 18.7488V1.53052ZM6.18354 5.5483C6.18354 5.23132 6.4431 4.97436 6.76329 4.97436H12.3676C12.6878 4.97436 12.9473 5.23132 12.9473 5.5483C12.9473 5.86528 12.6878 6.12224 12.3676 6.12224H6.76329C6.4431 6.12224 6.18354 5.86528 6.18354 5.5483ZM6.76329 11.0961C6.4431 11.0961 6.18354 11.3531 6.18354 11.6701C6.18354 11.987 6.4431 12.244 6.76329 12.244H12.3676C12.6878 12.244 12.9473 11.987 12.9473 11.6701C12.9473 11.3531 12.6878 11.0961 12.3676 11.0961H6.76329ZM6.18354 8.60985C6.18354 8.29287 6.4431 8.03591 6.76329 8.03591H12.3676C12.6878 8.03591 12.9473 8.29287 12.9473 8.60985C12.9473 8.92684 12.6878 9.1838 12.3676 9.1838H6.76329C6.4431 9.1838 6.18354 8.92684 6.18354 8.60985ZM3.67118 5.5483C3.67118 5.23132 3.93075 4.97436 4.25093 4.97436H4.63743C4.95762 4.97436 5.21719 5.23132 5.21719 5.5483C5.21719 5.86528 4.95762 6.12224 4.63743 6.12224H4.25093C3.93075 6.12224 3.67118 5.86528 3.67118 5.5483ZM4.25093 11.0961C3.93075 11.0961 3.67118 11.3531 3.67118 11.6701C3.67118 11.987 3.93075 12.244 4.25093 12.244H4.63743C4.95762 12.244 5.21719 11.987 5.21719 11.6701C5.21719 11.3531 4.95762 11.0961 4.63743 11.0961H4.25093ZM3.67118 8.60985C3.67118 8.29287 3.93075 8.03591 4.25093 8.03591H4.63743C4.95762 8.03591 5.21719 8.29287 5.21719 8.60985C5.21719 8.92684 4.95762 9.1838 4.63743 9.1838H4.25093C3.93075 9.1838 3.67118 8.92684 3.67118 8.60985ZM4.25093 14.157C3.93075 14.157 3.67118 14.414 3.67118 14.731C3.67118 15.0479 3.93075 15.3049 4.25093 15.3049H4.63743C4.95762 15.3049 5.21719 15.0479 5.21719 14.731C5.21719 14.414 4.95762 14.157 4.63743 14.157H4.25093Z" fill="#EB0203"></path>
                    <path fill-rule="evenodd" clip-rule="evenodd" d="M14.6252 13.6363C13.4918 12.6215 11.7817 12.5264 10.6569 13.4792C9.12421 14.7764 9.34841 16.8912 10.4409 18.0122L14.0159 21.6742C14.2197 21.8832 14.4928 22 14.7822 22C15.0737 22 15.3448 21.8852 15.5486 21.6762L19.1236 18.0142C20.214 16.8933 20.4423 14.7785 18.9075 13.4792C17.7827 12.5283 16.0724 12.6217 14.9391 13.6365C14.8855 13.6845 14.8331 13.7345 14.7822 13.7866C14.7313 13.7345 14.6789 13.6843 14.6252 13.6363ZM18.1546 14.3522C19.0973 15.1508 18.9962 16.4896 18.2891 17.2173C18.2888 17.2175 18.2886 17.2177 18.2884 17.218L14.7832 20.8084L11.2753 17.2151C11.2752 17.215 11.2751 17.2149 11.2749 17.2148C10.5677 16.4887 10.4678 15.1495 11.4104 14.3518L11.4108 14.3514C12.0745 13.7892 13.2018 13.82 13.9488 14.5846L14.7822 15.4378L15.6157 14.5846C16.3617 13.8211 17.4896 13.79 18.1545 14.3521" fill="#EB0203"></path>
                    </svg>
                    <svg class="inactive-content" width="100%" height="100%" viewBox="0 0 20 23" fill="none" xmlns="http://www.w3.org/2000/svg">
                    <path fill-rule="evenodd" clip-rule="evenodd" d="M6.18408 5.77914C6.18408 5.46223 6.44363 5.20532 6.7638 5.20532H12.3678C12.6879 5.20532 12.9475 5.46223 12.9475 5.77914C12.9475 6.09606 12.6879 6.35297 12.3678 6.35297H6.7638C6.44363 6.35297 6.18408 6.09606 6.18408 5.77914Z" fill="#EB0203"></path>
                    <path fill-rule="evenodd" clip-rule="evenodd" d="M6.18408 11.9034C6.18408 11.5865 6.44363 11.3296 6.7638 11.3296H12.3678C12.6879 11.3296 12.9475 11.5865 12.9475 11.9034C12.9475 12.2202 12.6879 12.4771 12.3678 12.4771H6.7638C6.44363 12.4771 6.18408 12.2202 6.18408 11.9034Z" fill="#EB0203"></path>
                    <path fill-rule="evenodd" clip-rule="evenodd" d="M6.18408 8.84116C6.18408 8.52424 6.44363 8.26733 6.7638 8.26733H12.3678C12.6879 8.26733 12.9475 8.52424 12.9475 8.84116C12.9475 9.15807 12.6879 9.41498 12.3678 9.41498H6.7638C6.44363 9.41498 6.18408 9.15807 6.18408 8.84116Z" fill="#EB0203"></path>
                    <path fill-rule="evenodd" clip-rule="evenodd" d="M6.18408 14.9655C6.18408 14.6486 6.44363 14.3917 6.7638 14.3917H10.1455C10.4657 14.3917 10.7252 14.6486 10.7252 14.9655C10.7252 15.2825 10.4657 15.5394 10.1455 15.5394H6.7638C6.44363 15.5394 6.18408 15.2825 6.18408 14.9655Z" fill="#EB0203"></path>
                    <path fill-rule="evenodd" clip-rule="evenodd" d="M3.67139 5.77914C3.67139 5.46223 3.93094 5.20532 4.25111 5.20532H4.63759C4.95776 5.20532 5.21731 5.46223 5.21731 5.77914C5.21731 6.09606 4.95776 6.35297 4.63759 6.35297H4.25111C3.93094 6.35297 3.67139 6.09606 3.67139 5.77914Z" fill="#EB0203"></path>
                    <path fill-rule="evenodd" clip-rule="evenodd" d="M3.67139 11.9034C3.67139 11.5865 3.93094 11.3296 4.25111 11.3296H4.63759C4.95776 11.3296 5.21731 11.5865 5.21731 11.9034C5.21731 12.2202 4.95776 12.4771 4.63759 12.4771H4.25111C3.93094 12.4771 3.67139 12.2202 3.67139 11.9034Z" fill="#EB0203"></path>
                    <path fill-rule="evenodd" clip-rule="evenodd" d="M3.67139 8.84116C3.67139 8.52424 3.93094 8.26733 4.25111 8.26733H4.63759C4.95776 8.26733 5.21731 8.52424 5.21731 8.84116C5.21731 9.15807 4.95776 9.41498 4.63759 9.41498H4.25111C3.93094 9.41498 3.67139 9.15807 3.67139 8.84116Z" fill="#EB0203"></path>
                    <path fill-rule="evenodd" clip-rule="evenodd" d="M3.67139 14.9655C3.67139 14.6486 3.93094 14.3917 4.25111 14.3917H4.63759C4.95776 14.3917 5.21731 14.6486 5.21731 14.9655C5.21731 15.2825 4.95776 15.5394 4.63759 15.5394H4.25111C3.93094 15.5394 3.67139 15.2825 3.67139 14.9655Z" fill="#EB0203"></path>
                    <path fill-rule="evenodd" clip-rule="evenodd" d="M0 1.76033C0 0.914738 0.692131 0.229248 1.54592 0.229248H15.0727C15.9265 0.229248 16.6186 0.914738 16.6186 1.76033V11.2818C16.6186 11.5989 16.3591 11.8559 16.0389 11.8559C15.7187 11.8559 15.4592 11.5989 15.4592 11.2818V1.76033C15.4592 1.54893 15.2862 1.37756 15.0727 1.37756H1.54592C1.33247 1.37756 1.15944 1.54893 1.15944 1.76033V18.985C1.15944 19.1964 1.33247 19.3678 1.54592 19.3678H9.27551C9.59568 19.3678 9.85523 19.6249 9.85523 19.942C9.85523 20.2591 9.59568 20.5161 9.27551 20.5161H1.54592C0.692131 20.5161 0 19.8306 0 18.985V1.76033Z" fill="#EB0203"></path>
                    <path fill-rule="evenodd" clip-rule="evenodd" d="M14.6254 13.8718C13.4921 12.8567 11.7821 12.7615 10.6574 13.7147C9.12472 15.0124 9.34891 17.128 10.4413 18.2493L14.0161 21.9126C14.2199 22.1217 14.493 22.2386 14.7824 22.2386C15.0739 22.2386 15.3449 22.1238 15.5487 21.9147L19.1235 18.2514C20.2139 17.13 20.4422 15.0144 18.9075 13.7147C17.7827 12.7634 16.0726 12.8569 14.9392 13.872C14.8856 13.92 14.8333 13.9701 14.7824 14.0222C14.7314 13.97 14.6791 13.9199 14.6254 13.8718ZM18.1546 14.588C19.0972 15.3869 18.9961 16.7262 18.2891 17.4541C18.2888 17.4543 18.2886 17.4546 18.2884 17.4548L14.7834 21.0466L11.2757 17.452C11.2756 17.4519 11.2755 17.4517 11.2753 17.4516C10.5681 16.7252 10.4682 15.3856 11.4108 14.5876L11.4112 14.5872C12.0748 14.0248 13.202 14.0556 13.949 14.8205L14.7824 15.674L15.6158 14.8205C16.3618 14.0567 17.4896 14.0256 18.1545 14.5879" fill="#EB0203"></path>
                    </svg>
                    </button>
                    </div>
                    <div class="col-sm-10 col-12">
                    <div class="ct-tile-quantity d-none" data-pid="7521162">
                    <input type="hidden" class="add-to-cart-url" value="https://www.continente.pt/on/demandware.store/Sites-continente-Site/default/Cart-AddProduct">
                    <div class="d-none tile-delete-confirmation-btn" data-pid="7521162" data-delay-time="3000" data-in-cart-msg="no carrinho" data-one-product-added="Adicionado ao carrinho" data-remove-from-cart-msg="Removido do carrinho" data-stay-open="6000.0" data-confirmation-image="{&quot;url&quot;:&quot;https://www.continente.pt/dw/image/v2/BDVS_PRD/on/demandware.static/-/Sites-col-master-catalog/default/dw7225e28b/images/col/752/7521162-frente.jpg?sw=87&amp;sh=80&quot;,&quot;fallbackimage&quot;:{&quot;url&quot;:&quot;https://www.continente.pt/dw/image/v2/BDVS_PRD/on/demandware.static/Sites-continente-Site/-/default/dw7c42b4da/images/noimagelarge_product.png?sw=87&amp;sh=80&quot;,&quot;title&quot;:&quot;Tortellini Fresco com Presunto e Tomate&quot;,&quot;alt&quot;:&quot;Tortellini Fresco com Presunto e Tomate&quot;},&quot;title&quot;:&quot;Tortellini Fresco com Presunto e Tomate&quot;,&quot;alt&quot;:&quot;Tortellini Fresco com Presunto e Tomate&quot;}"></div>
                    <div class="ct-tile-quantity-update quantity-update product-qty-vue" data-remove-action="https://www.continente.pt/on/demandware.store/Sites-continente-Site/default/Cart-RemoveProductLineItem" data-action="https://www.continente.pt/on/demandware.store/Sites-continente-Site/default/Cart-UpdateQuantity" data-dimension-update="https://www.continente.pt/on/demandware.store/Sites-continente-Site/default/Cart-DimensionUpdate" data-pid="7521162" data-uuid="df0f64a3e4e4d2e2238c42564c" data-add-delay="500.0" data-measure-options="{&quot;hasConversionRate&quot;:false,&quot;hasAlternativeSaleUnit&quot;:false,&quot;unitConversionRate&quot;:0,&quot;minOrderQuantity&quot;:1,&quot;stepQuantity&quot;:1,&quot;primaryunit&quot;:&quot;un&quot;,&quot;secondaryunit&quot;:&quot;kg&quot;,&quot;selectedunit&quot;:&quot;primary&quot;,&quot;maxNumberOfUnitsPerSale&quot;:50}" data-price-available="null" :data-has-error="isMaxQtyReached || isMinQtyReached || qtySelectedMoreThanOne">
                    <template v-show="prodUnits">
                    <div class="quantity-input-wrapper has-units">
                    <label class="visually-hidden" :for="'quantity-' + pid + additionalTag">
                    Quantidade no carrinho
                    </label>
                    <input :ref="'quantityInput-' + pid + additionalTag" class="add-to-cart-quantity form-control ct-form-input text-center" inputmode="numeric" :class="{'is-invalid': isInvalid}" :data-pid="pid + additionalTag" :name="'quantity-' + pid + additionalTag" type="text" aria-label="Insira a quantidade" title="" v-model="displayValue" @change="updateQuantity" @focus="updateQtyFormat" @blur="restoreQtyFormat" :disabled="!isPriceAvailable">
                    <span class="quantity-icon quantity-icon--minus">
                    <button class="decrease-quantity-btn" @click="updateQuantity" :disabled="!isPriceAvailable" role="button" aria-label="Reduzir quantidade">
                    <i class="css-math-minus"></i>
                    </button>
                    </span>
                    <span class="quantity-icon quantity-icon--plus">
                    <button class="increase-quantity-btn" @click="updateQuantity" :disabled="isMaxQtyReached || !isPriceAvailable" role="button" aria-label="Aumentar quantidade">
                    <i class="css-math-plus"></i>
                    </button>
                    <span class="quantity-btn-disabled-placeholder"></span>
                    </span>
                    <template v-if="isPDP">
                    <span class="quantity-error ct-span-error text-sm-center product-max-allocation" v-if="isMaxQtyReached">
                    Quantidade máxima atingida
                    </span>
                    <span class="quantity-error ct-span-product text-sm-center product-allocation" v-if="!isMinQtyReached &amp;&amp; !isMaxQtyReached">
                    {{quantitySelected}} no carrinho
                    </span>
                    <span class="quantity-error ct-span-error text-sm-center product-min-allocation" :data-pid="pid" v-if="isMinQtyReached &amp;&amp; !isMaxQtyReached">
                    Quantidade mínima atingida
                    </span>
                    </template>
                    </div>
                    <template v-if="showNotes">
                    <div class="add-note-link-container ">
                    <div class="add-note">
                    <a href="/produto/tortellini-fresco-com-presunto-e-tomate-rana-7521162.html?showNote=true" class="ct-add-note-redirect-pdp" aria-label="Adicionar comentário">
                    <span class="svg-wrapper svg-icon-notes" style="width:19px; height:20px">
                    <svg class="svg-inline icon-notes" viewBox="0 0 28 30" xmlns="http://www.w3.org/2000/svg" width="100%" height="100%"><path d="M21.738 0C22.985 0 24 1.04 24 2.319V12.47c0 .469-.37.848-.828.848-.457 0-.827-.38-.827-.848V2.32c0-.343-.273-.622-.607-.622H2.262c-.334 0-.607.279-.607.622V27.68c0 .343.273.622.607.622h7.81c.457 0 .827.38.827.849 0 .468-.37.848-.827.848h-7.81C1.015 30 0 28.96 0 27.681V2.32C0 1.04 1.015 0 2.262 0h19.476zm2.844 16.004l.227.007c.823.053 1.589.39 2.176.964.64.627.993 1.46.993 2.349 0 .888-.353 1.722-.993 2.348l-6.83 6.665c-.11.108-.247.186-.397.226l-5.032 1.363c-.078.021-.16.032-.241.032-.242 0-.478-.097-.647-.266-.23-.231-.314-.566-.218-.874l1.49-4.798c.044-.139.122-.266.227-.369l6.844-6.677c.64-.625 1.493-.97 2.401-.97zm-2.886 3.94l-4.922 4.802-.947 3.048 3.22-.872 4.897-4.78-2.248-2.197zm2.887-2.174c-.425 0-.824.162-1.124.455l-.484.472 2.248 2.197.484-.472c.62-.606.62-1.591 0-2.197l-.117-.104c-.283-.227-.636-.35-1.007-.35zm-10.839.022c.498 0 .904.396.904.883 0 .488-.406.884-.904.884H5.946c-.499 0-.904-.396-.904-.884 0-.487.405-.883.904-.883zm5.042-4.876c.498 0 .904.397.904.884s-.406.884-.904.884H5.946c-.499 0-.904-.397-.904-.884s.405-.884.904-.884zm0-4.875c.498 0 .904.396.904.884 0 .487-.406.883-.904.883H5.946c-.499 0-.904-.396-.904-.883 0-.488.405-.884.904-.884z" fill="#EB0203" fill-rule="evenodd"></path></svg>
                    </span>
                    <div class="available-note d-none"></div>
                    </a>
                    </div>
                    </div>
                    </template>
                    <div class="measurement-unit-section" v-if="isPriceAvailable &amp;&amp; prodUnits ? prodUnits.hasAlternativeUnit : false">
                    <div class="ct-form-radio" @click="setDimension">
                    <input type="radio" title="" class="ct-form-check-input product-measurement-unit" :data-type="prodUnits.selectedUnit == prodUnits.secondaryUnit ? 'primary' : ''" :id="prodUnits.secondaryUnit + '-' + pid + '-measurement-unit-ptile' + additionalTag" :name="'measurement-unit-' + pid + '-ptile' + additionalTag" :value="prodUnits.secondaryUnit" v-model="prodUnits.selectedUnit">
                    <label :class="prodUnits.secondaryUnit + '-label ct-form-check-label mb-0'" :for="prodUnits.secondaryUnit + '-' + pid + '-measurement-unit-ptile' + additionalTag">
                    {{prodUnits.secondaryUnit}}
                    </label>
                    <span class="checkmark"></span>
                    </div>
                    <div class="ct-form-radio" @click="setDimension">
                    <input type="radio" title="" class="ct-form-check-input product-measurement-unit" :data-type="prodUnits.selectedUnit == prodUnits.primaryUnit ? 'primary' : ''" :id="prodUnits.primaryUnit + '-' + pid + '-measurement-unit-ptile' + additionalTag" :name="'measurement-unit-' + pid + '-ptile' + additionalTag" :value="prodUnits.primaryUnit" v-model="prodUnits.selectedUnit">
                    <label :class="prodUnits.primaryUnit + '-label ct-form-check-label mb-0'" :for="prodUnits.primaryUnit + '-' + pid + '-measurement-unit-ptile' + additionalTag">
                    {{prodUnits.primaryUnit}}
                    </label>
                    <span class="checkmark"></span>
                    </div>
                    </div>
                    <template v-if="!isPDP &amp;&amp; isPriceAvailable">
                    <span class="quantity-error ct-span-error product-max-allocation" v-if="isMaxQtyReached">
                    Quantidade máxima atingida
                    </span>
                    <span class="quantity-error ct-span-product product-allocation" v-if="!isMinQtyReached &amp;&amp; !isMaxQtyReached">
                    {{quantitySelected}} no carrinho
                    </span>
                    <span class="quantity-error ct-span-error product-min-allocation" :data-pid="pid" v-if="isMinQtyReached &amp;&amp; !isMaxQtyReached">
                    Quantidade mínima atingida
                    </span>
                    </template>
                    </template>
                    </div>
                    <input class="quantity-value-mask d-none" name="quantity" type="number" min="0" value="">
                    </div>
                    <button type="button" class="add-to-cart button js-add-to-cart js-add-to-cart-tile 7521162 button--primary dynamic-layout-btn" data-toggle="modal" data-target="#chooseBonusProductModal" data-pid="7521162" data-quantity-value="null" aria-label="Carrinho">
                    <span class="d-block d-sm-none">
                    <span class="svg-wrapper svg-icon-cart" style="width:20px; height:20px">
                    <svg class="svg-inline icon-cart" xmlns="http://www.w3.org/2000/svg" viewBox="0 0 500 500" width="100%" height="100%"><path fill="#EB0203" fill-rule="evenodd" d="M 485.67317,94.386311 C 476.37798,83.847129 463.09468,78.03348 448.30404,78.03348 H 90.690813 L 87.079511,51.327997 C 83.185582,22.539551 62.962285,0 41.011841,0 H 14.727836 C 6.563151,0 0,6.5286975 0,14.580758 c 0,8.05206 6.5945535,14.580758 14.727836,14.580758 h 26.284005 c 4.710398,0 14.696435,9.855222 16.894619,26.021523 L 100.01739,368.0631 c 1.88416,13.77244 9.01256,26.70549 20.1605,36.37417 8.25889,7.15046 18.02511,11.9071 28.26237,13.89679 -4.17655,7.58572 -6.53175,16.25957 -6.53175,25.493 0,29.53459 24.27424,53.59751 54.13815,53.59751 29.8325,0 54.13814,-24.03184 54.13814,-53.59751 0,-8.79818 -2.19818,-17.09897 -5.9979,-24.43598 h 77.12488 c -3.79973,7.33701 -5.96652,15.6378 -5.96652,24.43598 0,29.53459 24.27424,53.59751 54.13817,53.59751 29.83249,0 54.13814,-24.03184 54.13814,-53.59751 0,-8.79818 -2.1982,-17.09897 -5.9979,-24.43598 h 38.56243 c 8.13328,0 14.72783,-6.5287 14.72783,-14.61183 0,-8.02098 -6.59455,-14.54967 -14.72783,-14.54967 H 159.24277 c -14.38241,0 -28.13677,-11.90711 -30.02092,-26.02153 l -3.07746,-22.88154 h 290.6314 c 14.03698,0 27.94834,-5.28513 39.06488,-14.95381 11.11652,-9.6376 18.27632,-22.57065 20.16048,-36.37417 l 21.10259,-156.78201 c 1.94694,-14.51858 -2.10398,-28.29103 -11.43057,-38.861299 z M 220.76053,443.82706 c 0,13.49265 -11.08513,24.46709 -24.68247,24.46709 -13.62874,0 -24.71387,-10.97444 -24.71387,-24.46709 0,-13.49262 11.08513,-24.43598 24.71387,-24.43598 13.59734,0 24.68247,10.94336 24.68247,24.43598 z m 173.43675,0 c 0,13.49265 -11.08512,24.46709 -24.68245,24.46709 -13.62876,0 -24.71388,-10.97444 -24.71388,-24.46709 0,-13.49262 11.08512,-24.43598 24.71388,-24.43598 13.59733,0 24.68245,10.94336 24.68245,24.43598 z m 73.7648,-314.46558 -21.13397,156.782 c -1.88416,14.11442 -15.63851,26.05261 -30.02091,26.05261 H 122.25046 L 94.616142,107.19499 H 448.33544 c 6.18632,0 11.61896,2.2695 15.23028,6.37326 3.64269,4.13484 5.21283,9.73086 4.39636,15.79323 z"></path></svg>
                    </span>
                    </span>
                    <span class="add-to-cart--text d-none d-sm-block">Carrinho</span>
                     </button>
                    </div>
                    </div>
                    </div>
                    </div>
                    
                    <div class="col-12 d-sm-none">
                    </div>
                    </div>
                    </div>
                    </div>
                    </div>
                    <div class="col-12 col-sm-3 col-lg-2 productTile" data-idx="24">
                    
                    <script type="text/javascript">//<!--
                    /* <![CDATA[ */
                    (function(){
                    try {
                        if(window.CQuotient) {
                        var cq_params = {};
                        
                        cq_params.cookieId = window.CQuotient.getCQCookieId();
                        cq_params.userId = window.CQuotient.getCQUserId();
                        cq_params.emailId = CQuotient.getCQHashedEmail();
                        cq_params.loginId = CQuotient.getCQHashedLogin();
                        cq_params.accumulate = true;
                        cq_params.products = [{
                            id: '6924794',
                            sku: ''
                        }];
                        cq_params.categoryId = 'refeicoes-faceis';
                        cq_params.refinements = '[{\"name\":\"priceMin\",\"value\":\"0.01\"},{\"name\":\"priceMax\",\"value\":\"null\"},{\"name\":\"curr\",\"value\":\"EUR\"},{\"name\":\"Category\",\"value\":\"refeicoes-faceis\"}]';
                        cq_params.personalized = 'false';
                        cq_params.sortingRule = 'FRESH-Refei\u00E7\u00F5es F\u00E1ceis';
                        cq_params.imageUUID = '__UNDEFINED__';
                        cq_params.realm = "BDVS";
                        cq_params.siteId = "continente";
                        cq_params.instanceType = "prd";
                        cq_params.queryLocale = "default";
                        cq_params.locale = window.CQuotient.locale;
                        
                        if(window.CQuotient.sendActivity)
                            window.CQuotient.sendActivity(CQuotient.clientId, 'viewCategory', cq_params);
                        else
                            window.CQuotient.activities.push({
                                activityType: 'viewCategory',
                                parameters: cq_params
                            });
                      }
                    } catch(err) {}
                    })();
                    /* ]]> */
                    // -->
                    </script>
                    <script type="text/javascript">//<!--
                    /* <![CDATA[ (viewCategoryProduct-active_data.js) */
                    (function(){
                    try {
                        if (dw.ac) {
                            var search_params = {};
                            search_params.persd = 'false';
                            search_params.refs = '[{\"name\":\"priceMin\",\"value\":\"0.01\"},{\"name\":\"priceMax\",\"value\":\"null\"},{\"name\":\"curr\",\"value\":\"EUR\"},{\"name\":\"Category\",\"value\":\"refeicoes-faceis\"}]';
                            search_params.sort = 'FRESH-Refei\u00E7\u00F5es F\u00E1ceis';
                            search_params.imageUUID = '';
                            search_params.searchID = 'adc2ebee-ded6-4d71-a833-c4f63de27d3e';
                            search_params.locale = 'default';
                            search_params.queryLocale = 'default';
                            search_params.showProducts = 'true';
                            dw.ac.applyContext({category: "refeicoes-faceis", searchData: search_params});
                            if (typeof dw.ac._scheduleDataSubmission === "function") {
                                dw.ac._scheduleDataSubmission();
                            }
                        }
                    } catch(err) {}
                    })();
                    /* ]]> */
                    // -->
                    </script>
                    <script type="text/javascript">//<!--
                    /* <![CDATA[ (viewProduct-active_data.js) */
                    dw.ac._capture({id: "6924794", type: "searchhit"});
                    /* ]]> */
                    // -->
                    </script>
                    <div class="product" data-pid="6924794">
                    <div class="product-tile pid-6924794 ct-product-tile data-layer-pushed" data-delay-time="3000" data-variants-mapping="[]" data-in-cart-msg="no carrinho" data-one-product-added="Adicionado ao carrinho" data-remove-from-cart-msg="Removido do carrinho" data-stay-open="6000.0" data-product-tile-impression="{&quot;name&quot;:&quot;6924794&quot;,&quot;id&quot;:&quot;6924794&quot;,&quot;price&quot;:1.29,&quot;brand&quot;:&quot;Autêntico&quot;,&quot;category&quot;:[{&quot;category_level_1&quot;:&quot;Bebidas e Garrafeira&quot;},{&quot;category_level_2&quot;:&quot;Sumos e Refrigerantes&quot;},{&quot;category_level_3&quot;:&quot;Sumos 100% Fruta&quot;}],&quot;variant&quot;:&quot;&quot;}">
                    <div class="ct-inner-tile-wrap row no-gutters justify-content-center align-content-start">
                    
                    <div class="ct-image-container col-4 col-sm" data-confirmation-image="{&quot;url&quot;:&quot;https://www.continente.pt/dw/image/v2/BDVS_PRD/on/demandware.static/-/Sites-col-master-catalog/default/dw943da569/images/col/692/6924794-hero.jpg?sw=87&amp;sh=80&quot;,&quot;fallbackimage&quot;:{&quot;url&quot;:&quot;https://www.continente.pt/dw/image/v2/BDVS_PRD/on/demandware.static/Sites-continente-Site/-/default/dw7c42b4da/images/noimagelarge_product.png?sw=87&amp;sh=80&quot;,&quot;title&quot;:&quot;Sumo Maçã&quot;,&quot;alt&quot;:&quot;Sumo Maçã&quot;},&quot;title&quot;:&quot;Sumo Maçã&quot;,&quot;alt&quot;:&quot;Sumo Maçã&quot;}">
                    <a href="https://www.continente.pt/produto/sumo-maca-autentico-6924794.html?cgid=refeicoes-faceis">
                    <picture class="intrinsic intrinsic--square">
                    <img class="ct-tile-image lazyloaded" loading="lazy" onerror="this.onerror=null;this.src='/on/demandware.static/Sites-continente-Site/-/default/dw7c42b4da/images/noimagelarge_product.png';" data-src="https://www.continente.pt/dw/image/v2/BDVS_PRD/on/demandware.static/-/Sites-col-master-catalog/default/dw943da569/images/col/692/6924794-hero.jpg?sw=280&amp;sh=280" alt="Sumo Maçã" title="Sumo Maçã" src="https://www.continente.pt/dw/image/v2/BDVS_PRD/on/demandware.static/-/Sites-col-master-catalog/default/dw943da569/images/col/692/6924794-hero.jpg?sw=280&amp;sh=280">
                    </picture>
                    </a>
                    <div class="color-swatches d-flex" style="margin-left: 5px;">
                    <div class="swatches d-flex">
                    </div>
                    </div>
                    </div>
                    <div class="ct-tile-body col col-sm-auto ">
                    <div class="ct-pdp-details">
                    <div class="ct-pdp-link">
                    <a class="ct-tile--description" href="https://www.continente.pt/produto/sumo-maca-autentico-6924794.html?cgid=refeicoes-faceis">Sumo Maçã</a>
                    <div class="ct-tile--favorite-top d-sm-none">
                    <button class="wishlist-toggler guest-mode inactive button button--tertiary" data-pid="6924794" data-add-url="https://www.continente.pt/on/demandware.store/Sites-continente-Site/default/Wishlist-AddProduct?pid=6924794" data-toggle="tooltip" aria-label="Adicionar aos favoritos " data-original-title="Adicionar aos favoritos" data-placement="top">
                    <svg class="active-content" width="100%" height="100%" viewBox="0 0 20 22" fill="none" xmlns="http://www.w3.org/2000/svg">
                    <path fill-rule="evenodd" clip-rule="evenodd" d="M0 1.53052C0 0.685236 0.692171 0 1.54601 0H15.0736C15.9274 0 16.6196 0.685235 16.6196 1.53052V13.4064L15.8127 13.922L14.2658 14.2658L12.7189 13.4064L10.6054 14.3818C10.4994 14.2451 10.3327 14.157 10.1452 14.157H6.76329C6.4431 14.157 6.18354 14.414 6.18354 14.731C6.18354 15.0479 6.4431 15.3049 6.76329 15.3049H10.1452C10.2478 15.3049 10.3441 15.2785 10.4277 15.2322L10.3126 16.8439L13.2345 20.2793H1.54601C0.69217 20.2793 0 19.5941 0 18.7488V1.53052ZM6.18354 5.5483C6.18354 5.23132 6.4431 4.97436 6.76329 4.97436H12.3676C12.6878 4.97436 12.9473 5.23132 12.9473 5.5483C12.9473 5.86528 12.6878 6.12224 12.3676 6.12224H6.76329C6.4431 6.12224 6.18354 5.86528 6.18354 5.5483ZM6.76329 11.0961C6.4431 11.0961 6.18354 11.3531 6.18354 11.6701C6.18354 11.987 6.4431 12.244 6.76329 12.244H12.3676C12.6878 12.244 12.9473 11.987 12.9473 11.6701C12.9473 11.3531 12.6878 11.0961 12.3676 11.0961H6.76329ZM6.18354 8.60985C6.18354 8.29287 6.4431 8.03591 6.76329 8.03591H12.3676C12.6878 8.03591 12.9473 8.29287 12.9473 8.60985C12.9473 8.92684 12.6878 9.1838 12.3676 9.1838H6.76329C6.4431 9.1838 6.18354 8.92684 6.18354 8.60985ZM3.67118 5.5483C3.67118 5.23132 3.93075 4.97436 4.25093 4.97436H4.63743C4.95762 4.97436 5.21719 5.23132 5.21719 5.5483C5.21719 5.86528 4.95762 6.12224 4.63743 6.12224H4.25093C3.93075 6.12224 3.67118 5.86528 3.67118 5.5483ZM4.25093 11.0961C3.93075 11.0961 3.67118 11.3531 3.67118 11.6701C3.67118 11.987 3.93075 12.244 4.25093 12.244H4.63743C4.95762 12.244 5.21719 11.987 5.21719 11.6701C5.21719 11.3531 4.95762 11.0961 4.63743 11.0961H4.25093ZM3.67118 8.60985C3.67118 8.29287 3.93075 8.03591 4.25093 8.03591H4.63743C4.95762 8.03591 5.21719 8.29287 5.21719 8.60985C5.21719 8.92684 4.95762 9.1838 4.63743 9.1838H4.25093C3.93075 9.1838 3.67118 8.92684 3.67118 8.60985ZM4.25093 14.157C3.93075 14.157 3.67118 14.414 3.67118 14.731C3.67118 15.0479 3.93075 15.3049 4.25093 15.3049H4.63743C4.95762 15.3049 5.21719 15.0479 5.21719 14.731C5.21719 14.414 4.95762 14.157 4.63743 14.157H4.25093Z" fill="#EB0203"></path>
                    <path fill-rule="evenodd" clip-rule="evenodd" d="M14.6252 13.6363C13.4918 12.6215 11.7817 12.5264 10.6569 13.4792C9.12421 14.7764 9.34841 16.8912 10.4409 18.0122L14.0159 21.6742C14.2197 21.8832 14.4928 22 14.7822 22C15.0737 22 15.3448 21.8852 15.5486 21.6762L19.1236 18.0142C20.214 16.8933 20.4423 14.7785 18.9075 13.4792C17.7827 12.5283 16.0724 12.6217 14.9391 13.6365C14.8855 13.6845 14.8331 13.7345 14.7822 13.7866C14.7313 13.7345 14.6789 13.6843 14.6252 13.6363ZM18.1546 14.3522C19.0973 15.1508 18.9962 16.4896 18.2891 17.2173C18.2888 17.2175 18.2886 17.2177 18.2884 17.218L14.7832 20.8084L11.2753 17.2151C11.2752 17.215 11.2751 17.2149 11.2749 17.2148C10.5677 16.4887 10.4678 15.1495 11.4104 14.3518L11.4108 14.3514C12.0745 13.7892 13.2018 13.82 13.9488 14.5846L14.7822 15.4378L15.6157 14.5846C16.3617 13.8211 17.4896 13.79 18.1545 14.3521" fill="#EB0203"></path>
                    </svg>
                    <svg class="inactive-content" width="100%" height="100%" viewBox="0 0 20 23" fill="none" xmlns="http://www.w3.org/2000/svg">
                    <path fill-rule="evenodd" clip-rule="evenodd" d="M6.18408 5.77914C6.18408 5.46223 6.44363 5.20532 6.7638 5.20532H12.3678C12.6879 5.20532 12.9475 5.46223 12.9475 5.77914C12.9475 6.09606 12.6879 6.35297 12.3678 6.35297H6.7638C6.44363 6.35297 6.18408 6.09606 6.18408 5.77914Z" fill="#EB0203"></path>
                    <path fill-rule="evenodd" clip-rule="evenodd" d="M6.18408 11.9034C6.18408 11.5865 6.44363 11.3296 6.7638 11.3296H12.3678C12.6879 11.3296 12.9475 11.5865 12.9475 11.9034C12.9475 12.2202 12.6879 12.4771 12.3678 12.4771H6.7638C6.44363 12.4771 6.18408 12.2202 6.18408 11.9034Z" fill="#EB0203"></path>
                    <path fill-rule="evenodd" clip-rule="evenodd" d="M6.18408 8.84116C6.18408 8.52424 6.44363 8.26733 6.7638 8.26733H12.3678C12.6879 8.26733 12.9475 8.52424 12.9475 8.84116C12.9475 9.15807 12.6879 9.41498 12.3678 9.41498H6.7638C6.44363 9.41498 6.18408 9.15807 6.18408 8.84116Z" fill="#EB0203"></path>
                    <path fill-rule="evenodd" clip-rule="evenodd" d="M6.18408 14.9655C6.18408 14.6486 6.44363 14.3917 6.7638 14.3917H10.1455C10.4657 14.3917 10.7252 14.6486 10.7252 14.9655C10.7252 15.2825 10.4657 15.5394 10.1455 15.5394H6.7638C6.44363 15.5394 6.18408 15.2825 6.18408 14.9655Z" fill="#EB0203"></path>
                    <path fill-rule="evenodd" clip-rule="evenodd" d="M3.67139 5.77914C3.67139 5.46223 3.93094 5.20532 4.25111 5.20532H4.63759C4.95776 5.20532 5.21731 5.46223 5.21731 5.77914C5.21731 6.09606 4.95776 6.35297 4.63759 6.35297H4.25111C3.93094 6.35297 3.67139 6.09606 3.67139 5.77914Z" fill="#EB0203"></path>
                    <path fill-rule="evenodd" clip-rule="evenodd" d="M3.67139 11.9034C3.67139 11.5865 3.93094 11.3296 4.25111 11.3296H4.63759C4.95776 11.3296 5.21731 11.5865 5.21731 11.9034C5.21731 12.2202 4.95776 12.4771 4.63759 12.4771H4.25111C3.93094 12.4771 3.67139 12.2202 3.67139 11.9034Z" fill="#EB0203"></path>
                    <path fill-rule="evenodd" clip-rule="evenodd" d="M3.67139 8.84116C3.67139 8.52424 3.93094 8.26733 4.25111 8.26733H4.63759C4.95776 8.26733 5.21731 8.52424 5.21731 8.84116C5.21731 9.15807 4.95776 9.41498 4.63759 9.41498H4.25111C3.93094 9.41498 3.67139 9.15807 3.67139 8.84116Z" fill="#EB0203"></path>
                    <path fill-rule="evenodd" clip-rule="evenodd" d="M3.67139 14.9655C3.67139 14.6486 3.93094 14.3917 4.25111 14.3917H4.63759C4.95776 14.3917 5.21731 14.6486 5.21731 14.9655C5.21731 15.2825 4.95776 15.5394 4.63759 15.5394H4.25111C3.93094 15.5394 3.67139 15.2825 3.67139 14.9655Z" fill="#EB0203"></path>
                    <path fill-rule="evenodd" clip-rule="evenodd" d="M0 1.76033C0 0.914738 0.692131 0.229248 1.54592 0.229248H15.0727C15.9265 0.229248 16.6186 0.914738 16.6186 1.76033V11.2818C16.6186 11.5989 16.3591 11.8559 16.0389 11.8559C15.7187 11.8559 15.4592 11.5989 15.4592 11.2818V1.76033C15.4592 1.54893 15.2862 1.37756 15.0727 1.37756H1.54592C1.33247 1.37756 1.15944 1.54893 1.15944 1.76033V18.985C1.15944 19.1964 1.33247 19.3678 1.54592 19.3678H9.27551C9.59568 19.3678 9.85523 19.6249 9.85523 19.942C9.85523 20.2591 9.59568 20.5161 9.27551 20.5161H1.54592C0.692131 20.5161 0 19.8306 0 18.985V1.76033Z" fill="#EB0203"></path>
                    <path fill-rule="evenodd" clip-rule="evenodd" d="M14.6254 13.8718C13.4921 12.8567 11.7821 12.7615 10.6574 13.7147C9.12472 15.0124 9.34891 17.128 10.4413 18.2493L14.0161 21.9126C14.2199 22.1217 14.493 22.2386 14.7824 22.2386C15.0739 22.2386 15.3449 22.1238 15.5487 21.9147L19.1235 18.2514C20.2139 17.13 20.4422 15.0144 18.9075 13.7147C17.7827 12.7634 16.0726 12.8569 14.9392 13.872C14.8856 13.92 14.8333 13.9701 14.7824 14.0222C14.7314 13.97 14.6791 13.9199 14.6254 13.8718ZM18.1546 14.588C19.0972 15.3869 18.9961 16.7262 18.2891 17.4541C18.2888 17.4543 18.2886 17.4546 18.2884 17.4548L14.7834 21.0466L11.2757 17.452C11.2756 17.4519 11.2755 17.4517 11.2753 17.4516C10.5681 16.7252 10.4682 15.3856 11.4108 14.5876L11.4112 14.5872C12.0748 14.0248 13.202 14.0556 13.949 14.8205L14.7824 15.674L15.6158 14.8205C16.3618 14.0567 17.4896 14.0256 18.1545 14.5879" fill="#EB0203"></path>
                    </svg>
                    </button>
                    </div>
                    </div>
                    <p class="ct-tile--brand">Autêntico</p>
                    <p class="ct-tile--quantity">emb. 75 cl</p>
                    </div>
                    <div class="ct-tile-bottom row no-gutters justify-content-between">
                    <div class="ct-price-wrap col-8 col-sm-12">
                    <div class="price js-product-price">
                    <div class="prices-wrapper">
                    <span class="sales ct-tile--price-primary ">
                    <span class="value" content="1.29">
                    <span class="ct-price-formatted">
                    €1,29
                    </span>
                    <span class="ct-m-unit">
                    /un
                    </span>
                    </span>
                    </span>
                    </div>
                    <div class="ct-tile--price-secondary">
                    <span class="ct-price-value">
                    €1,72
                    </span>
                    <span class="ct-m-unit">
                    /lt
                    </span>
                    </div>
                    </div>
                    </div>
                    <div class="ct-tile-buy-section d-flex justify-content-center no-gutters col-auto col-sm-12">
                    <div class="col-2 d-sm-flex d-none">
                    <button class="wishlist-toggler guest-mode inactive button button--tertiary" data-pid="6924794" data-add-url="https://www.continente.pt/on/demandware.store/Sites-continente-Site/default/Wishlist-AddProduct?pid=6924794" data-toggle="tooltip" aria-label="Adicionar aos favoritos " data-original-title="Adicionar aos favoritos" data-placement="top">
                    <svg class="active-content" width="100%" height="100%" viewBox="0 0 20 22" fill="none" xmlns="http://www.w3.org/2000/svg">
                    <path fill-rule="evenodd" clip-rule="evenodd" d="M0 1.53052C0 0.685236 0.692171 0 1.54601 0H15.0736C15.9274 0 16.6196 0.685235 16.6196 1.53052V13.4064L15.8127 13.922L14.2658 14.2658L12.7189 13.4064L10.6054 14.3818C10.4994 14.2451 10.3327 14.157 10.1452 14.157H6.76329C6.4431 14.157 6.18354 14.414 6.18354 14.731C6.18354 15.0479 6.4431 15.3049 6.76329 15.3049H10.1452C10.2478 15.3049 10.3441 15.2785 10.4277 15.2322L10.3126 16.8439L13.2345 20.2793H1.54601C0.69217 20.2793 0 19.5941 0 18.7488V1.53052ZM6.18354 5.5483C6.18354 5.23132 6.4431 4.97436 6.76329 4.97436H12.3676C12.6878 4.97436 12.9473 5.23132 12.9473 5.5483C12.9473 5.86528 12.6878 6.12224 12.3676 6.12224H6.76329C6.4431 6.12224 6.18354 5.86528 6.18354 5.5483ZM6.76329 11.0961C6.4431 11.0961 6.18354 11.3531 6.18354 11.6701C6.18354 11.987 6.4431 12.244 6.76329 12.244H12.3676C12.6878 12.244 12.9473 11.987 12.9473 11.6701C12.9473 11.3531 12.6878 11.0961 12.3676 11.0961H6.76329ZM6.18354 8.60985C6.18354 8.29287 6.4431 8.03591 6.76329 8.03591H12.3676C12.6878 8.03591 12.9473 8.29287 12.9473 8.60985C12.9473 8.92684 12.6878 9.1838 12.3676 9.1838H6.76329C6.4431 9.1838 6.18354 8.92684 6.18354 8.60985ZM3.67118 5.5483C3.67118 5.23132 3.93075 4.97436 4.25093 4.97436H4.63743C4.95762 4.97436 5.21719 5.23132 5.21719 5.5483C5.21719 5.86528 4.95762 6.12224 4.63743 6.12224H4.25093C3.93075 6.12224 3.67118 5.86528 3.67118 5.5483ZM4.25093 11.0961C3.93075 11.0961 3.67118 11.3531 3.67118 11.6701C3.67118 11.987 3.93075 12.244 4.25093 12.244H4.63743C4.95762 12.244 5.21719 11.987 5.21719 11.6701C5.21719 11.3531 4.95762 11.0961 4.63743 11.0961H4.25093ZM3.67118 8.60985C3.67118 8.29287 3.93075 8.03591 4.25093 8.03591H4.63743C4.95762 8.03591 5.21719 8.29287 5.21719 8.60985C5.21719 8.92684 4.95762 9.1838 4.63743 9.1838H4.25093C3.93075 9.1838 3.67118 8.92684 3.67118 8.60985ZM4.25093 14.157C3.93075 14.157 3.67118 14.414 3.67118 14.731C3.67118 15.0479 3.93075 15.3049 4.25093 15.3049H4.63743C4.95762 15.3049 5.21719 15.0479 5.21719 14.731C5.21719 14.414 4.95762 14.157 4.63743 14.157H4.25093Z" fill="#EB0203"></path>
                    <path fill-rule="evenodd" clip-rule="evenodd" d="M14.6252 13.6363C13.4918 12.6215 11.7817 12.5264 10.6569 13.4792C9.12421 14.7764 9.34841 16.8912 10.4409 18.0122L14.0159 21.6742C14.2197 21.8832 14.4928 22 14.7822 22C15.0737 22 15.3448 21.8852 15.5486 21.6762L19.1236 18.0142C20.214 16.8933 20.4423 14.7785 18.9075 13.4792C17.7827 12.5283 16.0724 12.6217 14.9391 13.6365C14.8855 13.6845 14.8331 13.7345 14.7822 13.7866C14.7313 13.7345 14.6789 13.6843 14.6252 13.6363ZM18.1546 14.3522C19.0973 15.1508 18.9962 16.4896 18.2891 17.2173C18.2888 17.2175 18.2886 17.2177 18.2884 17.218L14.7832 20.8084L11.2753 17.2151C11.2752 17.215 11.2751 17.2149 11.2749 17.2148C10.5677 16.4887 10.4678 15.1495 11.4104 14.3518L11.4108 14.3514C12.0745 13.7892 13.2018 13.82 13.9488 14.5846L14.7822 15.4378L15.6157 14.5846C16.3617 13.8211 17.4896 13.79 18.1545 14.3521" fill="#EB0203"></path>
                    </svg>
                    <svg class="inactive-content" width="100%" height="100%" viewBox="0 0 20 23" fill="none" xmlns="http://www.w3.org/2000/svg">
                    <path fill-rule="evenodd" clip-rule="evenodd" d="M6.18408 5.77914C6.18408 5.46223 6.44363 5.20532 6.7638 5.20532H12.3678C12.6879 5.20532 12.9475 5.46223 12.9475 5.77914C12.9475 6.09606 12.6879 6.35297 12.3678 6.35297H6.7638C6.44363 6.35297 6.18408 6.09606 6.18408 5.77914Z" fill="#EB0203"></path>
                    <path fill-rule="evenodd" clip-rule="evenodd" d="M6.18408 11.9034C6.18408 11.5865 6.44363 11.3296 6.7638 11.3296H12.3678C12.6879 11.3296 12.9475 11.5865 12.9475 11.9034C12.9475 12.2202 12.6879 12.4771 12.3678 12.4771H6.7638C6.44363 12.4771 6.18408 12.2202 6.18408 11.9034Z" fill="#EB0203"></path>
                    <path fill-rule="evenodd" clip-rule="evenodd" d="M6.18408 8.84116C6.18408 8.52424 6.44363 8.26733 6.7638 8.26733H12.3678C12.6879 8.26733 12.9475 8.52424 12.9475 8.84116C12.9475 9.15807 12.6879 9.41498 12.3678 9.41498H6.7638C6.44363 9.41498 6.18408 9.15807 6.18408 8.84116Z" fill="#EB0203"></path>
                    <path fill-rule="evenodd" clip-rule="evenodd" d="M6.18408 14.9655C6.18408 14.6486 6.44363 14.3917 6.7638 14.3917H10.1455C10.4657 14.3917 10.7252 14.6486 10.7252 14.9655C10.7252 15.2825 10.4657 15.5394 10.1455 15.5394H6.7638C6.44363 15.5394 6.18408 15.2825 6.18408 14.9655Z" fill="#EB0203"></path>
                    <path fill-rule="evenodd" clip-rule="evenodd" d="M3.67139 5.77914C3.67139 5.46223 3.93094 5.20532 4.25111 5.20532H4.63759C4.95776 5.20532 5.21731 5.46223 5.21731 5.77914C5.21731 6.09606 4.95776 6.35297 4.63759 6.35297H4.25111C3.93094 6.35297 3.67139 6.09606 3.67139 5.77914Z" fill="#EB0203"></path>
                    <path fill-rule="evenodd" clip-rule="evenodd" d="M3.67139 11.9034C3.67139 11.5865 3.93094 11.3296 4.25111 11.3296H4.63759C4.95776 11.3296 5.21731 11.5865 5.21731 11.9034C5.21731 12.2202 4.95776 12.4771 4.63759 12.4771H4.25111C3.93094 12.4771 3.67139 12.2202 3.67139 11.9034Z" fill="#EB0203"></path>
                    <path fill-rule="evenodd" clip-rule="evenodd" d="M3.67139 8.84116C3.67139 8.52424 3.93094 8.26733 4.25111 8.26733H4.63759C4.95776 8.26733 5.21731 8.52424 5.21731 8.84116C5.21731 9.15807 4.95776 9.41498 4.63759 9.41498H4.25111C3.93094 9.41498 3.67139 9.15807 3.67139 8.84116Z" fill="#EB0203"></path>
                    <path fill-rule="evenodd" clip-rule="evenodd" d="M3.67139 14.9655C3.67139 14.6486 3.93094 14.3917 4.25111 14.3917H4.63759C4.95776 14.3917 5.21731 14.6486 5.21731 14.9655C5.21731 15.2825 4.95776 15.5394 4.63759 15.5394H4.25111C3.93094 15.5394 3.67139 15.2825 3.67139 14.9655Z" fill="#EB0203"></path>
                    <path fill-rule="evenodd" clip-rule="evenodd" d="M0 1.76033C0 0.914738 0.692131 0.229248 1.54592 0.229248H15.0727C15.9265 0.229248 16.6186 0.914738 16.6186 1.76033V11.2818C16.6186 11.5989 16.3591 11.8559 16.0389 11.8559C15.7187 11.8559 15.4592 11.5989 15.4592 11.2818V1.76033C15.4592 1.54893 15.2862 1.37756 15.0727 1.37756H1.54592C1.33247 1.37756 1.15944 1.54893 1.15944 1.76033V18.985C1.15944 19.1964 1.33247 19.3678 1.54592 19.3678H9.27551C9.59568 19.3678 9.85523 19.6249 9.85523 19.942C9.85523 20.2591 9.59568 20.5161 9.27551 20.5161H1.54592C0.692131 20.5161 0 19.8306 0 18.985V1.76033Z" fill="#EB0203"></path>
                    <path fill-rule="evenodd" clip-rule="evenodd" d="M14.6254 13.8718C13.4921 12.8567 11.7821 12.7615 10.6574 13.7147C9.12472 15.0124 9.34891 17.128 10.4413 18.2493L14.0161 21.9126C14.2199 22.1217 14.493 22.2386 14.7824 22.2386C15.0739 22.2386 15.3449 22.1238 15.5487 21.9147L19.1235 18.2514C20.2139 17.13 20.4422 15.0144 18.9075 13.7147C17.7827 12.7634 16.0726 12.8569 14.9392 13.872C14.8856 13.92 14.8333 13.9701 14.7824 14.0222C14.7314 13.97 14.6791 13.9199 14.6254 13.8718ZM18.1546 14.588C19.0972 15.3869 18.9961 16.7262 18.2891 17.4541C18.2888 17.4543 18.2886 17.4546 18.2884 17.4548L14.7834 21.0466L11.2757 17.452C11.2756 17.4519 11.2755 17.4517 11.2753 17.4516C10.5681 16.7252 10.4682 15.3856 11.4108 14.5876L11.4112 14.5872C12.0748 14.0248 13.202 14.0556 13.949 14.8205L14.7824 15.674L15.6158 14.8205C16.3618 14.0567 17.4896 14.0256 18.1545 14.5879" fill="#EB0203"></path>
                    </svg>
                    </button>
                    </div>
                    <div class="col-sm-10 col-12">
                    <div class="ct-tile-quantity d-none" data-pid="6924794">
                    <input type="hidden" class="add-to-cart-url" value="https://www.continente.pt/on/demandware.store/Sites-continente-Site/default/Cart-AddProduct">
                    <div class="d-none tile-delete-confirmation-btn" data-pid="6924794" data-delay-time="3000" data-in-cart-msg="no carrinho" data-one-product-added="Adicionado ao carrinho" data-remove-from-cart-msg="Removido do carrinho" data-stay-open="6000.0" data-confirmation-image="{&quot;url&quot;:&quot;https://www.continente.pt/dw/image/v2/BDVS_PRD/on/demandware.static/-/Sites-col-master-catalog/default/dw943da569/images/col/692/6924794-hero.jpg?sw=87&amp;sh=80&quot;,&quot;fallbackimage&quot;:{&quot;url&quot;:&quot;https://www.continente.pt/dw/image/v2/BDVS_PRD/on/demandware.static/Sites-continente-Site/-/default/dw7c42b4da/images/noimagelarge_product.png?sw=87&amp;sh=80&quot;,&quot;title&quot;:&quot;Sumo Maçã&quot;,&quot;alt&quot;:&quot;Sumo Maçã&quot;},&quot;title&quot;:&quot;Sumo Maçã&quot;,&quot;alt&quot;:&quot;Sumo Maçã&quot;}"></div>
                    <div class="ct-tile-quantity-update quantity-update product-qty-vue" data-remove-action="https://www.continente.pt/on/demandware.store/Sites-continente-Site/default/Cart-RemoveProductLineItem" data-action="https://www.continente.pt/on/demandware.store/Sites-continente-Site/default/Cart-UpdateQuantity" data-dimension-update="https://www.continente.pt/on/demandware.store/Sites-continente-Site/default/Cart-DimensionUpdate" data-pid="6924794" data-uuid="ebb200af7c8822f082f03f2ea3" data-add-delay="500.0" data-measure-options="{&quot;hasConversionRate&quot;:false,&quot;hasAlternativeSaleUnit&quot;:false,&quot;unitConversionRate&quot;:0,&quot;minOrderQuantity&quot;:1,&quot;stepQuantity&quot;:1,&quot;primaryunit&quot;:&quot;un&quot;,&quot;secondaryunit&quot;:&quot;lt&quot;,&quot;selectedunit&quot;:&quot;primary&quot;,&quot;maxNumberOfUnitsPerSale&quot;:65}" data-price-available="null" :data-has-error="isMaxQtyReached || isMinQtyReached || qtySelectedMoreThanOne">
                    <template v-show="prodUnits">
                    <div class="quantity-input-wrapper has-units">
                    <label class="visually-hidden" :for="'quantity-' + pid + additionalTag">
                    Quantidade no carrinho
                    </label>
                    <input :ref="'quantityInput-' + pid + additionalTag" class="add-to-cart-quantity form-control ct-form-input text-center" inputmode="numeric" :class="{'is-invalid': isInvalid}" :data-pid="pid + additionalTag" :name="'quantity-' + pid + additionalTag" type="text" aria-label="Insira a quantidade" title="" v-model="displayValue" @change="updateQuantity" @focus="updateQtyFormat" @blur="restoreQtyFormat" :disabled="!isPriceAvailable">
                    <span class="quantity-icon quantity-icon--minus">
                    <button class="decrease-quantity-btn" @click="updateQuantity" :disabled="!isPriceAvailable" role="button" aria-label="Reduzir quantidade">
                    <i class="css-math-minus"></i>
                    </button>
                    </span>
                    <span class="quantity-icon quantity-icon--plus">
                    <button class="increase-quantity-btn" @click="updateQuantity" :disabled="isMaxQtyReached || !isPriceAvailable" role="button" aria-label="Aumentar quantidade">
                    <i class="css-math-plus"></i>
                    </button>
                    <span class="quantity-btn-disabled-placeholder"></span>
                    </span>
                    <template v-if="isPDP">
                    <span class="quantity-error ct-span-error text-sm-center product-max-allocation" v-if="isMaxQtyReached">
                    Quantidade máxima atingida
                    </span>
                    <span class="quantity-error ct-span-product text-sm-center product-allocation" v-if="!isMinQtyReached &amp;&amp; !isMaxQtyReached">
                    {{quantitySelected}} no carrinho
                    </span>
                    <span class="quantity-error ct-span-error text-sm-center product-min-allocation" :data-pid="pid" v-if="isMinQtyReached &amp;&amp; !isMaxQtyReached">
                    Quantidade mínima atingida
                    </span>
                    </template>
                    </div>
                    <template v-if="showNotes">
                    <div class="add-note-link-container ">
                    <div class="add-note">
                    <a href="/produto/sumo-maca-autentico-6924794.html?showNote=true" class="ct-add-note-redirect-pdp" aria-label="Adicionar comentário">
                    <span class="svg-wrapper svg-icon-notes" style="width:19px; height:20px">
                    <svg class="svg-inline icon-notes" viewBox="0 0 28 30" xmlns="http://www.w3.org/2000/svg" width="100%" height="100%"><path d="M21.738 0C22.985 0 24 1.04 24 2.319V12.47c0 .469-.37.848-.828.848-.457 0-.827-.38-.827-.848V2.32c0-.343-.273-.622-.607-.622H2.262c-.334 0-.607.279-.607.622V27.68c0 .343.273.622.607.622h7.81c.457 0 .827.38.827.849 0 .468-.37.848-.827.848h-7.81C1.015 30 0 28.96 0 27.681V2.32C0 1.04 1.015 0 2.262 0h19.476zm2.844 16.004l.227.007c.823.053 1.589.39 2.176.964.64.627.993 1.46.993 2.349 0 .888-.353 1.722-.993 2.348l-6.83 6.665c-.11.108-.247.186-.397.226l-5.032 1.363c-.078.021-.16.032-.241.032-.242 0-.478-.097-.647-.266-.23-.231-.314-.566-.218-.874l1.49-4.798c.044-.139.122-.266.227-.369l6.844-6.677c.64-.625 1.493-.97 2.401-.97zm-2.886 3.94l-4.922 4.802-.947 3.048 3.22-.872 4.897-4.78-2.248-2.197zm2.887-2.174c-.425 0-.824.162-1.124.455l-.484.472 2.248 2.197.484-.472c.62-.606.62-1.591 0-2.197l-.117-.104c-.283-.227-.636-.35-1.007-.35zm-10.839.022c.498 0 .904.396.904.883 0 .488-.406.884-.904.884H5.946c-.499 0-.904-.396-.904-.884 0-.487.405-.883.904-.883zm5.042-4.876c.498 0 .904.397.904.884s-.406.884-.904.884H5.946c-.499 0-.904-.397-.904-.884s.405-.884.904-.884zm0-4.875c.498 0 .904.396.904.884 0 .487-.406.883-.904.883H5.946c-.499 0-.904-.396-.904-.883 0-.488.405-.884.904-.884z" fill="#EB0203" fill-rule="evenodd"></path></svg>
                    </span>
                    <div class="available-note d-none"></div>
                    </a>
                    </div>
                    </div>
                    </template>
                    <div class="measurement-unit-section" v-if="isPriceAvailable &amp;&amp; prodUnits ? prodUnits.hasAlternativeUnit : false">
                    <div class="ct-form-radio" @click="setDimension">
                    <input type="radio" title="" class="ct-form-check-input product-measurement-unit" :data-type="prodUnits.selectedUnit == prodUnits.secondaryUnit ? 'primary' : ''" :id="prodUnits.secondaryUnit + '-' + pid + '-measurement-unit-ptile' + additionalTag" :name="'measurement-unit-' + pid + '-ptile' + additionalTag" :value="prodUnits.secondaryUnit" v-model="prodUnits.selectedUnit">
                    <label :class="prodUnits.secondaryUnit + '-label ct-form-check-label mb-0'" :for="prodUnits.secondaryUnit + '-' + pid + '-measurement-unit-ptile' + additionalTag">
                    {{prodUnits.secondaryUnit}}
                    </label>
                    <span class="checkmark"></span>
                    </div>
                    <div class="ct-form-radio" @click="setDimension">
                    <input type="radio" title="" class="ct-form-check-input product-measurement-unit" :data-type="prodUnits.selectedUnit == prodUnits.primaryUnit ? 'primary' : ''" :id="prodUnits.primaryUnit + '-' + pid + '-measurement-unit-ptile' + additionalTag" :name="'measurement-unit-' + pid + '-ptile' + additionalTag" :value="prodUnits.primaryUnit" v-model="prodUnits.selectedUnit">
                    <label :class="prodUnits.primaryUnit + '-label ct-form-check-label mb-0'" :for="prodUnits.primaryUnit + '-' + pid + '-measurement-unit-ptile' + additionalTag">
                    {{prodUnits.primaryUnit}}
                    </label>
                    <span class="checkmark"></span>
                    </div>
                    </div>
                    <template v-if="!isPDP &amp;&amp; isPriceAvailable">
                    <span class="quantity-error ct-span-error product-max-allocation" v-if="isMaxQtyReached">
                    Quantidade máxima atingida
                    </span>
                    <span class="quantity-error ct-span-product product-allocation" v-if="!isMinQtyReached &amp;&amp; !isMaxQtyReached">
                    {{quantitySelected}} no carrinho
                    </span>
                    <span class="quantity-error ct-span-error product-min-allocation" :data-pid="pid" v-if="isMinQtyReached &amp;&amp; !isMaxQtyReached">
                    Quantidade mínima atingida
                    </span>
                    </template>
                    </template>
                    </div>
                    <input class="quantity-value-mask d-none" name="quantity" type="number" min="0" value="">
                    </div>
                    <button type="button" class="add-to-cart button js-add-to-cart js-add-to-cart-tile 6924794 button--primary dynamic-layout-btn" data-toggle="modal" data-target="#chooseBonusProductModal" data-pid="6924794" data-quantity-value="null" aria-label="Carrinho">
                    <span class="d-block d-sm-none">
                    <span class="svg-wrapper svg-icon-cart" style="width:20px; height:20px">
                    <svg class="svg-inline icon-cart" xmlns="http://www.w3.org/2000/svg" viewBox="0 0 500 500" width="100%" height="100%"><path fill="#EB0203" fill-rule="evenodd" d="M 485.67317,94.386311 C 476.37798,83.847129 463.09468,78.03348 448.30404,78.03348 H 90.690813 L 87.079511,51.327997 C 83.185582,22.539551 62.962285,0 41.011841,0 H 14.727836 C 6.563151,0 0,6.5286975 0,14.580758 c 0,8.05206 6.5945535,14.580758 14.727836,14.580758 h 26.284005 c 4.710398,0 14.696435,9.855222 16.894619,26.021523 L 100.01739,368.0631 c 1.88416,13.77244 9.01256,26.70549 20.1605,36.37417 8.25889,7.15046 18.02511,11.9071 28.26237,13.89679 -4.17655,7.58572 -6.53175,16.25957 -6.53175,25.493 0,29.53459 24.27424,53.59751 54.13815,53.59751 29.8325,0 54.13814,-24.03184 54.13814,-53.59751 0,-8.79818 -2.19818,-17.09897 -5.9979,-24.43598 h 77.12488 c -3.79973,7.33701 -5.96652,15.6378 -5.96652,24.43598 0,29.53459 24.27424,53.59751 54.13817,53.59751 29.83249,0 54.13814,-24.03184 54.13814,-53.59751 0,-8.79818 -2.1982,-17.09897 -5.9979,-24.43598 h 38.56243 c 8.13328,0 14.72783,-6.5287 14.72783,-14.61183 0,-8.02098 -6.59455,-14.54967 -14.72783,-14.54967 H 159.24277 c -14.38241,0 -28.13677,-11.90711 -30.02092,-26.02153 l -3.07746,-22.88154 h 290.6314 c 14.03698,0 27.94834,-5.28513 39.06488,-14.95381 11.11652,-9.6376 18.27632,-22.57065 20.16048,-36.37417 l 21.10259,-156.78201 c 1.94694,-14.51858 -2.10398,-28.29103 -11.43057,-38.861299 z M 220.76053,443.82706 c 0,13.49265 -11.08513,24.46709 -24.68247,24.46709 -13.62874,0 -24.71387,-10.97444 -24.71387,-24.46709 0,-13.49262 11.08513,-24.43598 24.71387,-24.43598 13.59734,0 24.68247,10.94336 24.68247,24.43598 z m 173.43675,0 c 0,13.49265 -11.08512,24.46709 -24.68245,24.46709 -13.62876,0 -24.71388,-10.97444 -24.71388,-24.46709 0,-13.49262 11.08512,-24.43598 24.71388,-24.43598 13.59733,0 24.68245,10.94336 24.68245,24.43598 z m 73.7648,-314.46558 -21.13397,156.782 c -1.88416,14.11442 -15.63851,26.05261 -30.02091,26.05261 H 122.25046 L 94.616142,107.19499 H 448.33544 c 6.18632,0 11.61896,2.2695 15.23028,6.37326 3.64269,4.13484 5.21283,9.73086 4.39636,15.79323 z"></path></svg>
                    </span>
                    </span>
                    <span class="add-to-cart--text d-none d-sm-block">Carrinho</span>
                    </button>
                    </div>
                    </div>
                    </div>
                    </div>
                    
                    <div class="col-12 d-sm-none">
                    </div>
                    </div>
                    </div>
                    </div>
                    </div>
                    <div class="col-12 col-sm-3 col-lg-2 productTile" data-idx="25">
                    
                    <script type="text/javascript">//<!--
                    /* <![CDATA[ */
                    (function(){
                    try {
                        if(window.CQuotient) {
                        var cq_params = {};
                        
                        cq_params.cookieId = window.CQuotient.getCQCookieId();
                        cq_params.userId = window.CQuotient.getCQUserId();
                        cq_params.emailId = CQuotient.getCQHashedEmail();
                        cq_params.loginId = CQuotient.getCQHashedLogin();
                        cq_params.accumulate = true;
                        cq_params.products = [{
                            id: '5060909',
                            sku: ''
                        }];
                        cq_params.categoryId = 'refeicoes-faceis';
                        cq_params.refinements = '[{\"name\":\"priceMin\",\"value\":\"0.01\"},{\"name\":\"priceMax\",\"value\":\"null\"},{\"name\":\"curr\",\"value\":\"EUR\"},{\"name\":\"Category\",\"value\":\"refeicoes-faceis\"}]';
                        cq_params.personalized = 'false';
                        cq_params.sortingRule = 'FRESH-Refei\u00E7\u00F5es F\u00E1ceis';
                        cq_params.imageUUID = '__UNDEFINED__';
                        cq_params.realm = "BDVS";
                        cq_params.siteId = "continente";
                        cq_params.instanceType = "prd";
                        cq_params.queryLocale = "default";
                        cq_params.locale = window.CQuotient.locale;
                        
                        if(window.CQuotient.sendActivity)
                            window.CQuotient.sendActivity(CQuotient.clientId, 'viewCategory', cq_params);
                        else
                            window.CQuotient.activities.push({
                                activityType: 'viewCategory',
                                parameters: cq_params
                            });
                      }
                    } catch(err) {}
                    })();
                    /* ]]> */
                    // -->
                    </script>
                    <script type="text/javascript">//<!--
                    /* <![CDATA[ (viewCategoryProduct-active_data.js) */
                    (function(){
                    try {
                        if (dw.ac) {
                            var search_params = {};
                            search_params.persd = 'false';
                            search_params.refs = '[{\"name\":\"priceMin\",\"value\":\"0.01\"},{\"name\":\"priceMax\",\"value\":\"null\"},{\"name\":\"curr\",\"value\":\"EUR\"},{\"name\":\"Category\",\"value\":\"refeicoes-faceis\"}]';
                            search_params.sort = 'FRESH-Refei\u00E7\u00F5es F\u00E1ceis';
                            search_params.imageUUID = '';
                            search_params.searchID = 'adc2ebee-ded6-4d71-a833-c4f63de27d3e';
                            search_params.locale = 'default';
                            search_params.queryLocale = 'default';
                            search_params.showProducts = 'true';
                            dw.ac.applyContext({category: "refeicoes-faceis", searchData: search_params});
                            if (typeof dw.ac._scheduleDataSubmission === "function") {
                                dw.ac._scheduleDataSubmission();
                            }
                        }
                    } catch(err) {}
                    })();
                    /* ]]> */
                    // -->
                    </script>
                    <script type="text/javascript">//<!--
                    /* <![CDATA[ (viewProduct-active_data.js) */
                    dw.ac._capture({id: "5060909", type: "searchhit"});
                    /* ]]> */
                    // -->
                    </script>
                    <div class="product" data-pid="5060909">
                    <div class="product-tile pid-5060909 ct-product-tile data-layer-pushed" data-delay-time="3000" data-variants-mapping="[]" data-in-cart-msg="no carrinho" data-one-product-added="Adicionado ao carrinho" data-remove-from-cart-msg="Removido do carrinho" data-stay-open="6000.0" data-product-tile-impression="{&quot;name&quot;:&quot;5060909&quot;,&quot;id&quot;:&quot;5060909&quot;,&quot;price&quot;:3.29,&quot;brand&quot;:&quot;Rana&quot;,&quot;category&quot;:[{&quot;category_level_1&quot;:&quot;Take-Away&quot;},{&quot;category_level_2&quot;:&quot;Massas Frescas e Noodles&quot;},{&quot;category_level_3&quot;:&quot;Massas Simples e Recheadas&quot;}],&quot;variant&quot;:&quot;&quot;}">
                    <div class="ct-inner-tile-wrap row no-gutters justify-content-center align-content-start">
                    
                    <div class="ct-image-container col-4 col-sm" data-confirmation-image="{&quot;url&quot;:&quot;https://www.continente.pt/dw/image/v2/BDVS_PRD/on/demandware.static/-/Sites-col-master-catalog/default/dw494b3803/images/col/506/5060909-frente.jpg?sw=87&amp;sh=80&quot;,&quot;fallbackimage&quot;:{&quot;url&quot;:&quot;https://www.continente.pt/dw/image/v2/BDVS_PRD/on/demandware.static/Sites-continente-Site/-/default/dw7c42b4da/images/noimagelarge_product.png?sw=87&amp;sh=80&quot;,&quot;title&quot;:&quot;Tortellini Fresco de 4 Queijos&quot;,&quot;alt&quot;:&quot;Tortellini Fresco de 4 Queijos&quot;},&quot;title&quot;:&quot;Tortellini Fresco de 4 Queijos&quot;,&quot;alt&quot;:&quot;Tortellini Fresco de 4 Queijos&quot;}">
                    <a href="https://www.continente.pt/produto/tortellini-fresco-de-4-queijos-rana-5060909.html?cgid=refeicoes-faceis">
                    <picture class="intrinsic intrinsic--square">
                    <img class="ct-tile-image lazyloaded" loading="lazy" onerror="this.onerror=null;this.src='/on/demandware.static/Sites-continente-Site/-/default/dw7c42b4da/images/noimagelarge_product.png';" data-src="https://www.continente.pt/dw/image/v2/BDVS_PRD/on/demandware.static/-/Sites-col-master-catalog/default/dw494b3803/images/col/506/5060909-frente.jpg?sw=280&amp;sh=280" alt="Tortellini Fresco de 4 Queijos" title="Tortellini Fresco de 4 Queijos" src="https://www.continente.pt/dw/image/v2/BDVS_PRD/on/demandware.static/-/Sites-col-master-catalog/default/dw494b3803/images/col/506/5060909-frente.jpg?sw=280&amp;sh=280">
                    </picture>
                    </a>
                    <div class="color-swatches d-flex" style="margin-left: 5px;">
                    <div class="swatches d-flex">
                    </div>
                    </div>
                    </div>
                    <div class="ct-tile-body col col-sm-auto ">
                    <div class="ct-pdp-details">
                    <div class="ct-pdp-link">
                    <a class="ct-tile--description" href="https://www.continente.pt/produto/tortellini-fresco-de-4-queijos-rana-5060909.html?cgid=refeicoes-faceis">Tortellini Fresco de 4 Queijos</a>
                    <div class="ct-tile--favorite-top d-sm-none">
                    <button class="wishlist-toggler guest-mode inactive button button--tertiary" data-pid="5060909" data-add-url="https://www.continente.pt/on/demandware.store/Sites-continente-Site/default/Wishlist-AddProduct?pid=5060909" data-toggle="tooltip" aria-label="Adicionar aos favoritos " data-original-title="Adicionar aos favoritos" data-placement="top">
                    <svg class="active-content" width="100%" height="100%" viewBox="0 0 20 22" fill="none" xmlns="http://www.w3.org/2000/svg">
                    <path fill-rule="evenodd" clip-rule="evenodd" d="M0 1.53052C0 0.685236 0.692171 0 1.54601 0H15.0736C15.9274 0 16.6196 0.685235 16.6196 1.53052V13.4064L15.8127 13.922L14.2658 14.2658L12.7189 13.4064L10.6054 14.3818C10.4994 14.2451 10.3327 14.157 10.1452 14.157H6.76329C6.4431 14.157 6.18354 14.414 6.18354 14.731C6.18354 15.0479 6.4431 15.3049 6.76329 15.3049H10.1452C10.2478 15.3049 10.3441 15.2785 10.4277 15.2322L10.3126 16.8439L13.2345 20.2793H1.54601C0.69217 20.2793 0 19.5941 0 18.7488V1.53052ZM6.18354 5.5483C6.18354 5.23132 6.4431 4.97436 6.76329 4.97436H12.3676C12.6878 4.97436 12.9473 5.23132 12.9473 5.5483C12.9473 5.86528 12.6878 6.12224 12.3676 6.12224H6.76329C6.4431 6.12224 6.18354 5.86528 6.18354 5.5483ZM6.76329 11.0961C6.4431 11.0961 6.18354 11.3531 6.18354 11.6701C6.18354 11.987 6.4431 12.244 6.76329 12.244H12.3676C12.6878 12.244 12.9473 11.987 12.9473 11.6701C12.9473 11.3531 12.6878 11.0961 12.3676 11.0961H6.76329ZM6.18354 8.60985C6.18354 8.29287 6.4431 8.03591 6.76329 8.03591H12.3676C12.6878 8.03591 12.9473 8.29287 12.9473 8.60985C12.9473 8.92684 12.6878 9.1838 12.3676 9.1838H6.76329C6.4431 9.1838 6.18354 8.92684 6.18354 8.60985ZM3.67118 5.5483C3.67118 5.23132 3.93075 4.97436 4.25093 4.97436H4.63743C4.95762 4.97436 5.21719 5.23132 5.21719 5.5483C5.21719 5.86528 4.95762 6.12224 4.63743 6.12224H4.25093C3.93075 6.12224 3.67118 5.86528 3.67118 5.5483ZM4.25093 11.0961C3.93075 11.0961 3.67118 11.3531 3.67118 11.6701C3.67118 11.987 3.93075 12.244 4.25093 12.244H4.63743C4.95762 12.244 5.21719 11.987 5.21719 11.6701C5.21719 11.3531 4.95762 11.0961 4.63743 11.0961H4.25093ZM3.67118 8.60985C3.67118 8.29287 3.93075 8.03591 4.25093 8.03591H4.63743C4.95762 8.03591 5.21719 8.29287 5.21719 8.60985C5.21719 8.92684 4.95762 9.1838 4.63743 9.1838H4.25093C3.93075 9.1838 3.67118 8.92684 3.67118 8.60985ZM4.25093 14.157C3.93075 14.157 3.67118 14.414 3.67118 14.731C3.67118 15.0479 3.93075 15.3049 4.25093 15.3049H4.63743C4.95762 15.3049 5.21719 15.0479 5.21719 14.731C5.21719 14.414 4.95762 14.157 4.63743 14.157H4.25093Z" fill="#EB0203"></path>
                    <path fill-rule="evenodd" clip-rule="evenodd" d="M14.6252 13.6363C13.4918 12.6215 11.7817 12.5264 10.6569 13.4792C9.12421 14.7764 9.34841 16.8912 10.4409 18.0122L14.0159 21.6742C14.2197 21.8832 14.4928 22 14.7822 22C15.0737 22 15.3448 21.8852 15.5486 21.6762L19.1236 18.0142C20.214 16.8933 20.4423 14.7785 18.9075 13.4792C17.7827 12.5283 16.0724 12.6217 14.9391 13.6365C14.8855 13.6845 14.8331 13.7345 14.7822 13.7866C14.7313 13.7345 14.6789 13.6843 14.6252 13.6363ZM18.1546 14.3522C19.0973 15.1508 18.9962 16.4896 18.2891 17.2173C18.2888 17.2175 18.2886 17.2177 18.2884 17.218L14.7832 20.8084L11.2753 17.2151C11.2752 17.215 11.2751 17.2149 11.2749 17.2148C10.5677 16.4887 10.4678 15.1495 11.4104 14.3518L11.4108 14.3514C12.0745 13.7892 13.2018 13.82 13.9488 14.5846L14.7822 15.4378L15.6157 14.5846C16.3617 13.8211 17.4896 13.79 18.1545 14.3521" fill="#EB0203"></path>
                    </svg>
                    <svg class="inactive-content" width="100%" height="100%" viewBox="0 0 20 23" fill="none" xmlns="http://www.w3.org/2000/svg">
                    <path fill-rule="evenodd" clip-rule="evenodd" d="M6.18408 5.77914C6.18408 5.46223 6.44363 5.20532 6.7638 5.20532H12.3678C12.6879 5.20532 12.9475 5.46223 12.9475 5.77914C12.9475 6.09606 12.6879 6.35297 12.3678 6.35297H6.7638C6.44363 6.35297 6.18408 6.09606 6.18408 5.77914Z" fill="#EB0203"></path>
                    <path fill-rule="evenodd" clip-rule="evenodd" d="M6.18408 11.9034C6.18408 11.5865 6.44363 11.3296 6.7638 11.3296H12.3678C12.6879 11.3296 12.9475 11.5865 12.9475 11.9034C12.9475 12.2202 12.6879 12.4771 12.3678 12.4771H6.7638C6.44363 12.4771 6.18408 12.2202 6.18408 11.9034Z" fill="#EB0203"></path>
                    <path fill-rule="evenodd" clip-rule="evenodd" d="M6.18408 8.84116C6.18408 8.52424 6.44363 8.26733 6.7638 8.26733H12.3678C12.6879 8.26733 12.9475 8.52424 12.9475 8.84116C12.9475 9.15807 12.6879 9.41498 12.3678 9.41498H6.7638C6.44363 9.41498 6.18408 9.15807 6.18408 8.84116Z" fill="#EB0203"></path>
                    <path fill-rule="evenodd" clip-rule="evenodd" d="M6.18408 14.9655C6.18408 14.6486 6.44363 14.3917 6.7638 14.3917H10.1455C10.4657 14.3917 10.7252 14.6486 10.7252 14.9655C10.7252 15.2825 10.4657 15.5394 10.1455 15.5394H6.7638C6.44363 15.5394 6.18408 15.2825 6.18408 14.9655Z" fill="#EB0203"></path>
                    <path fill-rule="evenodd" clip-rule="evenodd" d="M3.67139 5.77914C3.67139 5.46223 3.93094 5.20532 4.25111 5.20532H4.63759C4.95776 5.20532 5.21731 5.46223 5.21731 5.77914C5.21731 6.09606 4.95776 6.35297 4.63759 6.35297H4.25111C3.93094 6.35297 3.67139 6.09606 3.67139 5.77914Z" fill="#EB0203"></path>
                    <path fill-rule="evenodd" clip-rule="evenodd" d="M3.67139 11.9034C3.67139 11.5865 3.93094 11.3296 4.25111 11.3296H4.63759C4.95776 11.3296 5.21731 11.5865 5.21731 11.9034C5.21731 12.2202 4.95776 12.4771 4.63759 12.4771H4.25111C3.93094 12.4771 3.67139 12.2202 3.67139 11.9034Z" fill="#EB0203"></path>
                    <path fill-rule="evenodd" clip-rule="evenodd" d="M3.67139 8.84116C3.67139 8.52424 3.93094 8.26733 4.25111 8.26733H4.63759C4.95776 8.26733 5.21731 8.52424 5.21731 8.84116C5.21731 9.15807 4.95776 9.41498 4.63759 9.41498H4.25111C3.93094 9.41498 3.67139 9.15807 3.67139 8.84116Z" fill="#EB0203"></path>
                    <path fill-rule="evenodd" clip-rule="evenodd" d="M3.67139 14.9655C3.67139 14.6486 3.93094 14.3917 4.25111 14.3917H4.63759C4.95776 14.3917 5.21731 14.6486 5.21731 14.9655C5.21731 15.2825 4.95776 15.5394 4.63759 15.5394H4.25111C3.93094 15.5394 3.67139 15.2825 3.67139 14.9655Z" fill="#EB0203"></path>
                    <path fill-rule="evenodd" clip-rule="evenodd" d="M0 1.76033C0 0.914738 0.692131 0.229248 1.54592 0.229248H15.0727C15.9265 0.229248 16.6186 0.914738 16.6186 1.76033V11.2818C16.6186 11.5989 16.3591 11.8559 16.0389 11.8559C15.7187 11.8559 15.4592 11.5989 15.4592 11.2818V1.76033C15.4592 1.54893 15.2862 1.37756 15.0727 1.37756H1.54592C1.33247 1.37756 1.15944 1.54893 1.15944 1.76033V18.985C1.15944 19.1964 1.33247 19.3678 1.54592 19.3678H9.27551C9.59568 19.3678 9.85523 19.6249 9.85523 19.942C9.85523 20.2591 9.59568 20.5161 9.27551 20.5161H1.54592C0.692131 20.5161 0 19.8306 0 18.985V1.76033Z" fill="#EB0203"></path>
                    <path fill-rule="evenodd" clip-rule="evenodd" d="M14.6254 13.8718C13.4921 12.8567 11.7821 12.7615 10.6574 13.7147C9.12472 15.0124 9.34891 17.128 10.4413 18.2493L14.0161 21.9126C14.2199 22.1217 14.493 22.2386 14.7824 22.2386C15.0739 22.2386 15.3449 22.1238 15.5487 21.9147L19.1235 18.2514C20.2139 17.13 20.4422 15.0144 18.9075 13.7147C17.7827 12.7634 16.0726 12.8569 14.9392 13.872C14.8856 13.92 14.8333 13.9701 14.7824 14.0222C14.7314 13.97 14.6791 13.9199 14.6254 13.8718ZM18.1546 14.588C19.0972 15.3869 18.9961 16.7262 18.2891 17.4541C18.2888 17.4543 18.2886 17.4546 18.2884 17.4548L14.7834 21.0466L11.2757 17.452C11.2756 17.4519 11.2755 17.4517 11.2753 17.4516C10.5681 16.7252 10.4682 15.3856 11.4108 14.5876L11.4112 14.5872C12.0748 14.0248 13.202 14.0556 13.949 14.8205L14.7824 15.674L15.6158 14.8205C16.3618 14.0567 17.4896 14.0256 18.1545 14.5879" fill="#EB0203"></path>
                    </svg>
                    </button>
                    </div>
                    </div>
                    <p class="ct-tile--brand">Rana</p>
                    <p class="ct-tile--quantity">emb. 250 gr</p>
                    </div>
                    <div class="ct-tile-bottom row no-gutters justify-content-between">
                    <div class="ct-price-wrap col-8 col-sm-12">
                    <div class="price js-product-price">
                    <div class="prices-wrapper">
                    <span class="sales ct-tile--price-primary ">
                    <span class="value" content="3.29">
                    <span class="ct-price-formatted">
                    €3,29
                    </span>
                    <span class="ct-m-unit">
                    /un
                    </span>
                    </span>
                    </span>
                    </div>
                    <div class="ct-tile--price-secondary">
                    <span class="ct-price-value">
                    €13,16
                    </span>
                    <span class="ct-m-unit">
                    /kg
                    </span>
                    </div>
                    </div>
                    </div>
                    <div class="ct-tile-buy-section d-flex justify-content-center no-gutters col-auto col-sm-12">
                    <div class="col-2 d-sm-flex d-none">
                    <button class="wishlist-toggler guest-mode inactive button button--tertiary" data-pid="5060909" data-add-url="https://www.continente.pt/on/demandware.store/Sites-continente-Site/default/Wishlist-AddProduct?pid=5060909" data-toggle="tooltip" aria-label="Adicionar aos favoritos " data-original-title="Adicionar aos favoritos" data-placement="top">
                    <svg class="active-content" width="100%" height="100%" viewBox="0 0 20 22" fill="none" xmlns="http://www.w3.org/2000/svg">
                    <path fill-rule="evenodd" clip-rule="evenodd" d="M0 1.53052C0 0.685236 0.692171 0 1.54601 0H15.0736C15.9274 0 16.6196 0.685235 16.6196 1.53052V13.4064L15.8127 13.922L14.2658 14.2658L12.7189 13.4064L10.6054 14.3818C10.4994 14.2451 10.3327 14.157 10.1452 14.157H6.76329C6.4431 14.157 6.18354 14.414 6.18354 14.731C6.18354 15.0479 6.4431 15.3049 6.76329 15.3049H10.1452C10.2478 15.3049 10.3441 15.2785 10.4277 15.2322L10.3126 16.8439L13.2345 20.2793H1.54601C0.69217 20.2793 0 19.5941 0 18.7488V1.53052ZM6.18354 5.5483C6.18354 5.23132 6.4431 4.97436 6.76329 4.97436H12.3676C12.6878 4.97436 12.9473 5.23132 12.9473 5.5483C12.9473 5.86528 12.6878 6.12224 12.3676 6.12224H6.76329C6.4431 6.12224 6.18354 5.86528 6.18354 5.5483ZM6.76329 11.0961C6.4431 11.0961 6.18354 11.3531 6.18354 11.6701C6.18354 11.987 6.4431 12.244 6.76329 12.244H12.3676C12.6878 12.244 12.9473 11.987 12.9473 11.6701C12.9473 11.3531 12.6878 11.0961 12.3676 11.0961H6.76329ZM6.18354 8.60985C6.18354 8.29287 6.4431 8.03591 6.76329 8.03591H12.3676C12.6878 8.03591 12.9473 8.29287 12.9473 8.60985C12.9473 8.92684 12.6878 9.1838 12.3676 9.1838H6.76329C6.4431 9.1838 6.18354 8.92684 6.18354 8.60985ZM3.67118 5.5483C3.67118 5.23132 3.93075 4.97436 4.25093 4.97436H4.63743C4.95762 4.97436 5.21719 5.23132 5.21719 5.5483C5.21719 5.86528 4.95762 6.12224 4.63743 6.12224H4.25093C3.93075 6.12224 3.67118 5.86528 3.67118 5.5483ZM4.25093 11.0961C3.93075 11.0961 3.67118 11.3531 3.67118 11.6701C3.67118 11.987 3.93075 12.244 4.25093 12.244H4.63743C4.95762 12.244 5.21719 11.987 5.21719 11.6701C5.21719 11.3531 4.95762 11.0961 4.63743 11.0961H4.25093ZM3.67118 8.60985C3.67118 8.29287 3.93075 8.03591 4.25093 8.03591H4.63743C4.95762 8.03591 5.21719 8.29287 5.21719 8.60985C5.21719 8.92684 4.95762 9.1838 4.63743 9.1838H4.25093C3.93075 9.1838 3.67118 8.92684 3.67118 8.60985ZM4.25093 14.157C3.93075 14.157 3.67118 14.414 3.67118 14.731C3.67118 15.0479 3.93075 15.3049 4.25093 15.3049H4.63743C4.95762 15.3049 5.21719 15.0479 5.21719 14.731C5.21719 14.414 4.95762 14.157 4.63743 14.157H4.25093Z" fill="#EB0203"></path>
                    <path fill-rule="evenodd" clip-rule="evenodd" d="M14.6252 13.6363C13.4918 12.6215 11.7817 12.5264 10.6569 13.4792C9.12421 14.7764 9.34841 16.8912 10.4409 18.0122L14.0159 21.6742C14.2197 21.8832 14.4928 22 14.7822 22C15.0737 22 15.3448 21.8852 15.5486 21.6762L19.1236 18.0142C20.214 16.8933 20.4423 14.7785 18.9075 13.4792C17.7827 12.5283 16.0724 12.6217 14.9391 13.6365C14.8855 13.6845 14.8331 13.7345 14.7822 13.7866C14.7313 13.7345 14.6789 13.6843 14.6252 13.6363ZM18.1546 14.3522C19.0973 15.1508 18.9962 16.4896 18.2891 17.2173C18.2888 17.2175 18.2886 17.2177 18.2884 17.218L14.7832 20.8084L11.2753 17.2151C11.2752 17.215 11.2751 17.2149 11.2749 17.2148C10.5677 16.4887 10.4678 15.1495 11.4104 14.3518L11.4108 14.3514C12.0745 13.7892 13.2018 13.82 13.9488 14.5846L14.7822 15.4378L15.6157 14.5846C16.3617 13.8211 17.4896 13.79 18.1545 14.3521" fill="#EB0203"></path>
                    </svg>
                    <svg class="inactive-content" width="100%" height="100%" viewBox="0 0 20 23" fill="none" xmlns="http://www.w3.org/2000/svg">
                    <path fill-rule="evenodd" clip-rule="evenodd" d="M6.18408 5.77914C6.18408 5.46223 6.44363 5.20532 6.7638 5.20532H12.3678C12.6879 5.20532 12.9475 5.46223 12.9475 5.77914C12.9475 6.09606 12.6879 6.35297 12.3678 6.35297H6.7638C6.44363 6.35297 6.18408 6.09606 6.18408 5.77914Z" fill="#EB0203"></path>
                    <path fill-rule="evenodd" clip-rule="evenodd" d="M6.18408 11.9034C6.18408 11.5865 6.44363 11.3296 6.7638 11.3296H12.3678C12.6879 11.3296 12.9475 11.5865 12.9475 11.9034C12.9475 12.2202 12.6879 12.4771 12.3678 12.4771H6.7638C6.44363 12.4771 6.18408 12.2202 6.18408 11.9034Z" fill="#EB0203"></path>
                    <path fill-rule="evenodd" clip-rule="evenodd" d="M6.18408 8.84116C6.18408 8.52424 6.44363 8.26733 6.7638 8.26733H12.3678C12.6879 8.26733 12.9475 8.52424 12.9475 8.84116C12.9475 9.15807 12.6879 9.41498 12.3678 9.41498H6.7638C6.44363 9.41498 6.18408 9.15807 6.18408 8.84116Z" fill="#EB0203"></path>
                    <path fill-rule="evenodd" clip-rule="evenodd" d="M6.18408 14.9655C6.18408 14.6486 6.44363 14.3917 6.7638 14.3917H10.1455C10.4657 14.3917 10.7252 14.6486 10.7252 14.9655C10.7252 15.2825 10.4657 15.5394 10.1455 15.5394H6.7638C6.44363 15.5394 6.18408 15.2825 6.18408 14.9655Z" fill="#EB0203"></path>
                    <path fill-rule="evenodd" clip-rule="evenodd" d="M3.67139 5.77914C3.67139 5.46223 3.93094 5.20532 4.25111 5.20532H4.63759C4.95776 5.20532 5.21731 5.46223 5.21731 5.77914C5.21731 6.09606 4.95776 6.35297 4.63759 6.35297H4.25111C3.93094 6.35297 3.67139 6.09606 3.67139 5.77914Z" fill="#EB0203"></path>
                    <path fill-rule="evenodd" clip-rule="evenodd" d="M3.67139 11.9034C3.67139 11.5865 3.93094 11.3296 4.25111 11.3296H4.63759C4.95776 11.3296 5.21731 11.5865 5.21731 11.9034C5.21731 12.2202 4.95776 12.4771 4.63759 12.4771H4.25111C3.93094 12.4771 3.67139 12.2202 3.67139 11.9034Z" fill="#EB0203"></path>
                    <path fill-rule="evenodd" clip-rule="evenodd" d="M3.67139 8.84116C3.67139 8.52424 3.93094 8.26733 4.25111 8.26733H4.63759C4.95776 8.26733 5.21731 8.52424 5.21731 8.84116C5.21731 9.15807 4.95776 9.41498 4.63759 9.41498H4.25111C3.93094 9.41498 3.67139 9.15807 3.67139 8.84116Z" fill="#EB0203"></path>
                    <path fill-rule="evenodd" clip-rule="evenodd" d="M3.67139 14.9655C3.67139 14.6486 3.93094 14.3917 4.25111 14.3917H4.63759C4.95776 14.3917 5.21731 14.6486 5.21731 14.9655C5.21731 15.2825 4.95776 15.5394 4.63759 15.5394H4.25111C3.93094 15.5394 3.67139 15.2825 3.67139 14.9655Z" fill="#EB0203"></path>
                    <path fill-rule="evenodd" clip-rule="evenodd" d="M0 1.76033C0 0.914738 0.692131 0.229248 1.54592 0.229248H15.0727C15.9265 0.229248 16.6186 0.914738 16.6186 1.76033V11.2818C16.6186 11.5989 16.3591 11.8559 16.0389 11.8559C15.7187 11.8559 15.4592 11.5989 15.4592 11.2818V1.76033C15.4592 1.54893 15.2862 1.37756 15.0727 1.37756H1.54592C1.33247 1.37756 1.15944 1.54893 1.15944 1.76033V18.985C1.15944 19.1964 1.33247 19.3678 1.54592 19.3678H9.27551C9.59568 19.3678 9.85523 19.6249 9.85523 19.942C9.85523 20.2591 9.59568 20.5161 9.27551 20.5161H1.54592C0.692131 20.5161 0 19.8306 0 18.985V1.76033Z" fill="#EB0203"></path>
                    <path fill-rule="evenodd" clip-rule="evenodd" d="M14.6254 13.8718C13.4921 12.8567 11.7821 12.7615 10.6574 13.7147C9.12472 15.0124 9.34891 17.128 10.4413 18.2493L14.0161 21.9126C14.2199 22.1217 14.493 22.2386 14.7824 22.2386C15.0739 22.2386 15.3449 22.1238 15.5487 21.9147L19.1235 18.2514C20.2139 17.13 20.4422 15.0144 18.9075 13.7147C17.7827 12.7634 16.0726 12.8569 14.9392 13.872C14.8856 13.92 14.8333 13.9701 14.7824 14.0222C14.7314 13.97 14.6791 13.9199 14.6254 13.8718ZM18.1546 14.588C19.0972 15.3869 18.9961 16.7262 18.2891 17.4541C18.2888 17.4543 18.2886 17.4546 18.2884 17.4548L14.7834 21.0466L11.2757 17.452C11.2756 17.4519 11.2755 17.4517 11.2753 17.4516C10.5681 16.7252 10.4682 15.3856 11.4108 14.5876L11.4112 14.5872C12.0748 14.0248 13.202 14.0556 13.949 14.8205L14.7824 15.674L15.6158 14.8205C16.3618 14.0567 17.4896 14.0256 18.1545 14.5879" fill="#EB0203"></path>
                    </svg>
                    </button>
                    </div>
                    <div class="col-sm-10 col-12">
                    <div class="ct-tile-quantity d-none" data-pid="5060909">
                    <input type="hidden" class="add-to-cart-url" value="https://www.continente.pt/on/demandware.store/Sites-continente-Site/default/Cart-AddProduct">
                    <div class="d-none tile-delete-confirmation-btn" data-pid="5060909" data-delay-time="3000" data-in-cart-msg="no carrinho" data-one-product-added="Adicionado ao carrinho" data-remove-from-cart-msg="Removido do carrinho" data-stay-open="6000.0" data-confirmation-image="{&quot;url&quot;:&quot;https://www.continente.pt/dw/image/v2/BDVS_PRD/on/demandware.static/-/Sites-col-master-catalog/default/dw494b3803/images/col/506/5060909-frente.jpg?sw=87&amp;sh=80&quot;,&quot;fallbackimage&quot;:{&quot;url&quot;:&quot;https://www.continente.pt/dw/image/v2/BDVS_PRD/on/demandware.static/Sites-continente-Site/-/default/dw7c42b4da/images/noimagelarge_product.png?sw=87&amp;sh=80&quot;,&quot;title&quot;:&quot;Tortellini Fresco de 4 Queijos&quot;,&quot;alt&quot;:&quot;Tortellini Fresco de 4 Queijos&quot;},&quot;title&quot;:&quot;Tortellini Fresco de 4 Queijos&quot;,&quot;alt&quot;:&quot;Tortellini Fresco de 4 Queijos&quot;}"></div>
                    <div class="ct-tile-quantity-update quantity-update product-qty-vue" data-remove-action="https://www.continente.pt/on/demandware.store/Sites-continente-Site/default/Cart-RemoveProductLineItem" data-action="https://www.continente.pt/on/demandware.store/Sites-continente-Site/default/Cart-UpdateQuantity" data-dimension-update="https://www.continente.pt/on/demandware.store/Sites-continente-Site/default/Cart-DimensionUpdate" data-pid="5060909" data-uuid="d6455bc6867c6bfcb1a52e8e90" data-add-delay="500.0" data-measure-options="{&quot;hasConversionRate&quot;:true,&quot;hasAlternativeSaleUnit&quot;:false,&quot;primaryToSecondary&quot;:1,&quot;secondaryToPrimary&quot;:1,&quot;unitConversionRate&quot;:1,&quot;minOrderQuantity&quot;:1,&quot;stepQuantity&quot;:1,&quot;primaryunit&quot;:&quot;un&quot;,&quot;secondaryunit&quot;:&quot;kg&quot;,&quot;selectedunit&quot;:&quot;primary&quot;,&quot;maxNumberOfUnitsPerSale&quot;:50}" data-price-available="null" :data-has-error="isMaxQtyReached || isMinQtyReached || qtySelectedMoreThanOne">
                    <template v-show="prodUnits">
                    <div class="quantity-input-wrapper has-units">
                    <label class="visually-hidden" :for="'quantity-' + pid + additionalTag">
                    Quantidade no carrinho
                    </label>
                    <input :ref="'quantityInput-' + pid + additionalTag" class="add-to-cart-quantity form-control ct-form-input text-center" inputmode="numeric" :class="{'is-invalid': isInvalid}" :data-pid="pid + additionalTag" :name="'quantity-' + pid + additionalTag" type="text" aria-label="Insira a quantidade" title="" v-model="displayValue" @change="updateQuantity" @focus="updateQtyFormat" @blur="restoreQtyFormat" :disabled="!isPriceAvailable">
                    <span class="quantity-icon quantity-icon--minus">
                    <button class="decrease-quantity-btn" @click="updateQuantity" :disabled="!isPriceAvailable" role="button" aria-label="Reduzir quantidade">
                    <i class="css-math-minus"></i>
                    </button>
                    </span>
                    <span class="quantity-icon quantity-icon--plus">
                    <button class="increase-quantity-btn" @click="updateQuantity" :disabled="isMaxQtyReached || !isPriceAvailable" role="button" aria-label="Aumentar quantidade">
                    <i class="css-math-plus"></i>
                    </button>
                    <span class="quantity-btn-disabled-placeholder"></span>
                    </span>
                    <template v-if="isPDP">
                    <span class="quantity-error ct-span-error text-sm-center product-max-allocation" v-if="isMaxQtyReached">
                    Quantidade máxima atingida
                    </span>
                    <span class="quantity-error ct-span-product text-sm-center product-allocation" v-if="!isMinQtyReached &amp;&amp; !isMaxQtyReached">
                    {{quantitySelected}} no carrinho
                    </span>
                    <span class="quantity-error ct-span-error text-sm-center product-min-allocation" :data-pid="pid" v-if="isMinQtyReached &amp;&amp; !isMaxQtyReached">
                    Quantidade mínima atingida
                    </span>
                    </template>
                    </div>
                    <template v-if="showNotes">
                    <div class="add-note-link-container ">
                    <div class="add-note">
                    <a href="/produto/tortellini-fresco-de-4-queijos-rana-5060909.html?showNote=true" class="ct-add-note-redirect-pdp" aria-label="Adicionar comentário">
                    <span class="svg-wrapper svg-icon-notes" style="width:19px; height:20px">
                    <svg class="svg-inline icon-notes" viewBox="0 0 28 30" xmlns="http://www.w3.org/2000/svg" width="100%" height="100%"><path d="M21.738 0C22.985 0 24 1.04 24 2.319V12.47c0 .469-.37.848-.828.848-.457 0-.827-.38-.827-.848V2.32c0-.343-.273-.622-.607-.622H2.262c-.334 0-.607.279-.607.622V27.68c0 .343.273.622.607.622h7.81c.457 0 .827.38.827.849 0 .468-.37.848-.827.848h-7.81C1.015 30 0 28.96 0 27.681V2.32C0 1.04 1.015 0 2.262 0h19.476zm2.844 16.004l.227.007c.823.053 1.589.39 2.176.964.64.627.993 1.46.993 2.349 0 .888-.353 1.722-.993 2.348l-6.83 6.665c-.11.108-.247.186-.397.226l-5.032 1.363c-.078.021-.16.032-.241.032-.242 0-.478-.097-.647-.266-.23-.231-.314-.566-.218-.874l1.49-4.798c.044-.139.122-.266.227-.369l6.844-6.677c.64-.625 1.493-.97 2.401-.97zm-2.886 3.94l-4.922 4.802-.947 3.048 3.22-.872 4.897-4.78-2.248-2.197zm2.887-2.174c-.425 0-.824.162-1.124.455l-.484.472 2.248 2.197.484-.472c.62-.606.62-1.591 0-2.197l-.117-.104c-.283-.227-.636-.35-1.007-.35zm-10.839.022c.498 0 .904.396.904.883 0 .488-.406.884-.904.884H5.946c-.499 0-.904-.396-.904-.884 0-.487.405-.883.904-.883zm5.042-4.876c.498 0 .904.397.904.884s-.406.884-.904.884H5.946c-.499 0-.904-.397-.904-.884s.405-.884.904-.884zm0-4.875c.498 0 .904.396.904.884 0 .487-.406.883-.904.883H5.946c-.499 0-.904-.396-.904-.883 0-.488.405-.884.904-.884z" fill="#EB0203" fill-rule="evenodd"></path></svg>
                    </span>
                    <div class="available-note d-none"></div>
                    </a>
                    </div>
                    </div>
                    </template>
                    <div class="measurement-unit-section" v-if="isPriceAvailable &amp;&amp; prodUnits ? prodUnits.hasAlternativeUnit : false">
                    <div class="ct-form-radio" @click="setDimension">
                    <input type="radio" title="" class="ct-form-check-input product-measurement-unit" :data-type="prodUnits.selectedUnit == prodUnits.secondaryUnit ? 'primary' : ''" :id="prodUnits.secondaryUnit + '-' + pid + '-measurement-unit-ptile' + additionalTag" :name="'measurement-unit-' + pid + '-ptile' + additionalTag" :value="prodUnits.secondaryUnit" v-model="prodUnits.selectedUnit">
                    <label :class="prodUnits.secondaryUnit + '-label ct-form-check-label mb-0'" :for="prodUnits.secondaryUnit + '-' + pid + '-measurement-unit-ptile' + additionalTag">
                    {{prodUnits.secondaryUnit}}
                    </label>
                    <span class="checkmark"></span>
                    </div>
                    <div class="ct-form-radio" @click="setDimension">
                    <input type="radio" title="" class="ct-form-check-input product-measurement-unit" :data-type="prodUnits.selectedUnit == prodUnits.primaryUnit ? 'primary' : ''" :id="prodUnits.primaryUnit + '-' + pid + '-measurement-unit-ptile' + additionalTag" :name="'measurement-unit-' + pid + '-ptile' + additionalTag" :value="prodUnits.primaryUnit" v-model="prodUnits.selectedUnit">
                    <label :class="prodUnits.primaryUnit + '-label ct-form-check-label mb-0'" :for="prodUnits.primaryUnit + '-' + pid + '-measurement-unit-ptile' + additionalTag">
                    {{prodUnits.primaryUnit}}
                    </label>
                    <span class="checkmark"></span>
                    </div>
                    </div>
                    <template v-if="!isPDP &amp;&amp; isPriceAvailable">
                    <span class="quantity-error ct-span-error product-max-allocation" v-if="isMaxQtyReached">
                    Quantidade máxima atingida
                    </span>
                    <span class="quantity-error ct-span-product product-allocation" v-if="!isMinQtyReached &amp;&amp; !isMaxQtyReached">
                    {{quantitySelected}} no carrinho
                    </span>
                    <span class="quantity-error ct-span-error product-min-allocation" :data-pid="pid" v-if="isMinQtyReached &amp;&amp; !isMaxQtyReached">
                    Quantidade mínima atingida
                    </span>
                    </template>
                    </template>
                    </div>
                    <input class="quantity-value-mask d-none" name="quantity" type="number" min="0" value="">
                    </div>
                    <button type="button" class="add-to-cart button js-add-to-cart js-add-to-cart-tile 5060909 button--primary dynamic-layout-btn" data-toggle="modal" data-target="#chooseBonusProductModal" data-pid="5060909" data-quantity-value="null" aria-label="Carrinho">
                    <span class="d-block d-sm-none">
                    <span class="svg-wrapper svg-icon-cart" style="width:20px; height:20px">
                    <svg class="svg-inline icon-cart" xmlns="http://www.w3.org/2000/svg" viewBox="0 0 500 500" width="100%" height="100%"><path fill="#EB0203" fill-rule="evenodd" d="M 485.67317,94.386311 C 476.37798,83.847129 463.09468,78.03348 448.30404,78.03348 H 90.690813 L 87.079511,51.327997 C 83.185582,22.539551 62.962285,0 41.011841,0 H 14.727836 C 6.563151,0 0,6.5286975 0,14.580758 c 0,8.05206 6.5945535,14.580758 14.727836,14.580758 h 26.284005 c 4.710398,0 14.696435,9.855222 16.894619,26.021523 L 100.01739,368.0631 c 1.88416,13.77244 9.01256,26.70549 20.1605,36.37417 8.25889,7.15046 18.02511,11.9071 28.26237,13.89679 -4.17655,7.58572 -6.53175,16.25957 -6.53175,25.493 0,29.53459 24.27424,53.59751 54.13815,53.59751 29.8325,0 54.13814,-24.03184 54.13814,-53.59751 0,-8.79818 -2.19818,-17.09897 -5.9979,-24.43598 h 77.12488 c -3.79973,7.33701 -5.96652,15.6378 -5.96652,24.43598 0,29.53459 24.27424,53.59751 54.13817,53.59751 29.83249,0 54.13814,-24.03184 54.13814,-53.59751 0,-8.79818 -2.1982,-17.09897 -5.9979,-24.43598 h 38.56243 c 8.13328,0 14.72783,-6.5287 14.72783,-14.61183 0,-8.02098 -6.59455,-14.54967 -14.72783,-14.54967 H 159.24277 c -14.38241,0 -28.13677,-11.90711 -30.02092,-26.02153 l -3.07746,-22.88154 h 290.6314 c 14.03698,0 27.94834,-5.28513 39.06488,-14.95381 11.11652,-9.6376 18.27632,-22.57065 20.16048,-36.37417 l 21.10259,-156.78201 c 1.94694,-14.51858 -2.10398,-28.29103 -11.43057,-38.861299 z M 220.76053,443.82706 c 0,13.49265 -11.08513,24.46709 -24.68247,24.46709 -13.62874,0 -24.71387,-10.97444 -24.71387,-24.46709 0,-13.49262 11.08513,-24.43598 24.71387,-24.43598 13.59734,0 24.68247,10.94336 24.68247,24.43598 z m 173.43675,0 c 0,13.49265 -11.08512,24.46709 -24.68245,24.46709 -13.62876,0 -24.71388,-10.97444 -24.71388,-24.46709 0,-13.49262 11.08512,-24.43598 24.71388,-24.43598 13.59733,0 24.68245,10.94336 24.68245,24.43598 z m 73.7648,-314.46558 -21.13397,156.782 c -1.88416,14.11442 -15.63851,26.05261 -30.02091,26.05261 H 122.25046 L 94.616142,107.19499 H 448.33544 c 6.18632,0 11.61896,2.2695 15.23028,6.37326 3.64269,4.13484 5.21283,9.73086 4.39636,15.79323 z"></path></svg>
                    </span>
                    </span>
                    <span class="add-to-cart--text d-none d-sm-block">Carrinho</span>
                    </button>
                    </div>
                    </div>
                    </div>
                    </div>
                    
                    <div class="col-12 d-sm-none">
                    </div>
                    </div>
                    </div>
                    </div>
                    </div>
                    <div class="col-12 col-sm-3 col-lg-2 productTile" data-idx="26">
                    
                    <script type="text/javascript">//<!--
                    /* <![CDATA[ */
                    (function(){
                    try {
                        if(window.CQuotient) {
                        var cq_params = {};
                        
                        cq_params.cookieId = window.CQuotient.getCQCookieId();
                        cq_params.userId = window.CQuotient.getCQUserId();
                        cq_params.emailId = CQuotient.getCQHashedEmail();
                        cq_params.loginId = CQuotient.getCQHashedLogin();
                        cq_params.accumulate = true;
                        cq_params.products = [{
                            id: '7411311',
                            sku: ''
                        }];
                        cq_params.categoryId = 'refeicoes-faceis';
                        cq_params.refinements = '[{\"name\":\"priceMin\",\"value\":\"0.01\"},{\"name\":\"priceMax\",\"value\":\"null\"},{\"name\":\"curr\",\"value\":\"EUR\"},{\"name\":\"Category\",\"value\":\"refeicoes-faceis\"}]';
                        cq_params.personalized = 'false';
                        cq_params.sortingRule = 'FRESH-Refei\u00E7\u00F5es F\u00E1ceis';
                        cq_params.imageUUID = '__UNDEFINED__';
                        cq_params.realm = "BDVS";
                        cq_params.siteId = "continente";
                        cq_params.instanceType = "prd";
                        cq_params.queryLocale = "default";
                        cq_params.locale = window.CQuotient.locale;
                        
                        if(window.CQuotient.sendActivity)
                            window.CQuotient.sendActivity(CQuotient.clientId, 'viewCategory', cq_params);
                        else
                            window.CQuotient.activities.push({
                                activityType: 'viewCategory',
                                parameters: cq_params
                            });
                      }
                    } catch(err) {}
                    })();
                    /* ]]> */
                    // -->
                    </script>
                    <script type="text/javascript">//<!--
                    /* <![CDATA[ (viewCategoryProduct-active_data.js) */
                    (function(){
                    try {
                        if (dw.ac) {
                            var search_params = {};
                            search_params.persd = 'false';
                            search_params.refs = '[{\"name\":\"priceMin\",\"value\":\"0.01\"},{\"name\":\"priceMax\",\"value\":\"null\"},{\"name\":\"curr\",\"value\":\"EUR\"},{\"name\":\"Category\",\"value\":\"refeicoes-faceis\"}]';
                            search_params.sort = 'FRESH-Refei\u00E7\u00F5es F\u00E1ceis';
                            search_params.imageUUID = '';
                            search_params.searchID = 'adc2ebee-ded6-4d71-a833-c4f63de27d3e';
                            search_params.locale = 'default';
                            search_params.queryLocale = 'default';
                            search_params.showProducts = 'true';
                            dw.ac.applyContext({category: "refeicoes-faceis", searchData: search_params});
                            if (typeof dw.ac._scheduleDataSubmission === "function") {
                                dw.ac._scheduleDataSubmission();
                            }
                        }
                    } catch(err) {}
                    })();
                    /* ]]> */
                    // -->
                    </script>
                    <script type="text/javascript">//<!--
                    /* <![CDATA[ (viewProduct-active_data.js) */
                    dw.ac._capture({id: "7411311", type: "searchhit"});
                    /* ]]> */
                    // -->
                    </script>
                    <div class="product" data-pid="7411311">
                    <div class="product-tile pid-7411311 ct-product-tile data-layer-pushed" data-delay-time="3000" data-variants-mapping="[]" data-in-cart-msg="no carrinho" data-one-product-added="Adicionado ao carrinho" data-remove-from-cart-msg="Removido do carrinho" data-stay-open="6000.0" data-product-tile-impression="{&quot;name&quot;:&quot;7411311&quot;,&quot;id&quot;:&quot;7411311&quot;,&quot;price&quot;:3.99,&quot;brand&quot;:&quot;Rana&quot;,&quot;category&quot;:[{&quot;category_level_1&quot;:&quot;Take-Away&quot;},{&quot;category_level_2&quot;:&quot;Massas Frescas e Noodles&quot;},{&quot;category_level_3&quot;:&quot;Massas Simples e Recheadas&quot;}],&quot;variant&quot;:&quot;&quot;}">
                    <div class="ct-inner-tile-wrap row no-gutters justify-content-center align-content-start">
                    
                    <div class="ct-image-container col-4 col-sm" data-confirmation-image="{&quot;url&quot;:&quot;https://www.continente.pt/dw/image/v2/BDVS_PRD/on/demandware.static/-/Sites-col-master-catalog/default/dw6fde6376/images/col/741/7411311-frente.jpg?sw=87&amp;sh=80&quot;,&quot;fallbackimage&quot;:{&quot;url&quot;:&quot;https://www.continente.pt/dw/image/v2/BDVS_PRD/on/demandware.static/Sites-continente-Site/-/default/dw7c42b4da/images/noimagelarge_product.png?sw=87&amp;sh=80&quot;,&quot;title&quot;:&quot;Ravioli Fresco com Gorgonzola e Nozes&quot;,&quot;alt&quot;:&quot;Ravioli Fresco com Gorgonzola e Nozes&quot;},&quot;title&quot;:&quot;Ravioli Fresco com Gorgonzola e Nozes&quot;,&quot;alt&quot;:&quot;Ravioli Fresco com Gorgonzola e Nozes&quot;}">
                    <a href="https://www.continente.pt/produto/ravioli-fresco-com-gorgonzola-e-nozes-rana-7411311.html?cgid=refeicoes-faceis">
                    <picture class="intrinsic intrinsic--square">
                    <img class="ct-tile-image lazyloaded" loading="lazy" onerror="this.onerror=null;this.src='/on/demandware.static/Sites-continente-Site/-/default/dw7c42b4da/images/noimagelarge_product.png';" data-src="https://www.continente.pt/dw/image/v2/BDVS_PRD/on/demandware.static/-/Sites-col-master-catalog/default/dw6fde6376/images/col/741/7411311-frente.jpg?sw=280&amp;sh=280" alt="Ravioli Fresco com Gorgonzola e Nozes" title="Ravioli Fresco com Gorgonzola e Nozes" src="https://www.continente.pt/dw/image/v2/BDVS_PRD/on/demandware.static/-/Sites-col-master-catalog/default/dw6fde6376/images/col/741/7411311-frente.jpg?sw=280&amp;sh=280">
                    </picture>
                    </a>
                    <div class="color-swatches d-flex" style="margin-left: 5px;">
                    <div class="swatches d-flex">
                    </div>
                    </div>
                    </div>
                    <div class="ct-tile-body col col-sm-auto ">
                    <div class="ct-pdp-details">
                    <div class="ct-pdp-link">
                    <a class="ct-tile--description" href="https://www.continente.pt/produto/ravioli-fresco-com-gorgonzola-e-nozes-rana-7411311.html?cgid=refeicoes-faceis">Ravioli Fresco com Gorgonzola e Nozes</a>
                    <div class="ct-tile--favorite-top d-sm-none">
                    <button class="wishlist-toggler guest-mode inactive button button--tertiary" data-pid="7411311" data-add-url="https://www.continente.pt/on/demandware.store/Sites-continente-Site/default/Wishlist-AddProduct?pid=7411311" data-toggle="tooltip" aria-label="Adicionar aos favoritos " data-original-title="Adicionar aos favoritos" data-placement="top">
                    <svg class="active-content" width="100%" height="100%" viewBox="0 0 20 22" fill="none" xmlns="http://www.w3.org/2000/svg">
                    <path fill-rule="evenodd" clip-rule="evenodd" d="M0 1.53052C0 0.685236 0.692171 0 1.54601 0H15.0736C15.9274 0 16.6196 0.685235 16.6196 1.53052V13.4064L15.8127 13.922L14.2658 14.2658L12.7189 13.4064L10.6054 14.3818C10.4994 14.2451 10.3327 14.157 10.1452 14.157H6.76329C6.4431 14.157 6.18354 14.414 6.18354 14.731C6.18354 15.0479 6.4431 15.3049 6.76329 15.3049H10.1452C10.2478 15.3049 10.3441 15.2785 10.4277 15.2322L10.3126 16.8439L13.2345 20.2793H1.54601C0.69217 20.2793 0 19.5941 0 18.7488V1.53052ZM6.18354 5.5483C6.18354 5.23132 6.4431 4.97436 6.76329 4.97436H12.3676C12.6878 4.97436 12.9473 5.23132 12.9473 5.5483C12.9473 5.86528 12.6878 6.12224 12.3676 6.12224H6.76329C6.4431 6.12224 6.18354 5.86528 6.18354 5.5483ZM6.76329 11.0961C6.4431 11.0961 6.18354 11.3531 6.18354 11.6701C6.18354 11.987 6.4431 12.244 6.76329 12.244H12.3676C12.6878 12.244 12.9473 11.987 12.9473 11.6701C12.9473 11.3531 12.6878 11.0961 12.3676 11.0961H6.76329ZM6.18354 8.60985C6.18354 8.29287 6.4431 8.03591 6.76329 8.03591H12.3676C12.6878 8.03591 12.9473 8.29287 12.9473 8.60985C12.9473 8.92684 12.6878 9.1838 12.3676 9.1838H6.76329C6.4431 9.1838 6.18354 8.92684 6.18354 8.60985ZM3.67118 5.5483C3.67118 5.23132 3.93075 4.97436 4.25093 4.97436H4.63743C4.95762 4.97436 5.21719 5.23132 5.21719 5.5483C5.21719 5.86528 4.95762 6.12224 4.63743 6.12224H4.25093C3.93075 6.12224 3.67118 5.86528 3.67118 5.5483ZM4.25093 11.0961C3.93075 11.0961 3.67118 11.3531 3.67118 11.6701C3.67118 11.987 3.93075 12.244 4.25093 12.244H4.63743C4.95762 12.244 5.21719 11.987 5.21719 11.6701C5.21719 11.3531 4.95762 11.0961 4.63743 11.0961H4.25093ZM3.67118 8.60985C3.67118 8.29287 3.93075 8.03591 4.25093 8.03591H4.63743C4.95762 8.03591 5.21719 8.29287 5.21719 8.60985C5.21719 8.92684 4.95762 9.1838 4.63743 9.1838H4.25093C3.93075 9.1838 3.67118 8.92684 3.67118 8.60985ZM4.25093 14.157C3.93075 14.157 3.67118 14.414 3.67118 14.731C3.67118 15.0479 3.93075 15.3049 4.25093 15.3049H4.63743C4.95762 15.3049 5.21719 15.0479 5.21719 14.731C5.21719 14.414 4.95762 14.157 4.63743 14.157H4.25093Z" fill="#EB0203"></path>
                    <path fill-rule="evenodd" clip-rule="evenodd" d="M14.6252 13.6363C13.4918 12.6215 11.7817 12.5264 10.6569 13.4792C9.12421 14.7764 9.34841 16.8912 10.4409 18.0122L14.0159 21.6742C14.2197 21.8832 14.4928 22 14.7822 22C15.0737 22 15.3448 21.8852 15.5486 21.6762L19.1236 18.0142C20.214 16.8933 20.4423 14.7785 18.9075 13.4792C17.7827 12.5283 16.0724 12.6217 14.9391 13.6365C14.8855 13.6845 14.8331 13.7345 14.7822 13.7866C14.7313 13.7345 14.6789 13.6843 14.6252 13.6363ZM18.1546 14.3522C19.0973 15.1508 18.9962 16.4896 18.2891 17.2173C18.2888 17.2175 18.2886 17.2177 18.2884 17.218L14.7832 20.8084L11.2753 17.2151C11.2752 17.215 11.2751 17.2149 11.2749 17.2148C10.5677 16.4887 10.4678 15.1495 11.4104 14.3518L11.4108 14.3514C12.0745 13.7892 13.2018 13.82 13.9488 14.5846L14.7822 15.4378L15.6157 14.5846C16.3617 13.8211 17.4896 13.79 18.1545 14.3521" fill="#EB0203"></path>
                    </svg>
                    <svg class="inactive-content" width="100%" height="100%" viewBox="0 0 20 23" fill="none" xmlns="http://www.w3.org/2000/svg">
                    <path fill-rule="evenodd" clip-rule="evenodd" d="M6.18408 5.77914C6.18408 5.46223 6.44363 5.20532 6.7638 5.20532H12.3678C12.6879 5.20532 12.9475 5.46223 12.9475 5.77914C12.9475 6.09606 12.6879 6.35297 12.3678 6.35297H6.7638C6.44363 6.35297 6.18408 6.09606 6.18408 5.77914Z" fill="#EB0203"></path>
                    <path fill-rule="evenodd" clip-rule="evenodd" d="M6.18408 11.9034C6.18408 11.5865 6.44363 11.3296 6.7638 11.3296H12.3678C12.6879 11.3296 12.9475 11.5865 12.9475 11.9034C12.9475 12.2202 12.6879 12.4771 12.3678 12.4771H6.7638C6.44363 12.4771 6.18408 12.2202 6.18408 11.9034Z" fill="#EB0203"></path>
                    <path fill-rule="evenodd" clip-rule="evenodd" d="M6.18408 8.84116C6.18408 8.52424 6.44363 8.26733 6.7638 8.26733H12.3678C12.6879 8.26733 12.9475 8.52424 12.9475 8.84116C12.9475 9.15807 12.6879 9.41498 12.3678 9.41498H6.7638C6.44363 9.41498 6.18408 9.15807 6.18408 8.84116Z" fill="#EB0203"></path>
                    <path fill-rule="evenodd" clip-rule="evenodd" d="M6.18408 14.9655C6.18408 14.6486 6.44363 14.3917 6.7638 14.3917H10.1455C10.4657 14.3917 10.7252 14.6486 10.7252 14.9655C10.7252 15.2825 10.4657 15.5394 10.1455 15.5394H6.7638C6.44363 15.5394 6.18408 15.2825 6.18408 14.9655Z" fill="#EB0203"></path>
                    <path fill-rule="evenodd" clip-rule="evenodd" d="M3.67139 5.77914C3.67139 5.46223 3.93094 5.20532 4.25111 5.20532H4.63759C4.95776 5.20532 5.21731 5.46223 5.21731 5.77914C5.21731 6.09606 4.95776 6.35297 4.63759 6.35297H4.25111C3.93094 6.35297 3.67139 6.09606 3.67139 5.77914Z" fill="#EB0203"></path>
                    <path fill-rule="evenodd" clip-rule="evenodd" d="M3.67139 11.9034C3.67139 11.5865 3.93094 11.3296 4.25111 11.3296H4.63759C4.95776 11.3296 5.21731 11.5865 5.21731 11.9034C5.21731 12.2202 4.95776 12.4771 4.63759 12.4771H4.25111C3.93094 12.4771 3.67139 12.2202 3.67139 11.9034Z" fill="#EB0203"></path>
                    <path fill-rule="evenodd" clip-rule="evenodd" d="M3.67139 8.84116C3.67139 8.52424 3.93094 8.26733 4.25111 8.26733H4.63759C4.95776 8.26733 5.21731 8.52424 5.21731 8.84116C5.21731 9.15807 4.95776 9.41498 4.63759 9.41498H4.25111C3.93094 9.41498 3.67139 9.15807 3.67139 8.84116Z" fill="#EB0203"></path>
                    <path fill-rule="evenodd" clip-rule="evenodd" d="M3.67139 14.9655C3.67139 14.6486 3.93094 14.3917 4.25111 14.3917H4.63759C4.95776 14.3917 5.21731 14.6486 5.21731 14.9655C5.21731 15.2825 4.95776 15.5394 4.63759 15.5394H4.25111C3.93094 15.5394 3.67139 15.2825 3.67139 14.9655Z" fill="#EB0203"></path>
                    <path fill-rule="evenodd" clip-rule="evenodd" d="M0 1.76033C0 0.914738 0.692131 0.229248 1.54592 0.229248H15.0727C15.9265 0.229248 16.6186 0.914738 16.6186 1.76033V11.2818C16.6186 11.5989 16.3591 11.8559 16.0389 11.8559C15.7187 11.8559 15.4592 11.5989 15.4592 11.2818V1.76033C15.4592 1.54893 15.2862 1.37756 15.0727 1.37756H1.54592C1.33247 1.37756 1.15944 1.54893 1.15944 1.76033V18.985C1.15944 19.1964 1.33247 19.3678 1.54592 19.3678H9.27551C9.59568 19.3678 9.85523 19.6249 9.85523 19.942C9.85523 20.2591 9.59568 20.5161 9.27551 20.5161H1.54592C0.692131 20.5161 0 19.8306 0 18.985V1.76033Z" fill="#EB0203"></path>
                    <path fill-rule="evenodd" clip-rule="evenodd" d="M14.6254 13.8718C13.4921 12.8567 11.7821 12.7615 10.6574 13.7147C9.12472 15.0124 9.34891 17.128 10.4413 18.2493L14.0161 21.9126C14.2199 22.1217 14.493 22.2386 14.7824 22.2386C15.0739 22.2386 15.3449 22.1238 15.5487 21.9147L19.1235 18.2514C20.2139 17.13 20.4422 15.0144 18.9075 13.7147C17.7827 12.7634 16.0726 12.8569 14.9392 13.872C14.8856 13.92 14.8333 13.9701 14.7824 14.0222C14.7314 13.97 14.6791 13.9199 14.6254 13.8718ZM18.1546 14.588C19.0972 15.3869 18.9961 16.7262 18.2891 17.4541C18.2888 17.4543 18.2886 17.4546 18.2884 17.4548L14.7834 21.0466L11.2757 17.452C11.2756 17.4519 11.2755 17.4517 11.2753 17.4516C10.5681 16.7252 10.4682 15.3856 11.4108 14.5876L11.4112 14.5872C12.0748 14.0248 13.202 14.0556 13.949 14.8205L14.7824 15.674L15.6158 14.8205C16.3618 14.0567 17.4896 14.0256 18.1545 14.5879" fill="#EB0203"></path>
                    </svg>
                    </button>
                    </div>
                    </div>
                    <p class="ct-tile--brand">Rana</p>
                    <p class="ct-tile--quantity">emb. 250</p>
                    </div>
                    <div class="ct-tile-bottom row no-gutters justify-content-between">
                    <div class="ct-price-wrap col-8 col-sm-12">
                    <div class="price js-product-price">
                    <div class="prices-wrapper">
                    
                    <span class="sales ct-tile--price-primary ">
                    <span class="value" content="3.99">
                    <span class="ct-price-formatted">
                    €3,99
                    </span>
                    <span class="ct-m-unit">
                    /un
                    </span>
                    </span>
                    </span>
                    </div>
                    <div class="ct-tile--price-secondary">
                    <span class="ct-price-value">
                    €15,96
                    </span>
                    <span class="ct-m-unit">
                    /kg
                    </span>
                    </div>
                    </div>
                    </div>
                    <div class="ct-tile-buy-section d-flex justify-content-center no-gutters col-auto col-sm-12">
                    <div class="col-2 d-sm-flex d-none">
                    <button class="wishlist-toggler guest-mode inactive button button--tertiary" data-pid="7411311" data-add-url="https://www.continente.pt/on/demandware.store/Sites-continente-Site/default/Wishlist-AddProduct?pid=7411311" data-toggle="tooltip" aria-label="Adicionar aos favoritos " data-original-title="Adicionar aos favoritos" data-placement="top">
                    <svg class="active-content" width="100%" height="100%" viewBox="0 0 20 22" fill="none" xmlns="http://www.w3.org/2000/svg">
                    <path fill-rule="evenodd" clip-rule="evenodd" d="M0 1.53052C0 0.685236 0.692171 0 1.54601 0H15.0736C15.9274 0 16.6196 0.685235 16.6196 1.53052V13.4064L15.8127 13.922L14.2658 14.2658L12.7189 13.4064L10.6054 14.3818C10.4994 14.2451 10.3327 14.157 10.1452 14.157H6.76329C6.4431 14.157 6.18354 14.414 6.18354 14.731C6.18354 15.0479 6.4431 15.3049 6.76329 15.3049H10.1452C10.2478 15.3049 10.3441 15.2785 10.4277 15.2322L10.3126 16.8439L13.2345 20.2793H1.54601C0.69217 20.2793 0 19.5941 0 18.7488V1.53052ZM6.18354 5.5483C6.18354 5.23132 6.4431 4.97436 6.76329 4.97436H12.3676C12.6878 4.97436 12.9473 5.23132 12.9473 5.5483C12.9473 5.86528 12.6878 6.12224 12.3676 6.12224H6.76329C6.4431 6.12224 6.18354 5.86528 6.18354 5.5483ZM6.76329 11.0961C6.4431 11.0961 6.18354 11.3531 6.18354 11.6701C6.18354 11.987 6.4431 12.244 6.76329 12.244H12.3676C12.6878 12.244 12.9473 11.987 12.9473 11.6701C12.9473 11.3531 12.6878 11.0961 12.3676 11.0961H6.76329ZM6.18354 8.60985C6.18354 8.29287 6.4431 8.03591 6.76329 8.03591H12.3676C12.6878 8.03591 12.9473 8.29287 12.9473 8.60985C12.9473 8.92684 12.6878 9.1838 12.3676 9.1838H6.76329C6.4431 9.1838 6.18354 8.92684 6.18354 8.60985ZM3.67118 5.5483C3.67118 5.23132 3.93075 4.97436 4.25093 4.97436H4.63743C4.95762 4.97436 5.21719 5.23132 5.21719 5.5483C5.21719 5.86528 4.95762 6.12224 4.63743 6.12224H4.25093C3.93075 6.12224 3.67118 5.86528 3.67118 5.5483ZM4.25093 11.0961C3.93075 11.0961 3.67118 11.3531 3.67118 11.6701C3.67118 11.987 3.93075 12.244 4.25093 12.244H4.63743C4.95762 12.244 5.21719 11.987 5.21719 11.6701C5.21719 11.3531 4.95762 11.0961 4.63743 11.0961H4.25093ZM3.67118 8.60985C3.67118 8.29287 3.93075 8.03591 4.25093 8.03591H4.63743C4.95762 8.03591 5.21719 8.29287 5.21719 8.60985C5.21719 8.92684 4.95762 9.1838 4.63743 9.1838H4.25093C3.93075 9.1838 3.67118 8.92684 3.67118 8.60985ZM4.25093 14.157C3.93075 14.157 3.67118 14.414 3.67118 14.731C3.67118 15.0479 3.93075 15.3049 4.25093 15.3049H4.63743C4.95762 15.3049 5.21719 15.0479 5.21719 14.731C5.21719 14.414 4.95762 14.157 4.63743 14.157H4.25093Z" fill="#EB0203"></path>
                    <path fill-rule="evenodd" clip-rule="evenodd" d="M14.6252 13.6363C13.4918 12.6215 11.7817 12.5264 10.6569 13.4792C9.12421 14.7764 9.34841 16.8912 10.4409 18.0122L14.0159 21.6742C14.2197 21.8832 14.4928 22 14.7822 22C15.0737 22 15.3448 21.8852 15.5486 21.6762L19.1236 18.0142C20.214 16.8933 20.4423 14.7785 18.9075 13.4792C17.7827 12.5283 16.0724 12.6217 14.9391 13.6365C14.8855 13.6845 14.8331 13.7345 14.7822 13.7866C14.7313 13.7345 14.6789 13.6843 14.6252 13.6363ZM18.1546 14.3522C19.0973 15.1508 18.9962 16.4896 18.2891 17.2173C18.2888 17.2175 18.2886 17.2177 18.2884 17.218L14.7832 20.8084L11.2753 17.2151C11.2752 17.215 11.2751 17.2149 11.2749 17.2148C10.5677 16.4887 10.4678 15.1495 11.4104 14.3518L11.4108 14.3514C12.0745 13.7892 13.2018 13.82 13.9488 14.5846L14.7822 15.4378L15.6157 14.5846C16.3617 13.8211 17.4896 13.79 18.1545 14.3521" fill="#EB0203"></path>
                    </svg>
                    <svg class="inactive-content" width="100%" height="100%" viewBox="0 0 20 23" fill="none" xmlns="http://www.w3.org/2000/svg">
                    <path fill-rule="evenodd" clip-rule="evenodd" d="M6.18408 5.77914C6.18408 5.46223 6.44363 5.20532 6.7638 5.20532H12.3678C12.6879 5.20532 12.9475 5.46223 12.9475 5.77914C12.9475 6.09606 12.6879 6.35297 12.3678 6.35297H6.7638C6.44363 6.35297 6.18408 6.09606 6.18408 5.77914Z" fill="#EB0203"></path>
                    <path fill-rule="evenodd" clip-rule="evenodd" d="M6.18408 11.9034C6.18408 11.5865 6.44363 11.3296 6.7638 11.3296H12.3678C12.6879 11.3296 12.9475 11.5865 12.9475 11.9034C12.9475 12.2202 12.6879 12.4771 12.3678 12.4771H6.7638C6.44363 12.4771 6.18408 12.2202 6.18408 11.9034Z" fill="#EB0203"></path>
                    <path fill-rule="evenodd" clip-rule="evenodd" d="M6.18408 8.84116C6.18408 8.52424 6.44363 8.26733 6.7638 8.26733H12.3678C12.6879 8.26733 12.9475 8.52424 12.9475 8.84116C12.9475 9.15807 12.6879 9.41498 12.3678 9.41498H6.7638C6.44363 9.41498 6.18408 9.15807 6.18408 8.84116Z" fill="#EB0203"></path>
                    <path fill-rule="evenodd" clip-rule="evenodd" d="M6.18408 14.9655C6.18408 14.6486 6.44363 14.3917 6.7638 14.3917H10.1455C10.4657 14.3917 10.7252 14.6486 10.7252 14.9655C10.7252 15.2825 10.4657 15.5394 10.1455 15.5394H6.7638C6.44363 15.5394 6.18408 15.2825 6.18408 14.9655Z" fill="#EB0203"></path>
                    <path fill-rule="evenodd" clip-rule="evenodd" d="M3.67139 5.77914C3.67139 5.46223 3.93094 5.20532 4.25111 5.20532H4.63759C4.95776 5.20532 5.21731 5.46223 5.21731 5.77914C5.21731 6.09606 4.95776 6.35297 4.63759 6.35297H4.25111C3.93094 6.35297 3.67139 6.09606 3.67139 5.77914Z" fill="#EB0203"></path>
                    <path fill-rule="evenodd" clip-rule="evenodd" d="M3.67139 11.9034C3.67139 11.5865 3.93094 11.3296 4.25111 11.3296H4.63759C4.95776 11.3296 5.21731 11.5865 5.21731 11.9034C5.21731 12.2202 4.95776 12.4771 4.63759 12.4771H4.25111C3.93094 12.4771 3.67139 12.2202 3.67139 11.9034Z" fill="#EB0203"></path>
                    <path fill-rule="evenodd" clip-rule="evenodd" d="M3.67139 8.84116C3.67139 8.52424 3.93094 8.26733 4.25111 8.26733H4.63759C4.95776 8.26733 5.21731 8.52424 5.21731 8.84116C5.21731 9.15807 4.95776 9.41498 4.63759 9.41498H4.25111C3.93094 9.41498 3.67139 9.15807 3.67139 8.84116Z" fill="#EB0203"></path>
                    <path fill-rule="evenodd" clip-rule="evenodd" d="M3.67139 14.9655C3.67139 14.6486 3.93094 14.3917 4.25111 14.3917H4.63759C4.95776 14.3917 5.21731 14.6486 5.21731 14.9655C5.21731 15.2825 4.95776 15.5394 4.63759 15.5394H4.25111C3.93094 15.5394 3.67139 15.2825 3.67139 14.9655Z" fill="#EB0203"></path>
                    <path fill-rule="evenodd" clip-rule="evenodd" d="M0 1.76033C0 0.914738 0.692131 0.229248 1.54592 0.229248H15.0727C15.9265 0.229248 16.6186 0.914738 16.6186 1.76033V11.2818C16.6186 11.5989 16.3591 11.8559 16.0389 11.8559C15.7187 11.8559 15.4592 11.5989 15.4592 11.2818V1.76033C15.4592 1.54893 15.2862 1.37756 15.0727 1.37756H1.54592C1.33247 1.37756 1.15944 1.54893 1.15944 1.76033V18.985C1.15944 19.1964 1.33247 19.3678 1.54592 19.3678H9.27551C9.59568 19.3678 9.85523 19.6249 9.85523 19.942C9.85523 20.2591 9.59568 20.5161 9.27551 20.5161H1.54592C0.692131 20.5161 0 19.8306 0 18.985V1.76033Z" fill="#EB0203"></path>
                    <path fill-rule="evenodd" clip-rule="evenodd" d="M14.6254 13.8718C13.4921 12.8567 11.7821 12.7615 10.6574 13.7147C9.12472 15.0124 9.34891 17.128 10.4413 18.2493L14.0161 21.9126C14.2199 22.1217 14.493 22.2386 14.7824 22.2386C15.0739 22.2386 15.3449 22.1238 15.5487 21.9147L19.1235 18.2514C20.2139 17.13 20.4422 15.0144 18.9075 13.7147C17.7827 12.7634 16.0726 12.8569 14.9392 13.872C14.8856 13.92 14.8333 13.9701 14.7824 14.0222C14.7314 13.97 14.6791 13.9199 14.6254 13.8718ZM18.1546 14.588C19.0972 15.3869 18.9961 16.7262 18.2891 17.4541C18.2888 17.4543 18.2886 17.4546 18.2884 17.4548L14.7834 21.0466L11.2757 17.452C11.2756 17.4519 11.2755 17.4517 11.2753 17.4516C10.5681 16.7252 10.4682 15.3856 11.4108 14.5876L11.4112 14.5872C12.0748 14.0248 13.202 14.0556 13.949 14.8205L14.7824 15.674L15.6158 14.8205C16.3618 14.0567 17.4896 14.0256 18.1545 14.5879" fill="#EB0203"></path>
                    </svg>
                    </button>
                    </div>
                    <div class="col-sm-10 col-12">
                    <div class="ct-tile-quantity d-none" data-pid="7411311">
                    <input type="hidden" class="add-to-cart-url" value="https://www.continente.pt/on/demandware.store/Sites-continente-Site/default/Cart-AddProduct">
                    <div class="d-none tile-delete-confirmation-btn" data-pid="7411311" data-delay-time="3000" data-in-cart-msg="no carrinho" data-one-product-added="Adicionado ao carrinho" data-remove-from-cart-msg="Removido do carrinho" data-stay-open="6000.0" data-confirmation-image="{&quot;url&quot;:&quot;https://www.continente.pt/dw/image/v2/BDVS_PRD/on/demandware.static/-/Sites-col-master-catalog/default/dw6fde6376/images/col/741/7411311-frente.jpg?sw=87&amp;sh=80&quot;,&quot;fallbackimage&quot;:{&quot;url&quot;:&quot;https://www.continente.pt/dw/image/v2/BDVS_PRD/on/demandware.static/Sites-continente-Site/-/default/dw7c42b4da/images/noimagelarge_product.png?sw=87&amp;sh=80&quot;,&quot;title&quot;:&quot;Ravioli Fresco com Gorgonzola e Nozes&quot;,&quot;alt&quot;:&quot;Ravioli Fresco com Gorgonzola e Nozes&quot;},&quot;title&quot;:&quot;Ravioli Fresco com Gorgonzola e Nozes&quot;,&quot;alt&quot;:&quot;Ravioli Fresco com Gorgonzola e Nozes&quot;}"></div>
                    <div class="ct-tile-quantity-update quantity-update product-qty-vue" data-remove-action="https://www.continente.pt/on/demandware.store/Sites-continente-Site/default/Cart-RemoveProductLineItem" data-action="https://www.continente.pt/on/demandware.store/Sites-continente-Site/default/Cart-UpdateQuantity" data-dimension-update="https://www.continente.pt/on/demandware.store/Sites-continente-Site/default/Cart-DimensionUpdate" data-pid="7411311" data-uuid="837bb6ff17881cc8b37897fb36" data-add-delay="500.0" data-measure-options="{&quot;hasConversionRate&quot;:false,&quot;hasAlternativeSaleUnit&quot;:false,&quot;unitConversionRate&quot;:0,&quot;minOrderQuantity&quot;:1,&quot;stepQuantity&quot;:1,&quot;primaryunit&quot;:&quot;un&quot;,&quot;secondaryunit&quot;:&quot;kg&quot;,&quot;selectedunit&quot;:&quot;primary&quot;,&quot;maxNumberOfUnitsPerSale&quot;:50}" data-price-available="null" :data-has-error="isMaxQtyReached || isMinQtyReached || qtySelectedMoreThanOne">
                    <template v-show="prodUnits">
                    <div class="quantity-input-wrapper has-units">
                    <label class="visually-hidden" :for="'quantity-' + pid + additionalTag">
                    Quantidade no carrinho
                    </label>
                    <input :ref="'quantityInput-' + pid + additionalTag" class="add-to-cart-quantity form-control ct-form-input text-center" inputmode="numeric" :class="{'is-invalid': isInvalid}" :data-pid="pid + additionalTag" :name="'quantity-' + pid + additionalTag" type="text" aria-label="Insira a quantidade" title="" v-model="displayValue" @change="updateQuantity" @focus="updateQtyFormat" @blur="restoreQtyFormat" :disabled="!isPriceAvailable">
                    <span class="quantity-icon quantity-icon--minus">
                    <button class="decrease-quantity-btn" @click="updateQuantity" :disabled="!isPriceAvailable" role="button" aria-label="Reduzir quantidade">
                    <i class="css-math-minus"></i>
                    </button>
                    </span>
                    <span class="quantity-icon quantity-icon--plus">
                     <button class="increase-quantity-btn" @click="updateQuantity" :disabled="isMaxQtyReached || !isPriceAvailable" role="button" aria-label="Aumentar quantidade">
                    <i class="css-math-plus"></i>
                    </button>
                    <span class="quantity-btn-disabled-placeholder"></span>
                    </span>
                    <template v-if="isPDP">
                    <span class="quantity-error ct-span-error text-sm-center product-max-allocation" v-if="isMaxQtyReached">
                    Quantidade máxima atingida
                    </span>
                    <span class="quantity-error ct-span-product text-sm-center product-allocation" v-if="!isMinQtyReached &amp;&amp; !isMaxQtyReached">
                    {{quantitySelected}} no carrinho
                    </span>
                    <span class="quantity-error ct-span-error text-sm-center product-min-allocation" :data-pid="pid" v-if="isMinQtyReached &amp;&amp; !isMaxQtyReached">
                    Quantidade mínima atingida
                    </span>
                    </template>
                    </div>
                    <template v-if="showNotes">
                    <div class="add-note-link-container ">
                    <div class="add-note">
                    <a href="/produto/ravioli-fresco-com-gorgonzola-e-nozes-rana-7411311.html?showNote=true" class="ct-add-note-redirect-pdp" aria-label="Adicionar comentário">
                    <span class="svg-wrapper svg-icon-notes" style="width:19px; height:20px">
                    <svg class="svg-inline icon-notes" viewBox="0 0 28 30" xmlns="http://www.w3.org/2000/svg" width="100%" height="100%"><path d="M21.738 0C22.985 0 24 1.04 24 2.319V12.47c0 .469-.37.848-.828.848-.457 0-.827-.38-.827-.848V2.32c0-.343-.273-.622-.607-.622H2.262c-.334 0-.607.279-.607.622V27.68c0 .343.273.622.607.622h7.81c.457 0 .827.38.827.849 0 .468-.37.848-.827.848h-7.81C1.015 30 0 28.96 0 27.681V2.32C0 1.04 1.015 0 2.262 0h19.476zm2.844 16.004l.227.007c.823.053 1.589.39 2.176.964.64.627.993 1.46.993 2.349 0 .888-.353 1.722-.993 2.348l-6.83 6.665c-.11.108-.247.186-.397.226l-5.032 1.363c-.078.021-.16.032-.241.032-.242 0-.478-.097-.647-.266-.23-.231-.314-.566-.218-.874l1.49-4.798c.044-.139.122-.266.227-.369l6.844-6.677c.64-.625 1.493-.97 2.401-.97zm-2.886 3.94l-4.922 4.802-.947 3.048 3.22-.872 4.897-4.78-2.248-2.197zm2.887-2.174c-.425 0-.824.162-1.124.455l-.484.472 2.248 2.197.484-.472c.62-.606.62-1.591 0-2.197l-.117-.104c-.283-.227-.636-.35-1.007-.35zm-10.839.022c.498 0 .904.396.904.883 0 .488-.406.884-.904.884H5.946c-.499 0-.904-.396-.904-.884 0-.487.405-.883.904-.883zm5.042-4.876c.498 0 .904.397.904.884s-.406.884-.904.884H5.946c-.499 0-.904-.397-.904-.884s.405-.884.904-.884zm0-4.875c.498 0 .904.396.904.884 0 .487-.406.883-.904.883H5.946c-.499 0-.904-.396-.904-.883 0-.488.405-.884.904-.884z" fill="#EB0203" fill-rule="evenodd"></path></svg>
                    </span>
                    <div class="available-note d-none"></div>
                    </a>
                    </div>
                    </div>
                    </template>
                    <div class="measurement-unit-section" v-if="isPriceAvailable &amp;&amp; prodUnits ? prodUnits.hasAlternativeUnit : false">
                    <div class="ct-form-radio" @click="setDimension">
                    <input type="radio" title="" class="ct-form-check-input product-measurement-unit" :data-type="prodUnits.selectedUnit == prodUnits.secondaryUnit ? 'primary' : ''" :id="prodUnits.secondaryUnit + '-' + pid + '-measurement-unit-ptile' + additionalTag" :name="'measurement-unit-' + pid + '-ptile' + additionalTag" :value="prodUnits.secondaryUnit" v-model="prodUnits.selectedUnit">
                    <label :class="prodUnits.secondaryUnit + '-label ct-form-check-label mb-0'" :for="prodUnits.secondaryUnit + '-' + pid + '-measurement-unit-ptile' + additionalTag">
                    {{prodUnits.secondaryUnit}}
                    </label>
                    <span class="checkmark"></span>
                    </div>
                    <div class="ct-form-radio" @click="setDimension">
                    <input type="radio" title="" class="ct-form-check-input product-measurement-unit" :data-type="prodUnits.selectedUnit == prodUnits.primaryUnit ? 'primary' : ''" :id="prodUnits.primaryUnit + '-' + pid + '-measurement-unit-ptile' + additionalTag" :name="'measurement-unit-' + pid + '-ptile' + additionalTag" :value="prodUnits.primaryUnit" v-model="prodUnits.selectedUnit">
                    <label :class="prodUnits.primaryUnit + '-label ct-form-check-label mb-0'" :for="prodUnits.primaryUnit + '-' + pid + '-measurement-unit-ptile' + additionalTag">
                    {{prodUnits.primaryUnit}}
                    </label>
                    <span class="checkmark"></span>
                    </div>
                    </div>
                    <template v-if="!isPDP &amp;&amp; isPriceAvailable">
                    <span class="quantity-error ct-span-error product-max-allocation" v-if="isMaxQtyReached">
                    Quantidade máxima atingida
                    </span>
                    <span class="quantity-error ct-span-product product-allocation" v-if="!isMinQtyReached &amp;&amp; !isMaxQtyReached">
                    {{quantitySelected}} no carrinho
                    </span>
                    <span class="quantity-error ct-span-error product-min-allocation" :data-pid="pid" v-if="isMinQtyReached &amp;&amp; !isMaxQtyReached">
                    Quantidade mínima atingida
                    </span>
                    </template>
                    </template>
                    </div>
                    <input class="quantity-value-mask d-none" name="quantity" type="number" min="0" value="">
                    </div>
                    <button type="button" class="add-to-cart button js-add-to-cart js-add-to-cart-tile 7411311 button--primary dynamic-layout-btn" data-toggle="modal" data-target="#chooseBonusProductModal" data-pid="7411311" data-quantity-value="null" aria-label="Carrinho">
                    <span class="d-block d-sm-none">
                    <span class="svg-wrapper svg-icon-cart" style="width:20px; height:20px">
                    <svg class="svg-inline icon-cart" xmlns="http://www.w3.org/2000/svg" viewBox="0 0 500 500" width="100%" height="100%"><path fill="#EB0203" fill-rule="evenodd" d="M 485.67317,94.386311 C 476.37798,83.847129 463.09468,78.03348 448.30404,78.03348 H 90.690813 L 87.079511,51.327997 C 83.185582,22.539551 62.962285,0 41.011841,0 H 14.727836 C 6.563151,0 0,6.5286975 0,14.580758 c 0,8.05206 6.5945535,14.580758 14.727836,14.580758 h 26.284005 c 4.710398,0 14.696435,9.855222 16.894619,26.021523 L 100.01739,368.0631 c 1.88416,13.77244 9.01256,26.70549 20.1605,36.37417 8.25889,7.15046 18.02511,11.9071 28.26237,13.89679 -4.17655,7.58572 -6.53175,16.25957 -6.53175,25.493 0,29.53459 24.27424,53.59751 54.13815,53.59751 29.8325,0 54.13814,-24.03184 54.13814,-53.59751 0,-8.79818 -2.19818,-17.09897 -5.9979,-24.43598 h 77.12488 c -3.79973,7.33701 -5.96652,15.6378 -5.96652,24.43598 0,29.53459 24.27424,53.59751 54.13817,53.59751 29.83249,0 54.13814,-24.03184 54.13814,-53.59751 0,-8.79818 -2.1982,-17.09897 -5.9979,-24.43598 h 38.56243 c 8.13328,0 14.72783,-6.5287 14.72783,-14.61183 0,-8.02098 -6.59455,-14.54967 -14.72783,-14.54967 H 159.24277 c -14.38241,0 -28.13677,-11.90711 -30.02092,-26.02153 l -3.07746,-22.88154 h 290.6314 c 14.03698,0 27.94834,-5.28513 39.06488,-14.95381 11.11652,-9.6376 18.27632,-22.57065 20.16048,-36.37417 l 21.10259,-156.78201 c 1.94694,-14.51858 -2.10398,-28.29103 -11.43057,-38.861299 z M 220.76053,443.82706 c 0,13.49265 -11.08513,24.46709 -24.68247,24.46709 -13.62874,0 -24.71387,-10.97444 -24.71387,-24.46709 0,-13.49262 11.08513,-24.43598 24.71387,-24.43598 13.59734,0 24.68247,10.94336 24.68247,24.43598 z m 173.43675,0 c 0,13.49265 -11.08512,24.46709 -24.68245,24.46709 -13.62876,0 -24.71388,-10.97444 -24.71388,-24.46709 0,-13.49262 11.08512,-24.43598 24.71388,-24.43598 13.59733,0 24.68245,10.94336 24.68245,24.43598 z m 73.7648,-314.46558 -21.13397,156.782 c -1.88416,14.11442 -15.63851,26.05261 -30.02091,26.05261 H 122.25046 L 94.616142,107.19499 H 448.33544 c 6.18632,0 11.61896,2.2695 15.23028,6.37326 3.64269,4.13484 5.21283,9.73086 4.39636,15.79323 z"></path></svg>
                    </span>
                    </span>
                    <span class="add-to-cart--text d-none d-sm-block">Carrinho</span>
                    </button>
                    </div>
                    </div>
                    </div>
                    </div>
                    
                    <div class="col-12 d-sm-none">
                    </div>
                    </div>
                    </div>
                    </div>
                    </div>
                    <div class="col-12 col-sm-3 col-lg-2 productTile" data-idx="27">
                    
                    <script type="text/javascript">//<!--
                    /* <![CDATA[ */
                    (function(){
                    try {
                        if(window.CQuotient) {
                        var cq_params = {};
                        
                        cq_params.cookieId = window.CQuotient.getCQCookieId();
                        cq_params.userId = window.CQuotient.getCQUserId();
                        cq_params.emailId = CQuotient.getCQHashedEmail();
                        cq_params.loginId = CQuotient.getCQHashedLogin();
                        cq_params.accumulate = true;
                        cq_params.products = [{
                            id: '5122856',
                            sku: ''
                        }];
                        cq_params.categoryId = 'refeicoes-faceis';
                        cq_params.refinements = '[{\"name\":\"priceMin\",\"value\":\"0.01\"},{\"name\":\"priceMax\",\"value\":\"null\"},{\"name\":\"curr\",\"value\":\"EUR\"},{\"name\":\"Category\",\"value\":\"refeicoes-faceis\"}]';
                        cq_params.personalized = 'false';
                        cq_params.sortingRule = 'FRESH-Refei\u00E7\u00F5es F\u00E1ceis';
                        cq_params.imageUUID = '__UNDEFINED__';
                        cq_params.realm = "BDVS";
                        cq_params.siteId = "continente";
                        cq_params.instanceType = "prd";
                        cq_params.queryLocale = "default";
                        cq_params.locale = window.CQuotient.locale;
                        
                        if(window.CQuotient.sendActivity)
                            window.CQuotient.sendActivity(CQuotient.clientId, 'viewCategory', cq_params);
                        else
                            window.CQuotient.activities.push({
                                activityType: 'viewCategory',
                                parameters: cq_params
                            });
                      }
                    } catch(err) {}
                    })();
                    /* ]]> */
                    // -->
                    </script>
                    <script type="text/javascript">//<!--
                    /* <![CDATA[ (viewCategoryProduct-active_data.js) */
                    (function(){
                    try {
                        if (dw.ac) {
                            var search_params = {};
                            search_params.persd = 'false';
                            search_params.refs = '[{\"name\":\"priceMin\",\"value\":\"0.01\"},{\"name\":\"priceMax\",\"value\":\"null\"},{\"name\":\"curr\",\"value\":\"EUR\"},{\"name\":\"Category\",\"value\":\"refeicoes-faceis\"}]';
                            search_params.sort = 'FRESH-Refei\u00E7\u00F5es F\u00E1ceis';
                            search_params.imageUUID = '';
                            search_params.searchID = 'adc2ebee-ded6-4d71-a833-c4f63de27d3e';
                            search_params.locale = 'default';
                            search_params.queryLocale = 'default';
                            search_params.showProducts = 'true';
                            dw.ac.applyContext({category: "refeicoes-faceis", searchData: search_params});
                            if (typeof dw.ac._scheduleDataSubmission === "function") {
                                dw.ac._scheduleDataSubmission();
                            }
                        }
                    } catch(err) {}
                    })();
                    /* ]]> */
                    // -->
                    </script>
                    <script type="text/javascript">//<!--
                    /* <![CDATA[ (viewProduct-active_data.js) */
                    dw.ac._capture({id: "5122856", type: "searchhit"});
                    /* ]]> */
                    // -->
                    </script>
                    <div class="product" data-pid="5122856">
                    <div class="product-tile pid-5122856 ct-product-tile-out-of-stock ct-product-tile data-layer-pushed" data-delay-time="3000" data-variants-mapping="[]" data-in-cart-msg="no carrinho" data-one-product-added="Adicionado ao carrinho" data-remove-from-cart-msg="Removido do carrinho" data-stay-open="6000.0" data-product-tile-impression="{&quot;name&quot;:&quot;5122856&quot;,&quot;id&quot;:&quot;5122856&quot;,&quot;price&quot;:2.99,&quot;brand&quot;:&quot;Continente Fácil &amp; Bom&quot;,&quot;category&quot;:[{&quot;category_level_1&quot;:&quot;Take-Away&quot;},{&quot;category_level_2&quot;:&quot;Sopas&quot;},{&quot;category_level_3&quot;:&quot;Tradicionais&quot;}],&quot;variant&quot;:&quot;&quot;}">
                    <div class="ct-inner-tile-wrap row no-gutters justify-content-center align-content-start">
                    
                    <div class="ct-image-container col-4 col-sm" data-confirmation-image="{&quot;url&quot;:&quot;https://www.continente.pt/dw/image/v2/BDVS_PRD/on/demandware.static/-/Sites-col-master-catalog/default/dw0d597b49/images/col/512/5122856-frente.jpg?sw=87&amp;sh=80&quot;,&quot;fallbackimage&quot;:{&quot;url&quot;:&quot;https://www.continente.pt/dw/image/v2/BDVS_PRD/on/demandware.static/Sites-continente-Site/-/default/dw7c42b4da/images/noimagelarge_product.png?sw=87&amp;sh=80&quot;,&quot;title&quot;:&quot;Sopa de Legumes com Feijão e Chouriço&quot;,&quot;alt&quot;:&quot;Sopa de Legumes com Feijão e Chouriço&quot;},&quot;title&quot;:&quot;Sopa de Legumes com Feijão e Chouriço&quot;,&quot;alt&quot;:&quot;Sopa de Legumes com Feijão e Chouriço&quot;}">
                    <a href="https://www.continente.pt/produto/sopa-de-legumes-com-feijao-e-chourico-continente-facil-bom-5122856.html?cgid=refeicoes-faceis">
                    <picture class="intrinsic intrinsic--square">
                    <img class="ct-tile-image lazyloaded" loading="lazy" onerror="this.onerror=null;this.src='/on/demandware.static/Sites-continente-Site/-/default/dw7c42b4da/images/noimagelarge_product.png';" data-src="https://www.continente.pt/dw/image/v2/BDVS_PRD/on/demandware.static/-/Sites-col-master-catalog/default/dw0d597b49/images/col/512/5122856-frente.jpg?sw=280&amp;sh=280" alt="Sopa de Legumes com Feijão e Chouriço" title="Sopa de Legumes com Feijão e Chouriço" src="https://www.continente.pt/dw/image/v2/BDVS_PRD/on/demandware.static/-/Sites-col-master-catalog/default/dw0d597b49/images/col/512/5122856-frente.jpg?sw=280&amp;sh=280">
                    </picture>
                    </a>
                    <div class="color-swatches d-flex" style="margin-left: 5px;">
                    <div class="swatches d-flex">
                    </div>
                    </div>
                    </div>
                    <div class="ct-tile-body col col-sm-auto ">
                    <div class="ct-pdp-details">
                    <div class="ct-pdp-link">
                    <a class="ct-tile--description" href="https://www.continente.pt/produto/sopa-de-legumes-com-feijao-e-chourico-continente-facil-bom-5122856.html?cgid=refeicoes-faceis">Sopa de Legumes com Feijão e Chouriço</a>
                    <div class="ct-tile--favorite-top d-sm-none">
                    <button class="wishlist-toggler guest-mode inactive button button--tertiary" data-pid="5122856" data-add-url="https://www.continente.pt/on/demandware.store/Sites-continente-Site/default/Wishlist-AddProduct?pid=5122856" data-toggle="tooltip" aria-label="Adicionar aos favoritos " data-original-title="Adicionar aos favoritos" data-placement="top">
                    <svg class="active-content" width="100%" height="100%" viewBox="0 0 20 22" fill="none" xmlns="http://www.w3.org/2000/svg">
                    <path fill-rule="evenodd" clip-rule="evenodd" d="M0 1.53052C0 0.685236 0.692171 0 1.54601 0H15.0736C15.9274 0 16.6196 0.685235 16.6196 1.53052V13.4064L15.8127 13.922L14.2658 14.2658L12.7189 13.4064L10.6054 14.3818C10.4994 14.2451 10.3327 14.157 10.1452 14.157H6.76329C6.4431 14.157 6.18354 14.414 6.18354 14.731C6.18354 15.0479 6.4431 15.3049 6.76329 15.3049H10.1452C10.2478 15.3049 10.3441 15.2785 10.4277 15.2322L10.3126 16.8439L13.2345 20.2793H1.54601C0.69217 20.2793 0 19.5941 0 18.7488V1.53052ZM6.18354 5.5483C6.18354 5.23132 6.4431 4.97436 6.76329 4.97436H12.3676C12.6878 4.97436 12.9473 5.23132 12.9473 5.5483C12.9473 5.86528 12.6878 6.12224 12.3676 6.12224H6.76329C6.4431 6.12224 6.18354 5.86528 6.18354 5.5483ZM6.76329 11.0961C6.4431 11.0961 6.18354 11.3531 6.18354 11.6701C6.18354 11.987 6.4431 12.244 6.76329 12.244H12.3676C12.6878 12.244 12.9473 11.987 12.9473 11.6701C12.9473 11.3531 12.6878 11.0961 12.3676 11.0961H6.76329ZM6.18354 8.60985C6.18354 8.29287 6.4431 8.03591 6.76329 8.03591H12.3676C12.6878 8.03591 12.9473 8.29287 12.9473 8.60985C12.9473 8.92684 12.6878 9.1838 12.3676 9.1838H6.76329C6.4431 9.1838 6.18354 8.92684 6.18354 8.60985ZM3.67118 5.5483C3.67118 5.23132 3.93075 4.97436 4.25093 4.97436H4.63743C4.95762 4.97436 5.21719 5.23132 5.21719 5.5483C5.21719 5.86528 4.95762 6.12224 4.63743 6.12224H4.25093C3.93075 6.12224 3.67118 5.86528 3.67118 5.5483ZM4.25093 11.0961C3.93075 11.0961 3.67118 11.3531 3.67118 11.6701C3.67118 11.987 3.93075 12.244 4.25093 12.244H4.63743C4.95762 12.244 5.21719 11.987 5.21719 11.6701C5.21719 11.3531 4.95762 11.0961 4.63743 11.0961H4.25093ZM3.67118 8.60985C3.67118 8.29287 3.93075 8.03591 4.25093 8.03591H4.63743C4.95762 8.03591 5.21719 8.29287 5.21719 8.60985C5.21719 8.92684 4.95762 9.1838 4.63743 9.1838H4.25093C3.93075 9.1838 3.67118 8.92684 3.67118 8.60985ZM4.25093 14.157C3.93075 14.157 3.67118 14.414 3.67118 14.731C3.67118 15.0479 3.93075 15.3049 4.25093 15.3049H4.63743C4.95762 15.3049 5.21719 15.0479 5.21719 14.731C5.21719 14.414 4.95762 14.157 4.63743 14.157H4.25093Z" fill="#EB0203"></path>
                    <path fill-rule="evenodd" clip-rule="evenodd" d="M14.6252 13.6363C13.4918 12.6215 11.7817 12.5264 10.6569 13.4792C9.12421 14.7764 9.34841 16.8912 10.4409 18.0122L14.0159 21.6742C14.2197 21.8832 14.4928 22 14.7822 22C15.0737 22 15.3448 21.8852 15.5486 21.6762L19.1236 18.0142C20.214 16.8933 20.4423 14.7785 18.9075 13.4792C17.7827 12.5283 16.0724 12.6217 14.9391 13.6365C14.8855 13.6845 14.8331 13.7345 14.7822 13.7866C14.7313 13.7345 14.6789 13.6843 14.6252 13.6363ZM18.1546 14.3522C19.0973 15.1508 18.9962 16.4896 18.2891 17.2173C18.2888 17.2175 18.2886 17.2177 18.2884 17.218L14.7832 20.8084L11.2753 17.2151C11.2752 17.215 11.2751 17.2149 11.2749 17.2148C10.5677 16.4887 10.4678 15.1495 11.4104 14.3518L11.4108 14.3514C12.0745 13.7892 13.2018 13.82 13.9488 14.5846L14.7822 15.4378L15.6157 14.5846C16.3617 13.8211 17.4896 13.79 18.1545 14.3521" fill="#EB0203"></path>
                    </svg>
                    <svg class="inactive-content" width="100%" height="100%" viewBox="0 0 20 23" fill="none" xmlns="http://www.w3.org/2000/svg">
                    <path fill-rule="evenodd" clip-rule="evenodd" d="M6.18408 5.77914C6.18408 5.46223 6.44363 5.20532 6.7638 5.20532H12.3678C12.6879 5.20532 12.9475 5.46223 12.9475 5.77914C12.9475 6.09606 12.6879 6.35297 12.3678 6.35297H6.7638C6.44363 6.35297 6.18408 6.09606 6.18408 5.77914Z" fill="#EB0203"></path>
                    <path fill-rule="evenodd" clip-rule="evenodd" d="M6.18408 11.9034C6.18408 11.5865 6.44363 11.3296 6.7638 11.3296H12.3678C12.6879 11.3296 12.9475 11.5865 12.9475 11.9034C12.9475 12.2202 12.6879 12.4771 12.3678 12.4771H6.7638C6.44363 12.4771 6.18408 12.2202 6.18408 11.9034Z" fill="#EB0203"></path>
                    <path fill-rule="evenodd" clip-rule="evenodd" d="M6.18408 8.84116C6.18408 8.52424 6.44363 8.26733 6.7638 8.26733H12.3678C12.6879 8.26733 12.9475 8.52424 12.9475 8.84116C12.9475 9.15807 12.6879 9.41498 12.3678 9.41498H6.7638C6.44363 9.41498 6.18408 9.15807 6.18408 8.84116Z" fill="#EB0203"></path>
                    <path fill-rule="evenodd" clip-rule="evenodd" d="M6.18408 14.9655C6.18408 14.6486 6.44363 14.3917 6.7638 14.3917H10.1455C10.4657 14.3917 10.7252 14.6486 10.7252 14.9655C10.7252 15.2825 10.4657 15.5394 10.1455 15.5394H6.7638C6.44363 15.5394 6.18408 15.2825 6.18408 14.9655Z" fill="#EB0203"></path>
                    <path fill-rule="evenodd" clip-rule="evenodd" d="M3.67139 5.77914C3.67139 5.46223 3.93094 5.20532 4.25111 5.20532H4.63759C4.95776 5.20532 5.21731 5.46223 5.21731 5.77914C5.21731 6.09606 4.95776 6.35297 4.63759 6.35297H4.25111C3.93094 6.35297 3.67139 6.09606 3.67139 5.77914Z" fill="#EB0203"></path>
                    <path fill-rule="evenodd" clip-rule="evenodd" d="M3.67139 11.9034C3.67139 11.5865 3.93094 11.3296 4.25111 11.3296H4.63759C4.95776 11.3296 5.21731 11.5865 5.21731 11.9034C5.21731 12.2202 4.95776 12.4771 4.63759 12.4771H4.25111C3.93094 12.4771 3.67139 12.2202 3.67139 11.9034Z" fill="#EB0203"></path>
                    <path fill-rule="evenodd" clip-rule="evenodd" d="M3.67139 8.84116C3.67139 8.52424 3.93094 8.26733 4.25111 8.26733H4.63759C4.95776 8.26733 5.21731 8.52424 5.21731 8.84116C5.21731 9.15807 4.95776 9.41498 4.63759 9.41498H4.25111C3.93094 9.41498 3.67139 9.15807 3.67139 8.84116Z" fill="#EB0203"></path>
                    <path fill-rule="evenodd" clip-rule="evenodd" d="M3.67139 14.9655C3.67139 14.6486 3.93094 14.3917 4.25111 14.3917H4.63759C4.95776 14.3917 5.21731 14.6486 5.21731 14.9655C5.21731 15.2825 4.95776 15.5394 4.63759 15.5394H4.25111C3.93094 15.5394 3.67139 15.2825 3.67139 14.9655Z" fill="#EB0203"></path>
                    <path fill-rule="evenodd" clip-rule="evenodd" d="M0 1.76033C0 0.914738 0.692131 0.229248 1.54592 0.229248H15.0727C15.9265 0.229248 16.6186 0.914738 16.6186 1.76033V11.2818C16.6186 11.5989 16.3591 11.8559 16.0389 11.8559C15.7187 11.8559 15.4592 11.5989 15.4592 11.2818V1.76033C15.4592 1.54893 15.2862 1.37756 15.0727 1.37756H1.54592C1.33247 1.37756 1.15944 1.54893 1.15944 1.76033V18.985C1.15944 19.1964 1.33247 19.3678 1.54592 19.3678H9.27551C9.59568 19.3678 9.85523 19.6249 9.85523 19.942C9.85523 20.2591 9.59568 20.5161 9.27551 20.5161H1.54592C0.692131 20.5161 0 19.8306 0 18.985V1.76033Z" fill="#EB0203"></path>
                    <path fill-rule="evenodd" clip-rule="evenodd" d="M14.6254 13.8718C13.4921 12.8567 11.7821 12.7615 10.6574 13.7147C9.12472 15.0124 9.34891 17.128 10.4413 18.2493L14.0161 21.9126C14.2199 22.1217 14.493 22.2386 14.7824 22.2386C15.0739 22.2386 15.3449 22.1238 15.5487 21.9147L19.1235 18.2514C20.2139 17.13 20.4422 15.0144 18.9075 13.7147C17.7827 12.7634 16.0726 12.8569 14.9392 13.872C14.8856 13.92 14.8333 13.9701 14.7824 14.0222C14.7314 13.97 14.6791 13.9199 14.6254 13.8718ZM18.1546 14.588C19.0972 15.3869 18.9961 16.7262 18.2891 17.4541C18.2888 17.4543 18.2886 17.4546 18.2884 17.4548L14.7834 21.0466L11.2757 17.452C11.2756 17.4519 11.2755 17.4517 11.2753 17.4516C10.5681 16.7252 10.4682 15.3856 11.4108 14.5876L11.4112 14.5872C12.0748 14.0248 13.202 14.0556 13.949 14.8205L14.7824 15.674L15.6158 14.8205C16.3618 14.0567 17.4896 14.0256 18.1545 14.5879" fill="#EB0203"></path>
                    </svg>
                    </button>
                    </div>
                    </div>
                    <p class="ct-tile--brand">Continente Fácil &amp; Bom</p>
                    <p class="ct-tile--quantity">emb. 800 gr</p>
                    </div>
                    <div class="ct-tile-bottom row no-gutters justify-content-between">
                    <div class="ct-price-wrap col-8 col-sm-12">
                    <div class="price js-product-price">
                    <div class="prices-wrapper">
                    <span class="sales ct-tile--price-primary ">
                    <span class="value" content="2.99">
                    <span class="ct-price-formatted">
                    €2,99
                    </span>
                    <span class="ct-m-unit">
                    /un
                    </span>
                    </span>
                    </span>
                    </div>
                    <div class="ct-tile--price-secondary">
                    <span class="ct-price-value">
                     €3,74
                    </span>
                    <span class="ct-m-unit">
                    /kg
                    </span>
                    </div>
                    </div>
                    </div>
                    <div class="ct-tile-buy-section d-flex justify-content-center no-gutters col-auto col-sm-12">
                    <div class="col-2 d-sm-flex d-none">
                    <button class="wishlist-toggler guest-mode inactive button button--tertiary" data-pid="5122856" data-add-url="https://www.continente.pt/on/demandware.store/Sites-continente-Site/default/Wishlist-AddProduct?pid=5122856" data-toggle="tooltip" aria-label="Adicionar aos favoritos " data-original-title="Adicionar aos favoritos" data-placement="top">
                    <svg class="active-content" width="100%" height="100%" viewBox="0 0 20 22" fill="none" xmlns="http://www.w3.org/2000/svg">
                    <path fill-rule="evenodd" clip-rule="evenodd" d="M0 1.53052C0 0.685236 0.692171 0 1.54601 0H15.0736C15.9274 0 16.6196 0.685235 16.6196 1.53052V13.4064L15.8127 13.922L14.2658 14.2658L12.7189 13.4064L10.6054 14.3818C10.4994 14.2451 10.3327 14.157 10.1452 14.157H6.76329C6.4431 14.157 6.18354 14.414 6.18354 14.731C6.18354 15.0479 6.4431 15.3049 6.76329 15.3049H10.1452C10.2478 15.3049 10.3441 15.2785 10.4277 15.2322L10.3126 16.8439L13.2345 20.2793H1.54601C0.69217 20.2793 0 19.5941 0 18.7488V1.53052ZM6.18354 5.5483C6.18354 5.23132 6.4431 4.97436 6.76329 4.97436H12.3676C12.6878 4.97436 12.9473 5.23132 12.9473 5.5483C12.9473 5.86528 12.6878 6.12224 12.3676 6.12224H6.76329C6.4431 6.12224 6.18354 5.86528 6.18354 5.5483ZM6.76329 11.0961C6.4431 11.0961 6.18354 11.3531 6.18354 11.6701C6.18354 11.987 6.4431 12.244 6.76329 12.244H12.3676C12.6878 12.244 12.9473 11.987 12.9473 11.6701C12.9473 11.3531 12.6878 11.0961 12.3676 11.0961H6.76329ZM6.18354 8.60985C6.18354 8.29287 6.4431 8.03591 6.76329 8.03591H12.3676C12.6878 8.03591 12.9473 8.29287 12.9473 8.60985C12.9473 8.92684 12.6878 9.1838 12.3676 9.1838H6.76329C6.4431 9.1838 6.18354 8.92684 6.18354 8.60985ZM3.67118 5.5483C3.67118 5.23132 3.93075 4.97436 4.25093 4.97436H4.63743C4.95762 4.97436 5.21719 5.23132 5.21719 5.5483C5.21719 5.86528 4.95762 6.12224 4.63743 6.12224H4.25093C3.93075 6.12224 3.67118 5.86528 3.67118 5.5483ZM4.25093 11.0961C3.93075 11.0961 3.67118 11.3531 3.67118 11.6701C3.67118 11.987 3.93075 12.244 4.25093 12.244H4.63743C4.95762 12.244 5.21719 11.987 5.21719 11.6701C5.21719 11.3531 4.95762 11.0961 4.63743 11.0961H4.25093ZM3.67118 8.60985C3.67118 8.29287 3.93075 8.03591 4.25093 8.03591H4.63743C4.95762 8.03591 5.21719 8.29287 5.21719 8.60985C5.21719 8.92684 4.95762 9.1838 4.63743 9.1838H4.25093C3.93075 9.1838 3.67118 8.92684 3.67118 8.60985ZM4.25093 14.157C3.93075 14.157 3.67118 14.414 3.67118 14.731C3.67118 15.0479 3.93075 15.3049 4.25093 15.3049H4.63743C4.95762 15.3049 5.21719 15.0479 5.21719 14.731C5.21719 14.414 4.95762 14.157 4.63743 14.157H4.25093Z" fill="#EB0203"></path>
                    <path fill-rule="evenodd" clip-rule="evenodd" d="M14.6252 13.6363C13.4918 12.6215 11.7817 12.5264 10.6569 13.4792C9.12421 14.7764 9.34841 16.8912 10.4409 18.0122L14.0159 21.6742C14.2197 21.8832 14.4928 22 14.7822 22C15.0737 22 15.3448 21.8852 15.5486 21.6762L19.1236 18.0142C20.214 16.8933 20.4423 14.7785 18.9075 13.4792C17.7827 12.5283 16.0724 12.6217 14.9391 13.6365C14.8855 13.6845 14.8331 13.7345 14.7822 13.7866C14.7313 13.7345 14.6789 13.6843 14.6252 13.6363ZM18.1546 14.3522C19.0973 15.1508 18.9962 16.4896 18.2891 17.2173C18.2888 17.2175 18.2886 17.2177 18.2884 17.218L14.7832 20.8084L11.2753 17.2151C11.2752 17.215 11.2751 17.2149 11.2749 17.2148C10.5677 16.4887 10.4678 15.1495 11.4104 14.3518L11.4108 14.3514C12.0745 13.7892 13.2018 13.82 13.9488 14.5846L14.7822 15.4378L15.6157 14.5846C16.3617 13.8211 17.4896 13.79 18.1545 14.3521" fill="#EB0203"></path>
                    </svg>
                    <svg class="inactive-content" width="100%" height="100%" viewBox="0 0 20 23" fill="none" xmlns="http://www.w3.org/2000/svg">
                    <path fill-rule="evenodd" clip-rule="evenodd" d="M6.18408 5.77914C6.18408 5.46223 6.44363 5.20532 6.7638 5.20532H12.3678C12.6879 5.20532 12.9475 5.46223 12.9475 5.77914C12.9475 6.09606 12.6879 6.35297 12.3678 6.35297H6.7638C6.44363 6.35297 6.18408 6.09606 6.18408 5.77914Z" fill="#EB0203"></path>
                    <path fill-rule="evenodd" clip-rule="evenodd" d="M6.18408 11.9034C6.18408 11.5865 6.44363 11.3296 6.7638 11.3296H12.3678C12.6879 11.3296 12.9475 11.5865 12.9475 11.9034C12.9475 12.2202 12.6879 12.4771 12.3678 12.4771H6.7638C6.44363 12.4771 6.18408 12.2202 6.18408 11.9034Z" fill="#EB0203"></path>
                    <path fill-rule="evenodd" clip-rule="evenodd" d="M6.18408 8.84116C6.18408 8.52424 6.44363 8.26733 6.7638 8.26733H12.3678C12.6879 8.26733 12.9475 8.52424 12.9475 8.84116C12.9475 9.15807 12.6879 9.41498 12.3678 9.41498H6.7638C6.44363 9.41498 6.18408 9.15807 6.18408 8.84116Z" fill="#EB0203"></path>
                    <path fill-rule="evenodd" clip-rule="evenodd" d="M6.18408 14.9655C6.18408 14.6486 6.44363 14.3917 6.7638 14.3917H10.1455C10.4657 14.3917 10.7252 14.6486 10.7252 14.9655C10.7252 15.2825 10.4657 15.5394 10.1455 15.5394H6.7638C6.44363 15.5394 6.18408 15.2825 6.18408 14.9655Z" fill="#EB0203"></path>
                    <path fill-rule="evenodd" clip-rule="evenodd" d="M3.67139 5.77914C3.67139 5.46223 3.93094 5.20532 4.25111 5.20532H4.63759C4.95776 5.20532 5.21731 5.46223 5.21731 5.77914C5.21731 6.09606 4.95776 6.35297 4.63759 6.35297H4.25111C3.93094 6.35297 3.67139 6.09606 3.67139 5.77914Z" fill="#EB0203"></path>
                    <path fill-rule="evenodd" clip-rule="evenodd" d="M3.67139 11.9034C3.67139 11.5865 3.93094 11.3296 4.25111 11.3296H4.63759C4.95776 11.3296 5.21731 11.5865 5.21731 11.9034C5.21731 12.2202 4.95776 12.4771 4.63759 12.4771H4.25111C3.93094 12.4771 3.67139 12.2202 3.67139 11.9034Z" fill="#EB0203"></path>
                    <path fill-rule="evenodd" clip-rule="evenodd" d="M3.67139 8.84116C3.67139 8.52424 3.93094 8.26733 4.25111 8.26733H4.63759C4.95776 8.26733 5.21731 8.52424 5.21731 8.84116C5.21731 9.15807 4.95776 9.41498 4.63759 9.41498H4.25111C3.93094 9.41498 3.67139 9.15807 3.67139 8.84116Z" fill="#EB0203"></path>
                    <path fill-rule="evenodd" clip-rule="evenodd" d="M3.67139 14.9655C3.67139 14.6486 3.93094 14.3917 4.25111 14.3917H4.63759C4.95776 14.3917 5.21731 14.6486 5.21731 14.9655C5.21731 15.2825 4.95776 15.5394 4.63759 15.5394H4.25111C3.93094 15.5394 3.67139 15.2825 3.67139 14.9655Z" fill="#EB0203"></path>
                    <path fill-rule="evenodd" clip-rule="evenodd" d="M0 1.76033C0 0.914738 0.692131 0.229248 1.54592 0.229248H15.0727C15.9265 0.229248 16.6186 0.914738 16.6186 1.76033V11.2818C16.6186 11.5989 16.3591 11.8559 16.0389 11.8559C15.7187 11.8559 15.4592 11.5989 15.4592 11.2818V1.76033C15.4592 1.54893 15.2862 1.37756 15.0727 1.37756H1.54592C1.33247 1.37756 1.15944 1.54893 1.15944 1.76033V18.985C1.15944 19.1964 1.33247 19.3678 1.54592 19.3678H9.27551C9.59568 19.3678 9.85523 19.6249 9.85523 19.942C9.85523 20.2591 9.59568 20.5161 9.27551 20.5161H1.54592C0.692131 20.5161 0 19.8306 0 18.985V1.76033Z" fill="#EB0203"></path>
                    <path fill-rule="evenodd" clip-rule="evenodd" d="M14.6254 13.8718C13.4921 12.8567 11.7821 12.7615 10.6574 13.7147C9.12472 15.0124 9.34891 17.128 10.4413 18.2493L14.0161 21.9126C14.2199 22.1217 14.493 22.2386 14.7824 22.2386C15.0739 22.2386 15.3449 22.1238 15.5487 21.9147L19.1235 18.2514C20.2139 17.13 20.4422 15.0144 18.9075 13.7147C17.7827 12.7634 16.0726 12.8569 14.9392 13.872C14.8856 13.92 14.8333 13.9701 14.7824 14.0222C14.7314 13.97 14.6791 13.9199 14.6254 13.8718ZM18.1546 14.588C19.0972 15.3869 18.9961 16.7262 18.2891 17.4541C18.2888 17.4543 18.2886 17.4546 18.2884 17.4548L14.7834 21.0466L11.2757 17.452C11.2756 17.4519 11.2755 17.4517 11.2753 17.4516C10.5681 16.7252 10.4682 15.3856 11.4108 14.5876L11.4112 14.5872C12.0748 14.0248 13.202 14.0556 13.949 14.8205L14.7824 15.674L15.6158 14.8205C16.3618 14.0567 17.4896 14.0256 18.1545 14.5879" fill="#EB0203"></path>
                    </svg>
                    </button>
                    </div>
                    <div class="col-sm-10 col-12">
                    <div class="ct-tile-quantity d-none" data-pid="5122856">
                    <input type="hidden" class="add-to-cart-url" value="https://www.continente.pt/on/demandware.store/Sites-continente-Site/default/Cart-AddProduct">
                    <div class="d-none tile-delete-confirmation-btn" data-pid="5122856" data-delay-time="3000" data-in-cart-msg="no carrinho" data-one-product-added="Adicionado ao carrinho" data-remove-from-cart-msg="Removido do carrinho" data-stay-open="6000.0" data-confirmation-image="{&quot;url&quot;:&quot;https://www.continente.pt/dw/image/v2/BDVS_PRD/on/demandware.static/-/Sites-col-master-catalog/default/dw0d597b49/images/col/512/5122856-frente.jpg?sw=87&amp;sh=80&quot;,&quot;fallbackimage&quot;:{&quot;url&quot;:&quot;https://www.continente.pt/dw/image/v2/BDVS_PRD/on/demandware.static/Sites-continente-Site/-/default/dw7c42b4da/images/noimagelarge_product.png?sw=87&amp;sh=80&quot;,&quot;title&quot;:&quot;Sopa de Legumes com Feijão e Chouriço&quot;,&quot;alt&quot;:&quot;Sopa de Legumes com Feijão e Chouriço&quot;},&quot;title&quot;:&quot;Sopa de Legumes com Feijão e Chouriço&quot;,&quot;alt&quot;:&quot;Sopa de Legumes com Feijão e Chouriço&quot;}"></div>
                    <div class="ct-tile-quantity-update quantity-update product-qty-vue" data-remove-action="https://www.continente.pt/on/demandware.store/Sites-continente-Site/default/Cart-RemoveProductLineItem" data-action="https://www.continente.pt/on/demandware.store/Sites-continente-Site/default/Cart-UpdateQuantity" data-dimension-update="https://www.continente.pt/on/demandware.store/Sites-continente-Site/default/Cart-DimensionUpdate" data-pid="5122856" data-uuid="8ae626d018a66f161862ecf72f" data-add-delay="500.0" data-measure-options="{&quot;hasConversionRate&quot;:true,&quot;hasAlternativeSaleUnit&quot;:false,&quot;primaryToSecondary&quot;:1,&quot;secondaryToPrimary&quot;:1,&quot;unitConversionRate&quot;:1,&quot;minOrderQuantity&quot;:1,&quot;stepQuantity&quot;:1,&quot;primaryunit&quot;:&quot;un&quot;,&quot;secondaryunit&quot;:&quot;kg&quot;,&quot;selectedunit&quot;:&quot;primary&quot;,&quot;maxNumberOfUnitsPerSale&quot;:50}" data-price-available="null" :data-has-error="isMaxQtyReached || isMinQtyReached || qtySelectedMoreThanOne">
                    <template v-show="prodUnits">
                    <div class="quantity-input-wrapper has-units">
                    <label class="visually-hidden" :for="'quantity-' + pid + additionalTag">
                    Quantidade no carrinho
                    </label>
                    <input :ref="'quantityInput-' + pid + additionalTag" class="add-to-cart-quantity form-control ct-form-input text-center" inputmode="numeric" :class="{'is-invalid': isInvalid}" :data-pid="pid + additionalTag" :name="'quantity-' + pid + additionalTag" type="text" aria-label="Insira a quantidade" title="" v-model="displayValue" @change="updateQuantity" @focus="updateQtyFormat" @blur="restoreQtyFormat" :disabled="!isPriceAvailable">
                    <span class="quantity-icon quantity-icon--minus">
                    <button class="decrease-quantity-btn" @click="updateQuantity" :disabled="!isPriceAvailable" role="button" aria-label="Reduzir quantidade">
                    <i class="css-math-minus"></i>
                    </button>
                    </span>
                    <span class="quantity-icon quantity-icon--plus">
                    <button class="increase-quantity-btn" @click="updateQuantity" :disabled="isMaxQtyReached || !isPriceAvailable" role="button" aria-label="Aumentar quantidade">
                    <i class="css-math-plus"></i>
                    </button>
                    <span class="quantity-btn-disabled-placeholder"></span>
                    </span>
                    <template v-if="isPDP">
                    <span class="quantity-error ct-span-error text-sm-center product-max-allocation" v-if="isMaxQtyReached">
                    Quantidade máxima atingida
                    </span>
                    <span class="quantity-error ct-span-product text-sm-center product-allocation" v-if="!isMinQtyReached &amp;&amp; !isMaxQtyReached">
                    {{quantitySelected}} no carrinho
                    </span>
                    <span class="quantity-error ct-span-error text-sm-center product-min-allocation" :data-pid="pid" v-if="isMinQtyReached &amp;&amp; !isMaxQtyReached">
                    Quantidade mínima atingida
                    </span>
                    </template>
                    </div>
                    <template v-if="showNotes">
                    <div class="add-note-link-container ">
                    <div class="add-note">
                    <a href="/produto/sopa-de-legumes-com-feijao-e-chourico-continente-facil-bom-5122856.html?showNote=true" class="ct-add-note-redirect-pdp" aria-label="Adicionar comentário">
                    <span class="svg-wrapper svg-icon-notes" style="width:19px; height:20px">
                    <svg class="svg-inline icon-notes" viewBox="0 0 28 30" xmlns="http://www.w3.org/2000/svg" width="100%" height="100%"><path d="M21.738 0C22.985 0 24 1.04 24 2.319V12.47c0 .469-.37.848-.828.848-.457 0-.827-.38-.827-.848V2.32c0-.343-.273-.622-.607-.622H2.262c-.334 0-.607.279-.607.622V27.68c0 .343.273.622.607.622h7.81c.457 0 .827.38.827.849 0 .468-.37.848-.827.848h-7.81C1.015 30 0 28.96 0 27.681V2.32C0 1.04 1.015 0 2.262 0h19.476zm2.844 16.004l.227.007c.823.053 1.589.39 2.176.964.64.627.993 1.46.993 2.349 0 .888-.353 1.722-.993 2.348l-6.83 6.665c-.11.108-.247.186-.397.226l-5.032 1.363c-.078.021-.16.032-.241.032-.242 0-.478-.097-.647-.266-.23-.231-.314-.566-.218-.874l1.49-4.798c.044-.139.122-.266.227-.369l6.844-6.677c.64-.625 1.493-.97 2.401-.97zm-2.886 3.94l-4.922 4.802-.947 3.048 3.22-.872 4.897-4.78-2.248-2.197zm2.887-2.174c-.425 0-.824.162-1.124.455l-.484.472 2.248 2.197.484-.472c.62-.606.62-1.591 0-2.197l-.117-.104c-.283-.227-.636-.35-1.007-.35zm-10.839.022c.498 0 .904.396.904.883 0 .488-.406.884-.904.884H5.946c-.499 0-.904-.396-.904-.884 0-.487.405-.883.904-.883zm5.042-4.876c.498 0 .904.397.904.884s-.406.884-.904.884H5.946c-.499 0-.904-.397-.904-.884s.405-.884.904-.884zm0-4.875c.498 0 .904.396.904.884 0 .487-.406.883-.904.883H5.946c-.499 0-.904-.396-.904-.883 0-.488.405-.884.904-.884z" fill="#EB0203" fill-rule="evenodd"></path></svg>
                    </span>
                    <div class="available-note d-none"></div>
                    </a>
                    </div>
                    </div>
                    </template>
                    <div class="measurement-unit-section" v-if="isPriceAvailable &amp;&amp; prodUnits ? prodUnits.hasAlternativeUnit : false">
                    <div class="ct-form-radio" @click="setDimension">
                    <input type="radio" title="" class="ct-form-check-input product-measurement-unit" :data-type="prodUnits.selectedUnit == prodUnits.secondaryUnit ? 'primary' : ''" :id="prodUnits.secondaryUnit + '-' + pid + '-measurement-unit-ptile' + additionalTag" :name="'measurement-unit-' + pid + '-ptile' + additionalTag" :value="prodUnits.secondaryUnit" v-model="prodUnits.selectedUnit">
                    <label :class="prodUnits.secondaryUnit + '-label ct-form-check-label mb-0'" :for="prodUnits.secondaryUnit + '-' + pid + '-measurement-unit-ptile' + additionalTag">
                    {{prodUnits.secondaryUnit}}
                    </label>
                    <span class="checkmark"></span>
                    </div>
                    <div class="ct-form-radio" @click="setDimension">
                    <input type="radio" title="" class="ct-form-check-input product-measurement-unit" :data-type="prodUnits.selectedUnit == prodUnits.primaryUnit ? 'primary' : ''" :id="prodUnits.primaryUnit + '-' + pid + '-measurement-unit-ptile' + additionalTag" :name="'measurement-unit-' + pid + '-ptile' + additionalTag" :value="prodUnits.primaryUnit" v-model="prodUnits.selectedUnit">
                    <label :class="prodUnits.primaryUnit + '-label ct-form-check-label mb-0'" :for="prodUnits.primaryUnit + '-' + pid + '-measurement-unit-ptile' + additionalTag">
                    {{prodUnits.primaryUnit}}
                    </label>
                    <span class="checkmark"></span>
                    </div>
                    </div>
                    <template v-if="!isPDP &amp;&amp; isPriceAvailable">
                    <span class="quantity-error ct-span-error product-max-allocation" v-if="isMaxQtyReached">
                    Quantidade máxima atingida
                    </span>
                    <span class="quantity-error ct-span-product product-allocation" v-if="!isMinQtyReached &amp;&amp; !isMaxQtyReached">
                    {{quantitySelected}} no carrinho
                    </span>
                    <span class="quantity-error ct-span-error product-min-allocation" :data-pid="pid" v-if="isMinQtyReached &amp;&amp; !isMaxQtyReached">
                    Quantidade mínima atingida
                    </span>
                    </template>
                    </template>
                    </div>
                    <input class="quantity-value-mask d-none" name="quantity" type="number" min="0" value="">
                    </div>
                    <button type="button" class="add-to-cart button js-add-to-cart js-add-to-cart-tile 5122856 button--primary-inactive dynamic-layout-btn" data-toggle="modal" data-target="#chooseBonusProductModal" disabled="" data-pid="5122856" data-quantity-value="null" aria-label="Carrinho">
                    <span class="d-block d-sm-none">
                    <span class="svg-wrapper svg-icon-cart" style="width:20px; height:20px">
                    <svg class="svg-inline icon-cart" xmlns="http://www.w3.org/2000/svg" viewBox="0 0 500 500" width="100%" height="100%"><path fill="#EB0203" fill-rule="evenodd" d="M 485.67317,94.386311 C 476.37798,83.847129 463.09468,78.03348 448.30404,78.03348 H 90.690813 L 87.079511,51.327997 C 83.185582,22.539551 62.962285,0 41.011841,0 H 14.727836 C 6.563151,0 0,6.5286975 0,14.580758 c 0,8.05206 6.5945535,14.580758 14.727836,14.580758 h 26.284005 c 4.710398,0 14.696435,9.855222 16.894619,26.021523 L 100.01739,368.0631 c 1.88416,13.77244 9.01256,26.70549 20.1605,36.37417 8.25889,7.15046 18.02511,11.9071 28.26237,13.89679 -4.17655,7.58572 -6.53175,16.25957 -6.53175,25.493 0,29.53459 24.27424,53.59751 54.13815,53.59751 29.8325,0 54.13814,-24.03184 54.13814,-53.59751 0,-8.79818 -2.19818,-17.09897 -5.9979,-24.43598 h 77.12488 c -3.79973,7.33701 -5.96652,15.6378 -5.96652,24.43598 0,29.53459 24.27424,53.59751 54.13817,53.59751 29.83249,0 54.13814,-24.03184 54.13814,-53.59751 0,-8.79818 -2.1982,-17.09897 -5.9979,-24.43598 h 38.56243 c 8.13328,0 14.72783,-6.5287 14.72783,-14.61183 0,-8.02098 -6.59455,-14.54967 -14.72783,-14.54967 H 159.24277 c -14.38241,0 -28.13677,-11.90711 -30.02092,-26.02153 l -3.07746,-22.88154 h 290.6314 c 14.03698,0 27.94834,-5.28513 39.06488,-14.95381 11.11652,-9.6376 18.27632,-22.57065 20.16048,-36.37417 l 21.10259,-156.78201 c 1.94694,-14.51858 -2.10398,-28.29103 -11.43057,-38.861299 z M 220.76053,443.82706 c 0,13.49265 -11.08513,24.46709 -24.68247,24.46709 -13.62874,0 -24.71387,-10.97444 -24.71387,-24.46709 0,-13.49262 11.08513,-24.43598 24.71387,-24.43598 13.59734,0 24.68247,10.94336 24.68247,24.43598 z m 173.43675,0 c 0,13.49265 -11.08512,24.46709 -24.68245,24.46709 -13.62876,0 -24.71388,-10.97444 -24.71388,-24.46709 0,-13.49262 11.08512,-24.43598 24.71388,-24.43598 13.59733,0 24.68245,10.94336 24.68245,24.43598 z m 73.7648,-314.46558 -21.13397,156.782 c -1.88416,14.11442 -15.63851,26.05261 -30.02091,26.05261 H 122.25046 L 94.616142,107.19499 H 448.33544 c 6.18632,0 11.61896,2.2695 15.23028,6.37326 3.64269,4.13484 5.21283,9.73086 4.39636,15.79323 z"></path></svg>
                    </span>
                    </span>
                    <span class="add-to-cart--text d-none d-sm-block">Indisponível</span>
                    </button>
                    </div>
                    </div>
                    </div>
                    </div>
                    
                    <div class="col-12 d-sm-none">
                    </div>
                    </div>
                    </div>
                    </div>
                    </div>
                    <div class="col-12 col-sm-3 col-lg-2 productTile" data-idx="28">
                    
                    <script type="text/javascript">//<!--
                    /* <![CDATA[ */
                    (function(){
                    try {
                        if(window.CQuotient) {
                        var cq_params = {};
                        
                        cq_params.cookieId = window.CQuotient.getCQCookieId();
                        cq_params.userId = window.CQuotient.getCQUserId();
                        cq_params.emailId = CQuotient.getCQHashedEmail();
                        cq_params.loginId = CQuotient.getCQHashedLogin();
                        cq_params.accumulate = true;
                        cq_params.products = [{
                            id: '4883398',
                            sku: ''
                        }];
                        cq_params.categoryId = 'refeicoes-faceis';
                        cq_params.refinements = '[{\"name\":\"priceMin\",\"value\":\"0.01\"},{\"name\":\"priceMax\",\"value\":\"null\"},{\"name\":\"curr\",\"value\":\"EUR\"},{\"name\":\"Category\",\"value\":\"refeicoes-faceis\"}]';
                        cq_params.personalized = 'false';
                        cq_params.sortingRule = 'FRESH-Refei\u00E7\u00F5es F\u00E1ceis';
                        cq_params.imageUUID = '__UNDEFINED__';
                        cq_params.realm = "BDVS";
                        cq_params.siteId = "continente";
                        cq_params.instanceType = "prd";
                        cq_params.queryLocale = "default";
                        cq_params.locale = window.CQuotient.locale;
                        
                        if(window.CQuotient.sendActivity)
                            window.CQuotient.sendActivity(CQuotient.clientId, 'viewCategory', cq_params);
                        else
                            window.CQuotient.activities.push({
                                activityType: 'viewCategory',
                                parameters: cq_params
                            });
                      }
                    } catch(err) {}
                    })();
                    /* ]]> */
                    // -->
                    </script>
                    <script type="text/javascript">//<!--
                    /* <![CDATA[ (viewCategoryProduct-active_data.js) */
                    (function(){
                    try {
                        if (dw.ac) {
                            var search_params = {};
                            search_params.persd = 'false';
                            search_params.refs = '[{\"name\":\"priceMin\",\"value\":\"0.01\"},{\"name\":\"priceMax\",\"value\":\"null\"},{\"name\":\"curr\",\"value\":\"EUR\"},{\"name\":\"Category\",\"value\":\"refeicoes-faceis\"}]';
                            search_params.sort = 'FRESH-Refei\u00E7\u00F5es F\u00E1ceis';
                            search_params.imageUUID = '';
                            search_params.searchID = 'adc2ebee-ded6-4d71-a833-c4f63de27d3e';
                            search_params.locale = 'default';
                            search_params.queryLocale = 'default';
                            search_params.showProducts = 'true';
                            dw.ac.applyContext({category: "refeicoes-faceis", searchData: search_params});
                            if (typeof dw.ac._scheduleDataSubmission === "function") {
                                dw.ac._scheduleDataSubmission();
                            }
                        }
                    } catch(err) {}
                    })();
                    /* ]]> */
                    // -->
                    </script>
                    <script type="text/javascript">//<!--
                    /* <![CDATA[ (viewProduct-active_data.js) */
                    dw.ac._capture({id: "4883398", type: "searchhit"});
                    /* ]]> */
                    // -->
                    </script>
                    <div class="product" data-pid="4883398">
                    <div class="product-tile pid-4883398 ct-product-tile data-layer-pushed" data-delay-time="3000" data-variants-mapping="[]" data-in-cart-msg="no carrinho" data-one-product-added="Adicionado ao carrinho" data-remove-from-cart-msg="Removido do carrinho" data-stay-open="6000.0" data-product-tile-impression="{&quot;name&quot;:&quot;4883398&quot;,&quot;id&quot;:&quot;4883398&quot;,&quot;price&quot;:4.99,&quot;brand&quot;:&quot;Ristorante&quot;,&quot;category&quot;:[{&quot;category_level_1&quot;:&quot;Congelados&quot;},{&quot;category_level_2&quot;:&quot;Pizzas&quot;}],&quot;variant&quot;:&quot;&quot;}">
                    <div class="ct-inner-tile-wrap row no-gutters justify-content-center align-content-start">
                    
                    <div class="ct-image-container col-4 col-sm" data-confirmation-image="{&quot;url&quot;:&quot;https://www.continente.pt/dw/image/v2/BDVS_PRD/on/demandware.static/-/Sites-col-master-catalog/default/dw1088bbcb/images/col/488/4883398-direito.jpg?sw=87&amp;sh=80&quot;,&quot;fallbackimage&quot;:{&quot;url&quot;:&quot;https://www.continente.pt/dw/image/v2/BDVS_PRD/on/demandware.static/Sites-continente-Site/-/default/dw7c42b4da/images/noimagelarge_product.png?sw=87&amp;sh=80&quot;,&quot;title&quot;:&quot;Pizza Ristorante de Fiambre e Cogumelos&quot;,&quot;alt&quot;:&quot;Pizza Ristorante de Fiambre e Cogumelos&quot;},&quot;title&quot;:&quot;Pizza Ristorante de Fiambre e Cogumelos&quot;,&quot;alt&quot;:&quot;Pizza Ristorante de Fiambre e Cogumelos&quot;}">
                    <a href="https://www.continente.pt/produto/pizza-ristorante-de-fiambre-e-cogumelos-ristorante-4883398.html?cgid=refeicoes-faceis">
                    <picture class="intrinsic intrinsic--square">
                    <img class="ct-tile-image lazyloaded" loading="lazy" onerror="this.onerror=null;this.src='/on/demandware.static/Sites-continente-Site/-/default/dw7c42b4da/images/noimagelarge_product.png';" data-src="https://www.continente.pt/dw/image/v2/BDVS_PRD/on/demandware.static/-/Sites-col-master-catalog/default/dw1088bbcb/images/col/488/4883398-direito.jpg?sw=280&amp;sh=280" alt="Pizza Ristorante de Fiambre e Cogumelos" title="Pizza Ristorante de Fiambre e Cogumelos" src="https://www.continente.pt/dw/image/v2/BDVS_PRD/on/demandware.static/-/Sites-col-master-catalog/default/dw1088bbcb/images/col/488/4883398-direito.jpg?sw=280&amp;sh=280">
                    </picture>
                    </a>
                    <div class=" ct-product-tile-badge ct-product-tile-badge--general">
                    <img class="img-fluid ct-tooltip-trigger lazyloaded" loading="lazy" data-src="https://www.continente.pt/dw/image/v2/BDVS_PRD/on/demandware.static/-/Sites-continente-Library/default/dwf71400b7/images/badges/general/col/congelado.png?sw=25&amp;sh=25" alt="Crachá do produto" title="" data-toggle="tooltip" data-placement="right" data-original-title="Congelado" src="https://www.continente.pt/dw/image/v2/BDVS_PRD/on/demandware.static/-/Sites-continente-Library/default/dwf71400b7/images/badges/general/col/congelado.png?sw=25&amp;sh=25">
                    </div>
                    <div class="color-swatches d-flex" style="margin-left: 5px;">
                    <div class="swatches d-flex">
                    </div>
                    </div>
                    </div>
                    <div class="ct-tile-body col col-sm-auto ">
                    <div class="ct-pdp-details">
                    <div class="ct-pdp-link">
                    <a class="ct-tile--description" href="https://www.continente.pt/produto/pizza-ristorante-de-fiambre-e-cogumelos-ristorante-4883398.html?cgid=refeicoes-faceis">Pizza Ristorante de Fiambre e Cogumelos</a>
                    <div class="ct-tile--favorite-top d-sm-none">
                    <button class="wishlist-toggler guest-mode inactive button button--tertiary" data-pid="4883398" data-add-url="https://www.continente.pt/on/demandware.store/Sites-continente-Site/default/Wishlist-AddProduct?pid=4883398" data-toggle="tooltip" aria-label="Adicionar aos favoritos " data-original-title="Adicionar aos favoritos" data-placement="top">
                    <svg class="active-content" width="100%" height="100%" viewBox="0 0 20 22" fill="none" xmlns="http://www.w3.org/2000/svg">
                    <path fill-rule="evenodd" clip-rule="evenodd" d="M0 1.53052C0 0.685236 0.692171 0 1.54601 0H15.0736C15.9274 0 16.6196 0.685235 16.6196 1.53052V13.4064L15.8127 13.922L14.2658 14.2658L12.7189 13.4064L10.6054 14.3818C10.4994 14.2451 10.3327 14.157 10.1452 14.157H6.76329C6.4431 14.157 6.18354 14.414 6.18354 14.731C6.18354 15.0479 6.4431 15.3049 6.76329 15.3049H10.1452C10.2478 15.3049 10.3441 15.2785 10.4277 15.2322L10.3126 16.8439L13.2345 20.2793H1.54601C0.69217 20.2793 0 19.5941 0 18.7488V1.53052ZM6.18354 5.5483C6.18354 5.23132 6.4431 4.97436 6.76329 4.97436H12.3676C12.6878 4.97436 12.9473 5.23132 12.9473 5.5483C12.9473 5.86528 12.6878 6.12224 12.3676 6.12224H6.76329C6.4431 6.12224 6.18354 5.86528 6.18354 5.5483ZM6.76329 11.0961C6.4431 11.0961 6.18354 11.3531 6.18354 11.6701C6.18354 11.987 6.4431 12.244 6.76329 12.244H12.3676C12.6878 12.244 12.9473 11.987 12.9473 11.6701C12.9473 11.3531 12.6878 11.0961 12.3676 11.0961H6.76329ZM6.18354 8.60985C6.18354 8.29287 6.4431 8.03591 6.76329 8.03591H12.3676C12.6878 8.03591 12.9473 8.29287 12.9473 8.60985C12.9473 8.92684 12.6878 9.1838 12.3676 9.1838H6.76329C6.4431 9.1838 6.18354 8.92684 6.18354 8.60985ZM3.67118 5.5483C3.67118 5.23132 3.93075 4.97436 4.25093 4.97436H4.63743C4.95762 4.97436 5.21719 5.23132 5.21719 5.5483C5.21719 5.86528 4.95762 6.12224 4.63743 6.12224H4.25093C3.93075 6.12224 3.67118 5.86528 3.67118 5.5483ZM4.25093 11.0961C3.93075 11.0961 3.67118 11.3531 3.67118 11.6701C3.67118 11.987 3.93075 12.244 4.25093 12.244H4.63743C4.95762 12.244 5.21719 11.987 5.21719 11.6701C5.21719 11.3531 4.95762 11.0961 4.63743 11.0961H4.25093ZM3.67118 8.60985C3.67118 8.29287 3.93075 8.03591 4.25093 8.03591H4.63743C4.95762 8.03591 5.21719 8.29287 5.21719 8.60985C5.21719 8.92684 4.95762 9.1838 4.63743 9.1838H4.25093C3.93075 9.1838 3.67118 8.92684 3.67118 8.60985ZM4.25093 14.157C3.93075 14.157 3.67118 14.414 3.67118 14.731C3.67118 15.0479 3.93075 15.3049 4.25093 15.3049H4.63743C4.95762 15.3049 5.21719 15.0479 5.21719 14.731C5.21719 14.414 4.95762 14.157 4.63743 14.157H4.25093Z" fill="#EB0203"></path>
                    <path fill-rule="evenodd" clip-rule="evenodd" d="M14.6252 13.6363C13.4918 12.6215 11.7817 12.5264 10.6569 13.4792C9.12421 14.7764 9.34841 16.8912 10.4409 18.0122L14.0159 21.6742C14.2197 21.8832 14.4928 22 14.7822 22C15.0737 22 15.3448 21.8852 15.5486 21.6762L19.1236 18.0142C20.214 16.8933 20.4423 14.7785 18.9075 13.4792C17.7827 12.5283 16.0724 12.6217 14.9391 13.6365C14.8855 13.6845 14.8331 13.7345 14.7822 13.7866C14.7313 13.7345 14.6789 13.6843 14.6252 13.6363ZM18.1546 14.3522C19.0973 15.1508 18.9962 16.4896 18.2891 17.2173C18.2888 17.2175 18.2886 17.2177 18.2884 17.218L14.7832 20.8084L11.2753 17.2151C11.2752 17.215 11.2751 17.2149 11.2749 17.2148C10.5677 16.4887 10.4678 15.1495 11.4104 14.3518L11.4108 14.3514C12.0745 13.7892 13.2018 13.82 13.9488 14.5846L14.7822 15.4378L15.6157 14.5846C16.3617 13.8211 17.4896 13.79 18.1545 14.3521" fill="#EB0203"></path>
                    </svg>
                    <svg class="inactive-content" width="100%" height="100%" viewBox="0 0 20 23" fill="none" xmlns="http://www.w3.org/2000/svg">
                    <path fill-rule="evenodd" clip-rule="evenodd" d="M6.18408 5.77914C6.18408 5.46223 6.44363 5.20532 6.7638 5.20532H12.3678C12.6879 5.20532 12.9475 5.46223 12.9475 5.77914C12.9475 6.09606 12.6879 6.35297 12.3678 6.35297H6.7638C6.44363 6.35297 6.18408 6.09606 6.18408 5.77914Z" fill="#EB0203"></path>
                    <path fill-rule="evenodd" clip-rule="evenodd" d="M6.18408 11.9034C6.18408 11.5865 6.44363 11.3296 6.7638 11.3296H12.3678C12.6879 11.3296 12.9475 11.5865 12.9475 11.9034C12.9475 12.2202 12.6879 12.4771 12.3678 12.4771H6.7638C6.44363 12.4771 6.18408 12.2202 6.18408 11.9034Z" fill="#EB0203"></path>
                    <path fill-rule="evenodd" clip-rule="evenodd" d="M6.18408 8.84116C6.18408 8.52424 6.44363 8.26733 6.7638 8.26733H12.3678C12.6879 8.26733 12.9475 8.52424 12.9475 8.84116C12.9475 9.15807 12.6879 9.41498 12.3678 9.41498H6.7638C6.44363 9.41498 6.18408 9.15807 6.18408 8.84116Z" fill="#EB0203"></path>
                    <path fill-rule="evenodd" clip-rule="evenodd" d="M6.18408 14.9655C6.18408 14.6486 6.44363 14.3917 6.7638 14.3917H10.1455C10.4657 14.3917 10.7252 14.6486 10.7252 14.9655C10.7252 15.2825 10.4657 15.5394 10.1455 15.5394H6.7638C6.44363 15.5394 6.18408 15.2825 6.18408 14.9655Z" fill="#EB0203"></path>
                    <path fill-rule="evenodd" clip-rule="evenodd" d="M3.67139 5.77914C3.67139 5.46223 3.93094 5.20532 4.25111 5.20532H4.63759C4.95776 5.20532 5.21731 5.46223 5.21731 5.77914C5.21731 6.09606 4.95776 6.35297 4.63759 6.35297H4.25111C3.93094 6.35297 3.67139 6.09606 3.67139 5.77914Z" fill="#EB0203"></path>
                    <path fill-rule="evenodd" clip-rule="evenodd" d="M3.67139 11.9034C3.67139 11.5865 3.93094 11.3296 4.25111 11.3296H4.63759C4.95776 11.3296 5.21731 11.5865 5.21731 11.9034C5.21731 12.2202 4.95776 12.4771 4.63759 12.4771H4.25111C3.93094 12.4771 3.67139 12.2202 3.67139 11.9034Z" fill="#EB0203"></path>
                    <path fill-rule="evenodd" clip-rule="evenodd" d="M3.67139 8.84116C3.67139 8.52424 3.93094 8.26733 4.25111 8.26733H4.63759C4.95776 8.26733 5.21731 8.52424 5.21731 8.84116C5.21731 9.15807 4.95776 9.41498 4.63759 9.41498H4.25111C3.93094 9.41498 3.67139 9.15807 3.67139 8.84116Z" fill="#EB0203"></path>
                    <path fill-rule="evenodd" clip-rule="evenodd" d="M3.67139 14.9655C3.67139 14.6486 3.93094 14.3917 4.25111 14.3917H4.63759C4.95776 14.3917 5.21731 14.6486 5.21731 14.9655C5.21731 15.2825 4.95776 15.5394 4.63759 15.5394H4.25111C3.93094 15.5394 3.67139 15.2825 3.67139 14.9655Z" fill="#EB0203"></path>
                    <path fill-rule="evenodd" clip-rule="evenodd" d="M0 1.76033C0 0.914738 0.692131 0.229248 1.54592 0.229248H15.0727C15.9265 0.229248 16.6186 0.914738 16.6186 1.76033V11.2818C16.6186 11.5989 16.3591 11.8559 16.0389 11.8559C15.7187 11.8559 15.4592 11.5989 15.4592 11.2818V1.76033C15.4592 1.54893 15.2862 1.37756 15.0727 1.37756H1.54592C1.33247 1.37756 1.15944 1.54893 1.15944 1.76033V18.985C1.15944 19.1964 1.33247 19.3678 1.54592 19.3678H9.27551C9.59568 19.3678 9.85523 19.6249 9.85523 19.942C9.85523 20.2591 9.59568 20.5161 9.27551 20.5161H1.54592C0.692131 20.5161 0 19.8306 0 18.985V1.76033Z" fill="#EB0203"></path>
                    <path fill-rule="evenodd" clip-rule="evenodd" d="M14.6254 13.8718C13.4921 12.8567 11.7821 12.7615 10.6574 13.7147C9.12472 15.0124 9.34891 17.128 10.4413 18.2493L14.0161 21.9126C14.2199 22.1217 14.493 22.2386 14.7824 22.2386C15.0739 22.2386 15.3449 22.1238 15.5487 21.9147L19.1235 18.2514C20.2139 17.13 20.4422 15.0144 18.9075 13.7147C17.7827 12.7634 16.0726 12.8569 14.9392 13.872C14.8856 13.92 14.8333 13.9701 14.7824 14.0222C14.7314 13.97 14.6791 13.9199 14.6254 13.8718ZM18.1546 14.588C19.0972 15.3869 18.9961 16.7262 18.2891 17.4541C18.2888 17.4543 18.2886 17.4546 18.2884 17.4548L14.7834 21.0466L11.2757 17.452C11.2756 17.4519 11.2755 17.4517 11.2753 17.4516C10.5681 16.7252 10.4682 15.3856 11.4108 14.5876L11.4112 14.5872C12.0748 14.0248 13.202 14.0556 13.949 14.8205L14.7824 15.674L15.6158 14.8205C16.3618 14.0567 17.4896 14.0256 18.1545 14.5879" fill="#EB0203"></path>
                    </svg>
                    </button>
                    </div>
                    </div>
                    <p class="ct-tile--brand">Ristorante</p>
                    <p class="ct-tile--quantity">emb. 370 gr</p>
                    </div>
                    <div class="ct-tile-bottom row no-gutters justify-content-between">
                    <div class="ct-price-wrap col-8 col-sm-12">
                    <div class="price js-product-price">
                    <div class="prices-wrapper">
                    <span class="sales ct-tile--price-primary ">
                    <span class="value" content="4.99">
                    <span class="ct-price-formatted">
                    €4,99
                    </span>
                    <span class="ct-m-unit">
                    /un
                    </span>
                    
                    </span>
                    </span>
                    </div>
                    <div class="ct-tile--price-secondary">
                    <span class="ct-price-value">
                    €14,26
                    </span>
                    <span class="ct-m-unit">
                    /kg
                    </span>
                    </div>
                    </div>
                    </div>
                    <div class="ct-tile-buy-section d-flex justify-content-center no-gutters col-auto col-sm-12">
                    <div class="col-2 d-sm-flex d-none">
                    <button class="wishlist-toggler guest-mode inactive button button--tertiary" data-pid="4883398" data-add-url="https://www.continente.pt/on/demandware.store/Sites-continente-Site/default/Wishlist-AddProduct?pid=4883398" data-toggle="tooltip" aria-label="Adicionar aos favoritos " data-original-title="Adicionar aos favoritos" data-placement="top">
                    <svg class="active-content" width="100%" height="100%" viewBox="0 0 20 22" fill="none" xmlns="http://www.w3.org/2000/svg">
                    <path fill-rule="evenodd" clip-rule="evenodd" d="M0 1.53052C0 0.685236 0.692171 0 1.54601 0H15.0736C15.9274 0 16.6196 0.685235 16.6196 1.53052V13.4064L15.8127 13.922L14.2658 14.2658L12.7189 13.4064L10.6054 14.3818C10.4994 14.2451 10.3327 14.157 10.1452 14.157H6.76329C6.4431 14.157 6.18354 14.414 6.18354 14.731C6.18354 15.0479 6.4431 15.3049 6.76329 15.3049H10.1452C10.2478 15.3049 10.3441 15.2785 10.4277 15.2322L10.3126 16.8439L13.2345 20.2793H1.54601C0.69217 20.2793 0 19.5941 0 18.7488V1.53052ZM6.18354 5.5483C6.18354 5.23132 6.4431 4.97436 6.76329 4.97436H12.3676C12.6878 4.97436 12.9473 5.23132 12.9473 5.5483C12.9473 5.86528 12.6878 6.12224 12.3676 6.12224H6.76329C6.4431 6.12224 6.18354 5.86528 6.18354 5.5483ZM6.76329 11.0961C6.4431 11.0961 6.18354 11.3531 6.18354 11.6701C6.18354 11.987 6.4431 12.244 6.76329 12.244H12.3676C12.6878 12.244 12.9473 11.987 12.9473 11.6701C12.9473 11.3531 12.6878 11.0961 12.3676 11.0961H6.76329ZM6.18354 8.60985C6.18354 8.29287 6.4431 8.03591 6.76329 8.03591H12.3676C12.6878 8.03591 12.9473 8.29287 12.9473 8.60985C12.9473 8.92684 12.6878 9.1838 12.3676 9.1838H6.76329C6.4431 9.1838 6.18354 8.92684 6.18354 8.60985ZM3.67118 5.5483C3.67118 5.23132 3.93075 4.97436 4.25093 4.97436H4.63743C4.95762 4.97436 5.21719 5.23132 5.21719 5.5483C5.21719 5.86528 4.95762 6.12224 4.63743 6.12224H4.25093C3.93075 6.12224 3.67118 5.86528 3.67118 5.5483ZM4.25093 11.0961C3.93075 11.0961 3.67118 11.3531 3.67118 11.6701C3.67118 11.987 3.93075 12.244 4.25093 12.244H4.63743C4.95762 12.244 5.21719 11.987 5.21719 11.6701C5.21719 11.3531 4.95762 11.0961 4.63743 11.0961H4.25093ZM3.67118 8.60985C3.67118 8.29287 3.93075 8.03591 4.25093 8.03591H4.63743C4.95762 8.03591 5.21719 8.29287 5.21719 8.60985C5.21719 8.92684 4.95762 9.1838 4.63743 9.1838H4.25093C3.93075 9.1838 3.67118 8.92684 3.67118 8.60985ZM4.25093 14.157C3.93075 14.157 3.67118 14.414 3.67118 14.731C3.67118 15.0479 3.93075 15.3049 4.25093 15.3049H4.63743C4.95762 15.3049 5.21719 15.0479 5.21719 14.731C5.21719 14.414 4.95762 14.157 4.63743 14.157H4.25093Z" fill="#EB0203"></path>
                    <path fill-rule="evenodd" clip-rule="evenodd" d="M14.6252 13.6363C13.4918 12.6215 11.7817 12.5264 10.6569 13.4792C9.12421 14.7764 9.34841 16.8912 10.4409 18.0122L14.0159 21.6742C14.2197 21.8832 14.4928 22 14.7822 22C15.0737 22 15.3448 21.8852 15.5486 21.6762L19.1236 18.0142C20.214 16.8933 20.4423 14.7785 18.9075 13.4792C17.7827 12.5283 16.0724 12.6217 14.9391 13.6365C14.8855 13.6845 14.8331 13.7345 14.7822 13.7866C14.7313 13.7345 14.6789 13.6843 14.6252 13.6363ZM18.1546 14.3522C19.0973 15.1508 18.9962 16.4896 18.2891 17.2173C18.2888 17.2175 18.2886 17.2177 18.2884 17.218L14.7832 20.8084L11.2753 17.2151C11.2752 17.215 11.2751 17.2149 11.2749 17.2148C10.5677 16.4887 10.4678 15.1495 11.4104 14.3518L11.4108 14.3514C12.0745 13.7892 13.2018 13.82 13.9488 14.5846L14.7822 15.4378L15.6157 14.5846C16.3617 13.8211 17.4896 13.79 18.1545 14.3521" fill="#EB0203"></path>
                    </svg>
                    <svg class="inactive-content" width="100%" height="100%" viewBox="0 0 20 23" fill="none" xmlns="http://www.w3.org/2000/svg">
                    <path fill-rule="evenodd" clip-rule="evenodd" d="M6.18408 5.77914C6.18408 5.46223 6.44363 5.20532 6.7638 5.20532H12.3678C12.6879 5.20532 12.9475 5.46223 12.9475 5.77914C12.9475 6.09606 12.6879 6.35297 12.3678 6.35297H6.7638C6.44363 6.35297 6.18408 6.09606 6.18408 5.77914Z" fill="#EB0203"></path>
                    <path fill-rule="evenodd" clip-rule="evenodd" d="M6.18408 11.9034C6.18408 11.5865 6.44363 11.3296 6.7638 11.3296H12.3678C12.6879 11.3296 12.9475 11.5865 12.9475 11.9034C12.9475 12.2202 12.6879 12.4771 12.3678 12.4771H6.7638C6.44363 12.4771 6.18408 12.2202 6.18408 11.9034Z" fill="#EB0203"></path>
                    <path fill-rule="evenodd" clip-rule="evenodd" d="M6.18408 8.84116C6.18408 8.52424 6.44363 8.26733 6.7638 8.26733H12.3678C12.6879 8.26733 12.9475 8.52424 12.9475 8.84116C12.9475 9.15807 12.6879 9.41498 12.3678 9.41498H6.7638C6.44363 9.41498 6.18408 9.15807 6.18408 8.84116Z" fill="#EB0203"></path>
                    <path fill-rule="evenodd" clip-rule="evenodd" d="M6.18408 14.9655C6.18408 14.6486 6.44363 14.3917 6.7638 14.3917H10.1455C10.4657 14.3917 10.7252 14.6486 10.7252 14.9655C10.7252 15.2825 10.4657 15.5394 10.1455 15.5394H6.7638C6.44363 15.5394 6.18408 15.2825 6.18408 14.9655Z" fill="#EB0203"></path>
                    <path fill-rule="evenodd" clip-rule="evenodd" d="M3.67139 5.77914C3.67139 5.46223 3.93094 5.20532 4.25111 5.20532H4.63759C4.95776 5.20532 5.21731 5.46223 5.21731 5.77914C5.21731 6.09606 4.95776 6.35297 4.63759 6.35297H4.25111C3.93094 6.35297 3.67139 6.09606 3.67139 5.77914Z" fill="#EB0203"></path>
                    <path fill-rule="evenodd" clip-rule="evenodd" d="M3.67139 11.9034C3.67139 11.5865 3.93094 11.3296 4.25111 11.3296H4.63759C4.95776 11.3296 5.21731 11.5865 5.21731 11.9034C5.21731 12.2202 4.95776 12.4771 4.63759 12.4771H4.25111C3.93094 12.4771 3.67139 12.2202 3.67139 11.9034Z" fill="#EB0203"></path>
                    <path fill-rule="evenodd" clip-rule="evenodd" d="M3.67139 8.84116C3.67139 8.52424 3.93094 8.26733 4.25111 8.26733H4.63759C4.95776 8.26733 5.21731 8.52424 5.21731 8.84116C5.21731 9.15807 4.95776 9.41498 4.63759 9.41498H4.25111C3.93094 9.41498 3.67139 9.15807 3.67139 8.84116Z" fill="#EB0203"></path>
                    <path fill-rule="evenodd" clip-rule="evenodd" d="M3.67139 14.9655C3.67139 14.6486 3.93094 14.3917 4.25111 14.3917H4.63759C4.95776 14.3917 5.21731 14.6486 5.21731 14.9655C5.21731 15.2825 4.95776 15.5394 4.63759 15.5394H4.25111C3.93094 15.5394 3.67139 15.2825 3.67139 14.9655Z" fill="#EB0203"></path>
                    <path fill-rule="evenodd" clip-rule="evenodd" d="M0 1.76033C0 0.914738 0.692131 0.229248 1.54592 0.229248H15.0727C15.9265 0.229248 16.6186 0.914738 16.6186 1.76033V11.2818C16.6186 11.5989 16.3591 11.8559 16.0389 11.8559C15.7187 11.8559 15.4592 11.5989 15.4592 11.2818V1.76033C15.4592 1.54893 15.2862 1.37756 15.0727 1.37756H1.54592C1.33247 1.37756 1.15944 1.54893 1.15944 1.76033V18.985C1.15944 19.1964 1.33247 19.3678 1.54592 19.3678H9.27551C9.59568 19.3678 9.85523 19.6249 9.85523 19.942C9.85523 20.2591 9.59568 20.5161 9.27551 20.5161H1.54592C0.692131 20.5161 0 19.8306 0 18.985V1.76033Z" fill="#EB0203"></path>
                    <path fill-rule="evenodd" clip-rule="evenodd" d="M14.6254 13.8718C13.4921 12.8567 11.7821 12.7615 10.6574 13.7147C9.12472 15.0124 9.34891 17.128 10.4413 18.2493L14.0161 21.9126C14.2199 22.1217 14.493 22.2386 14.7824 22.2386C15.0739 22.2386 15.3449 22.1238 15.5487 21.9147L19.1235 18.2514C20.2139 17.13 20.4422 15.0144 18.9075 13.7147C17.7827 12.7634 16.0726 12.8569 14.9392 13.872C14.8856 13.92 14.8333 13.9701 14.7824 14.0222C14.7314 13.97 14.6791 13.9199 14.6254 13.8718ZM18.1546 14.588C19.0972 15.3869 18.9961 16.7262 18.2891 17.4541C18.2888 17.4543 18.2886 17.4546 18.2884 17.4548L14.7834 21.0466L11.2757 17.452C11.2756 17.4519 11.2755 17.4517 11.2753 17.4516C10.5681 16.7252 10.4682 15.3856 11.4108 14.5876L11.4112 14.5872C12.0748 14.0248 13.202 14.0556 13.949 14.8205L14.7824 15.674L15.6158 14.8205C16.3618 14.0567 17.4896 14.0256 18.1545 14.5879" fill="#EB0203"></path>
                    </svg>
                    </button>
                    </div>
                     <div class="col-sm-10 col-12">
                    <div class="ct-tile-quantity d-none" data-pid="4883398">
                    <input type="hidden" class="add-to-cart-url" value="https://www.continente.pt/on/demandware.store/Sites-continente-Site/default/Cart-AddProduct">
                    <div class="d-none tile-delete-confirmation-btn" data-pid="4883398" data-delay-time="3000" data-in-cart-msg="no carrinho" data-one-product-added="Adicionado ao carrinho" data-remove-from-cart-msg="Removido do carrinho" data-stay-open="6000.0" data-confirmation-image="{&quot;url&quot;:&quot;https://www.continente.pt/dw/image/v2/BDVS_PRD/on/demandware.static/-/Sites-col-master-catalog/default/dw1088bbcb/images/col/488/4883398-direito.jpg?sw=87&amp;sh=80&quot;,&quot;fallbackimage&quot;:{&quot;url&quot;:&quot;https://www.continente.pt/dw/image/v2/BDVS_PRD/on/demandware.static/Sites-continente-Site/-/default/dw7c42b4da/images/noimagelarge_product.png?sw=87&amp;sh=80&quot;,&quot;title&quot;:&quot;Pizza Ristorante de Fiambre e Cogumelos&quot;,&quot;alt&quot;:&quot;Pizza Ristorante de Fiambre e Cogumelos&quot;},&quot;title&quot;:&quot;Pizza Ristorante de Fiambre e Cogumelos&quot;,&quot;alt&quot;:&quot;Pizza Ristorante de Fiambre e Cogumelos&quot;}"></div>
                    <div class="ct-tile-quantity-update quantity-update product-qty-vue" data-remove-action="https://www.continente.pt/on/demandware.store/Sites-continente-Site/default/Cart-RemoveProductLineItem" data-action="https://www.continente.pt/on/demandware.store/Sites-continente-Site/default/Cart-UpdateQuantity" data-dimension-update="https://www.continente.pt/on/demandware.store/Sites-continente-Site/default/Cart-DimensionUpdate" data-pid="4883398" data-uuid="f757d15a1721ee2be86c15e0d8" data-add-delay="500.0" data-measure-options="{&quot;hasConversionRate&quot;:false,&quot;hasAlternativeSaleUnit&quot;:false,&quot;unitConversionRate&quot;:0,&quot;minOrderQuantity&quot;:1,&quot;stepQuantity&quot;:1,&quot;primaryunit&quot;:&quot;un&quot;,&quot;secondaryunit&quot;:&quot;kg&quot;,&quot;selectedunit&quot;:&quot;primary&quot;,&quot;maxNumberOfUnitsPerSale&quot;:50}" data-price-available="null" :data-has-error="isMaxQtyReached || isMinQtyReached || qtySelectedMoreThanOne">
                    <template v-show="prodUnits">
                    <div class="quantity-input-wrapper has-units">
                    <label class="visually-hidden" :for="'quantity-' + pid + additionalTag">
                    Quantidade no carrinho
                    </label>
                    <input :ref="'quantityInput-' + pid + additionalTag" class="add-to-cart-quantity form-control ct-form-input text-center" inputmode="numeric" :class="{'is-invalid': isInvalid}" :data-pid="pid + additionalTag" :name="'quantity-' + pid + additionalTag" type="text" aria-label="Insira a quantidade" title="" v-model="displayValue" @change="updateQuantity" @focus="updateQtyFormat" @blur="restoreQtyFormat" :disabled="!isPriceAvailable">
                    <span class="quantity-icon quantity-icon--minus">
                    <button class="decrease-quantity-btn" @click="updateQuantity" :disabled="!isPriceAvailable" role="button" aria-label="Reduzir quantidade">
                    <i class="css-math-minus"></i>
                    </button>
                    </span>
                    <span class="quantity-icon quantity-icon--plus">
                    <button class="increase-quantity-btn" @click="updateQuantity" :disabled="isMaxQtyReached || !isPriceAvailable" role="button" aria-label="Aumentar quantidade">
                    <i class="css-math-plus"></i>
                     </button>
                    <span class="quantity-btn-disabled-placeholder"></span>
                    </span>
                    <template v-if="isPDP">
                    <span class="quantity-error ct-span-error text-sm-center product-max-allocation" v-if="isMaxQtyReached">
                    Quantidade máxima atingida
                    </span>
                    <span class="quantity-error ct-span-product text-sm-center product-allocation" v-if="!isMinQtyReached &amp;&amp; !isMaxQtyReached">
                    {{quantitySelected}} no carrinho
                    </span>
                    <span class="quantity-error ct-span-error text-sm-center product-min-allocation" :data-pid="pid" v-if="isMinQtyReached &amp;&amp; !isMaxQtyReached">
                    Quantidade mínima atingida
                    </span>
                    </template>
                    </div>
                    <template v-if="showNotes">
                    <div class="add-note-link-container ">
                    <div class="add-note">
                    <a href="/produto/pizza-ristorante-de-fiambre-e-cogumelos-ristorante-4883398.html?showNote=true" class="ct-add-note-redirect-pdp" aria-label="Adicionar comentário">
                    <span class="svg-wrapper svg-icon-notes" style="width:19px; height:20px">
                    <svg class="svg-inline icon-notes" viewBox="0 0 28 30" xmlns="http://www.w3.org/2000/svg" width="100%" height="100%"><path d="M21.738 0C22.985 0 24 1.04 24 2.319V12.47c0 .469-.37.848-.828.848-.457 0-.827-.38-.827-.848V2.32c0-.343-.273-.622-.607-.622H2.262c-.334 0-.607.279-.607.622V27.68c0 .343.273.622.607.622h7.81c.457 0 .827.38.827.849 0 .468-.37.848-.827.848h-7.81C1.015 30 0 28.96 0 27.681V2.32C0 1.04 1.015 0 2.262 0h19.476zm2.844 16.004l.227.007c.823.053 1.589.39 2.176.964.64.627.993 1.46.993 2.349 0 .888-.353 1.722-.993 2.348l-6.83 6.665c-.11.108-.247.186-.397.226l-5.032 1.363c-.078.021-.16.032-.241.032-.242 0-.478-.097-.647-.266-.23-.231-.314-.566-.218-.874l1.49-4.798c.044-.139.122-.266.227-.369l6.844-6.677c.64-.625 1.493-.97 2.401-.97zm-2.886 3.94l-4.922 4.802-.947 3.048 3.22-.872 4.897-4.78-2.248-2.197zm2.887-2.174c-.425 0-.824.162-1.124.455l-.484.472 2.248 2.197.484-.472c.62-.606.62-1.591 0-2.197l-.117-.104c-.283-.227-.636-.35-1.007-.35zm-10.839.022c.498 0 .904.396.904.883 0 .488-.406.884-.904.884H5.946c-.499 0-.904-.396-.904-.884 0-.487.405-.883.904-.883zm5.042-4.876c.498 0 .904.397.904.884s-.406.884-.904.884H5.946c-.499 0-.904-.397-.904-.884s.405-.884.904-.884zm0-4.875c.498 0 .904.396.904.884 0 .487-.406.883-.904.883H5.946c-.499 0-.904-.396-.904-.883 0-.488.405-.884.904-.884z" fill="#EB0203" fill-rule="evenodd"></path></svg>
                    </span>
                    <div class="available-note d-none"></div>
                    </a>
                    </div>
                    </div>
                    </template>
                    <div class="measurement-unit-section" v-if="isPriceAvailable &amp;&amp; prodUnits ? prodUnits.hasAlternativeUnit : false">
                    <div class="ct-form-radio" @click="setDimension">
                    <input type="radio" title="" class="ct-form-check-input product-measurement-unit" :data-type="prodUnits.selectedUnit == prodUnits.secondaryUnit ? 'primary' : ''" :id="prodUnits.secondaryUnit + '-' + pid + '-measurement-unit-ptile' + additionalTag" :name="'measurement-unit-' + pid + '-ptile' + additionalTag" :value="prodUnits.secondaryUnit" v-model="prodUnits.selectedUnit">
                    <label :class="prodUnits.secondaryUnit + '-label ct-form-check-label mb-0'" :for="prodUnits.secondaryUnit + '-' + pid + '-measurement-unit-ptile' + additionalTag">
                    {{prodUnits.secondaryUnit}}
                    </label>
                    <span class="checkmark"></span>
                    </div>
                    <div class="ct-form-radio" @click="setDimension">
                    <input type="radio" title="" class="ct-form-check-input product-measurement-unit" :data-type="prodUnits.selectedUnit == prodUnits.primaryUnit ? 'primary' : ''" :id="prodUnits.primaryUnit + '-' + pid + '-measurement-unit-ptile' + additionalTag" :name="'measurement-unit-' + pid + '-ptile' + additionalTag" :value="prodUnits.primaryUnit" v-model="prodUnits.selectedUnit">
                    <label :class="prodUnits.primaryUnit + '-label ct-form-check-label mb-0'" :for="prodUnits.primaryUnit + '-' + pid + '-measurement-unit-ptile' + additionalTag">
                    {{prodUnits.primaryUnit}}
                    </label>
                    <span class="checkmark"></span>
                    </div>
                    </div>
                    <template v-if="!isPDP &amp;&amp; isPriceAvailable">
                    <span class="quantity-error ct-span-error product-max-allocation" v-if="isMaxQtyReached">
                    Quantidade máxima atingida
                    </span>
                    <span class="quantity-error ct-span-product product-allocation" v-if="!isMinQtyReached &amp;&amp; !isMaxQtyReached">
                    {{quantitySelected}} no carrinho
                    </span>
                    <span class="quantity-error ct-span-error product-min-allocation" :data-pid="pid" v-if="isMinQtyReached &amp;&amp; !isMaxQtyReached">
                    Quantidade mínima atingida
                    </span>
                    </template>
                    </template>
                    </div>
                    <input class="quantity-value-mask d-none" name="quantity" type="number" min="0" value="">
                    </div>
                    <button type="button" class="add-to-cart button js-add-to-cart js-add-to-cart-tile 4883398 button--primary dynamic-layout-btn" data-toggle="modal" data-target="#chooseBonusProductModal" data-pid="4883398" data-quantity-value="null" aria-label="Carrinho">
                    <span class="d-block d-sm-none">
                    <span class="svg-wrapper svg-icon-cart" style="width:20px; height:20px">
                    <svg class="svg-inline icon-cart" xmlns="http://www.w3.org/2000/svg" viewBox="0 0 500 500" width="100%" height="100%"><path fill="#EB0203" fill-rule="evenodd" d="M 485.67317,94.386311 C 476.37798,83.847129 463.09468,78.03348 448.30404,78.03348 H 90.690813 L 87.079511,51.327997 C 83.185582,22.539551 62.962285,0 41.011841,0 H 14.727836 C 6.563151,0 0,6.5286975 0,14.580758 c 0,8.05206 6.5945535,14.580758 14.727836,14.580758 h 26.284005 c 4.710398,0 14.696435,9.855222 16.894619,26.021523 L 100.01739,368.0631 c 1.88416,13.77244 9.01256,26.70549 20.1605,36.37417 8.25889,7.15046 18.02511,11.9071 28.26237,13.89679 -4.17655,7.58572 -6.53175,16.25957 -6.53175,25.493 0,29.53459 24.27424,53.59751 54.13815,53.59751 29.8325,0 54.13814,-24.03184 54.13814,-53.59751 0,-8.79818 -2.19818,-17.09897 -5.9979,-24.43598 h 77.12488 c -3.79973,7.33701 -5.96652,15.6378 -5.96652,24.43598 0,29.53459 24.27424,53.59751 54.13817,53.59751 29.83249,0 54.13814,-24.03184 54.13814,-53.59751 0,-8.79818 -2.1982,-17.09897 -5.9979,-24.43598 h 38.56243 c 8.13328,0 14.72783,-6.5287 14.72783,-14.61183 0,-8.02098 -6.59455,-14.54967 -14.72783,-14.54967 H 159.24277 c -14.38241,0 -28.13677,-11.90711 -30.02092,-26.02153 l -3.07746,-22.88154 h 290.6314 c 14.03698,0 27.94834,-5.28513 39.06488,-14.95381 11.11652,-9.6376 18.27632,-22.57065 20.16048,-36.37417 l 21.10259,-156.78201 c 1.94694,-14.51858 -2.10398,-28.29103 -11.43057,-38.861299 z M 220.76053,443.82706 c 0,13.49265 -11.08513,24.46709 -24.68247,24.46709 -13.62874,0 -24.71387,-10.97444 -24.71387,-24.46709 0,-13.49262 11.08513,-24.43598 24.71387,-24.43598 13.59734,0 24.68247,10.94336 24.68247,24.43598 z m 173.43675,0 c 0,13.49265 -11.08512,24.46709 -24.68245,24.46709 -13.62876,0 -24.71388,-10.97444 -24.71388,-24.46709 0,-13.49262 11.08512,-24.43598 24.71388,-24.43598 13.59733,0 24.68245,10.94336 24.68245,24.43598 z m 73.7648,-314.46558 -21.13397,156.782 c -1.88416,14.11442 -15.63851,26.05261 -30.02091,26.05261 H 122.25046 L 94.616142,107.19499 H 448.33544 c 6.18632,0 11.61896,2.2695 15.23028,6.37326 3.64269,4.13484 5.21283,9.73086 4.39636,15.79323 z"></path></svg>
                    </span>
                    </span>
                    <span class="add-to-cart--text d-none d-sm-block">Carrinho</span>
                    </button>
                    </div>
                    </div>
                    </div>
                    </div>
                    
                    <div class="col-12 d-sm-none">
                    </div>
                    </div>
                    </div>
                    </div>
                    </div>
                    <div class="col-12 col-sm-3 col-lg-2 productTile" data-idx="29">
                    
                    <script type="text/javascript">//<!--
                    /* <![CDATA[ */
                    (function(){
                    try {
                        if(window.CQuotient) {
                        var cq_params = {};
                        
                        cq_params.cookieId = window.CQuotient.getCQCookieId();
                        cq_params.userId = window.CQuotient.getCQUserId();
                        cq_params.emailId = CQuotient.getCQHashedEmail();
                        cq_params.loginId = CQuotient.getCQHashedLogin();
                        cq_params.accumulate = true;
                        cq_params.products = [{
                            id: '4513221',
                            sku: ''
                        }];
                        cq_params.categoryId = 'refeicoes-faceis';
                        cq_params.refinements = '[{\"name\":\"priceMin\",\"value\":\"0.01\"},{\"name\":\"priceMax\",\"value\":\"null\"},{\"name\":\"curr\",\"value\":\"EUR\"},{\"name\":\"Category\",\"value\":\"refeicoes-faceis\"}]';
                        cq_params.personalized = 'false';
                        cq_params.sortingRule = 'FRESH-Refei\u00E7\u00F5es F\u00E1ceis';
                        cq_params.imageUUID = '__UNDEFINED__';
                        cq_params.realm = "BDVS";
                        cq_params.siteId = "continente";
                        cq_params.instanceType = "prd";
                        cq_params.queryLocale = "default";
                        cq_params.locale = window.CQuotient.locale;
                        
                        if(window.CQuotient.sendActivity)
                            window.CQuotient.sendActivity(CQuotient.clientId, 'viewCategory', cq_params);
                        else
                            window.CQuotient.activities.push({
                                activityType: 'viewCategory',
                                parameters: cq_params
                            });
                      }
                    } catch(err) {}
                    })();
                    /* ]]> */
                    // -->
                    </script>
                    <script type="text/javascript">//<!--
                    /* <![CDATA[ (viewCategoryProduct-active_data.js) */
                    (function(){
                    try {
                        if (dw.ac) {
                            var search_params = {};
                            search_params.persd = 'false';
                            search_params.refs = '[{\"name\":\"priceMin\",\"value\":\"0.01\"},{\"name\":\"priceMax\",\"value\":\"null\"},{\"name\":\"curr\",\"value\":\"EUR\"},{\"name\":\"Category\",\"value\":\"refeicoes-faceis\"}]';
                            search_params.sort = 'FRESH-Refei\u00E7\u00F5es F\u00E1ceis';
                            search_params.imageUUID = '';
                            search_params.searchID = 'adc2ebee-ded6-4d71-a833-c4f63de27d3e';
                            search_params.locale = 'default';
                            search_params.queryLocale = 'default';
                            search_params.showProducts = 'true';
                            dw.ac.applyContext({category: "refeicoes-faceis", searchData: search_params});
                            if (typeof dw.ac._scheduleDataSubmission === "function") {
                                dw.ac._scheduleDataSubmission();
                            }
                        }
                    } catch(err) {}
                    })();
                    /* ]]> */
                    // -->
                    </script>
                    <script type="text/javascript">//<!--
                    /* <![CDATA[ (viewProduct-active_data.js) */
                    dw.ac._capture({id: "4513221", type: "searchhit"});
                    /* ]]> */
                    // -->
                    </script>
                    <div class="product" data-pid="4513221">
                    <div class="product-tile pid-4513221 ct-product-tile data-layer-pushed" data-delay-time="3000" data-variants-mapping="[]" data-in-cart-msg="no carrinho" data-one-product-added="Adicionado ao carrinho" data-remove-from-cart-msg="Removido do carrinho" data-stay-open="6000.0" data-product-tile-impression="{&quot;name&quot;:&quot;4513221&quot;,&quot;id&quot;:&quot;4513221&quot;,&quot;price&quot;:1.29,&quot;brand&quot;:&quot;Continente Seleção&quot;,&quot;category&quot;:[{&quot;category_level_1&quot;:&quot;Frutas e Legumes&quot;},{&quot;category_level_2&quot;:&quot;Legumes&quot;},{&quot;category_level_3&quot;:&quot;Saladas, Sopas e Salteados&quot;}],&quot;variant&quot;:&quot;&quot;}">
                    <div class="ct-inner-tile-wrap row no-gutters justify-content-center align-content-start">
                    
                    <div class="ct-image-container col-4 col-sm" data-confirmation-image="{&quot;url&quot;:&quot;https://www.continente.pt/dw/image/v2/BDVS_PRD/on/demandware.static/-/Sites-col-master-catalog/default/dwf914c8e9/images/col/451/4513221-frente.jpg?sw=87&amp;sh=80&quot;,&quot;fallbackimage&quot;:{&quot;url&quot;:&quot;https://www.continente.pt/dw/image/v2/BDVS_PRD/on/demandware.static/Sites-continente-Site/-/default/dw7c42b4da/images/noimagelarge_product.png?sw=87&amp;sh=80&quot;,&quot;title&quot;:&quot;Salada Camponesa&quot;,&quot;alt&quot;:&quot;Salada Camponesa&quot;},&quot;title&quot;:&quot;Salada Camponesa&quot;,&quot;alt&quot;:&quot;Salada Camponesa&quot;}">
                    <a href="https://www.continente.pt/produto/salada-camponesa-continente-selecao-4513221.html?cgid=refeicoes-faceis">
                    <picture class="intrinsic intrinsic--square">
                    <img class="ct-tile-image lazyloaded" loading="lazy" onerror="this.onerror=null;this.src='/on/demandware.static/Sites-continente-Site/-/default/dw7c42b4da/images/noimagelarge_product.png';" data-src="https://www.continente.pt/dw/image/v2/BDVS_PRD/on/demandware.static/-/Sites-col-master-catalog/default/dwf914c8e9/images/col/451/4513221-frente.jpg?sw=280&amp;sh=280" alt="Salada Camponesa" title="Salada Camponesa" src="https://www.continente.pt/dw/image/v2/BDVS_PRD/on/demandware.static/-/Sites-col-master-catalog/default/dwf914c8e9/images/col/451/4513221-frente.jpg?sw=280&amp;sh=280">
                    </picture>
                    </a>
                    <div class=" ct-product-tile-badge ct-product-tile-badge--general">
                    <img class="img-fluid ct-tooltip-trigger lazyloaded" loading="lazy" data-src="https://www.continente.pt/dw/image/v2/BDVS_PRD/on/demandware.static/-/Sites-continente-Library/default/dw62d4c957/images/badges/general/col/madein.png?sw=25&amp;sh=25" alt="Crachá do produto" title="" data-toggle="tooltip" data-placement="right" data-original-title="Made in Portugal" src="https://www.continente.pt/dw/image/v2/BDVS_PRD/on/demandware.static/-/Sites-continente-Library/default/dw62d4c957/images/badges/general/col/madein.png?sw=25&amp;sh=25">
                    </div>
                    <div class="color-swatches d-flex" style="margin-left: 5px;">
                    <div class="swatches d-flex">
                    </div>
                    </div>
                    </div>
                    <div class="ct-tile-body col col-sm-auto ">
                     <div class="ct-pdp-details">
                    <div class="ct-pdp-link">
                    <a class="ct-tile--description" href="https://www.continente.pt/produto/salada-camponesa-continente-selecao-4513221.html?cgid=refeicoes-faceis">Salada Camponesa</a>
                    <div class="ct-tile--favorite-top d-sm-none">
                    <button class="wishlist-toggler guest-mode inactive button button--tertiary" data-pid="4513221" data-add-url="https://www.continente.pt/on/demandware.store/Sites-continente-Site/default/Wishlist-AddProduct?pid=4513221" data-toggle="tooltip" aria-label="Adicionar aos favoritos " data-original-title="Adicionar aos favoritos" data-placement="top">
                    <svg class="active-content" width="100%" height="100%" viewBox="0 0 20 22" fill="none" xmlns="http://www.w3.org/2000/svg">
                    <path fill-rule="evenodd" clip-rule="evenodd" d="M0 1.53052C0 0.685236 0.692171 0 1.54601 0H15.0736C15.9274 0 16.6196 0.685235 16.6196 1.53052V13.4064L15.8127 13.922L14.2658 14.2658L12.7189 13.4064L10.6054 14.3818C10.4994 14.2451 10.3327 14.157 10.1452 14.157H6.76329C6.4431 14.157 6.18354 14.414 6.18354 14.731C6.18354 15.0479 6.4431 15.3049 6.76329 15.3049H10.1452C10.2478 15.3049 10.3441 15.2785 10.4277 15.2322L10.3126 16.8439L13.2345 20.2793H1.54601C0.69217 20.2793 0 19.5941 0 18.7488V1.53052ZM6.18354 5.5483C6.18354 5.23132 6.4431 4.97436 6.76329 4.97436H12.3676C12.6878 4.97436 12.9473 5.23132 12.9473 5.5483C12.9473 5.86528 12.6878 6.12224 12.3676 6.12224H6.76329C6.4431 6.12224 6.18354 5.86528 6.18354 5.5483ZM6.76329 11.0961C6.4431 11.0961 6.18354 11.3531 6.18354 11.6701C6.18354 11.987 6.4431 12.244 6.76329 12.244H12.3676C12.6878 12.244 12.9473 11.987 12.9473 11.6701C12.9473 11.3531 12.6878 11.0961 12.3676 11.0961H6.76329ZM6.18354 8.60985C6.18354 8.29287 6.4431 8.03591 6.76329 8.03591H12.3676C12.6878 8.03591 12.9473 8.29287 12.9473 8.60985C12.9473 8.92684 12.6878 9.1838 12.3676 9.1838H6.76329C6.4431 9.1838 6.18354 8.92684 6.18354 8.60985ZM3.67118 5.5483C3.67118 5.23132 3.93075 4.97436 4.25093 4.97436H4.63743C4.95762 4.97436 5.21719 5.23132 5.21719 5.5483C5.21719 5.86528 4.95762 6.12224 4.63743 6.12224H4.25093C3.93075 6.12224 3.67118 5.86528 3.67118 5.5483ZM4.25093 11.0961C3.93075 11.0961 3.67118 11.3531 3.67118 11.6701C3.67118 11.987 3.93075 12.244 4.25093 12.244H4.63743C4.95762 12.244 5.21719 11.987 5.21719 11.6701C5.21719 11.3531 4.95762 11.0961 4.63743 11.0961H4.25093ZM3.67118 8.60985C3.67118 8.29287 3.93075 8.03591 4.25093 8.03591H4.63743C4.95762 8.03591 5.21719 8.29287 5.21719 8.60985C5.21719 8.92684 4.95762 9.1838 4.63743 9.1838H4.25093C3.93075 9.1838 3.67118 8.92684 3.67118 8.60985ZM4.25093 14.157C3.93075 14.157 3.67118 14.414 3.67118 14.731C3.67118 15.0479 3.93075 15.3049 4.25093 15.3049H4.63743C4.95762 15.3049 5.21719 15.0479 5.21719 14.731C5.21719 14.414 4.95762 14.157 4.63743 14.157H4.25093Z" fill="#EB0203"></path>
                    <path fill-rule="evenodd" clip-rule="evenodd" d="M14.6252 13.6363C13.4918 12.6215 11.7817 12.5264 10.6569 13.4792C9.12421 14.7764 9.34841 16.8912 10.4409 18.0122L14.0159 21.6742C14.2197 21.8832 14.4928 22 14.7822 22C15.0737 22 15.3448 21.8852 15.5486 21.6762L19.1236 18.0142C20.214 16.8933 20.4423 14.7785 18.9075 13.4792C17.7827 12.5283 16.0724 12.6217 14.9391 13.6365C14.8855 13.6845 14.8331 13.7345 14.7822 13.7866C14.7313 13.7345 14.6789 13.6843 14.6252 13.6363ZM18.1546 14.3522C19.0973 15.1508 18.9962 16.4896 18.2891 17.2173C18.2888 17.2175 18.2886 17.2177 18.2884 17.218L14.7832 20.8084L11.2753 17.2151C11.2752 17.215 11.2751 17.2149 11.2749 17.2148C10.5677 16.4887 10.4678 15.1495 11.4104 14.3518L11.4108 14.3514C12.0745 13.7892 13.2018 13.82 13.9488 14.5846L14.7822 15.4378L15.6157 14.5846C16.3617 13.8211 17.4896 13.79 18.1545 14.3521" fill="#EB0203"></path>
                    </svg>
                    <svg class="inactive-content" width="100%" height="100%" viewBox="0 0 20 23" fill="none" xmlns="http://www.w3.org/2000/svg">
                    <path fill-rule="evenodd" clip-rule="evenodd" d="M6.18408 5.77914C6.18408 5.46223 6.44363 5.20532 6.7638 5.20532H12.3678C12.6879 5.20532 12.9475 5.46223 12.9475 5.77914C12.9475 6.09606 12.6879 6.35297 12.3678 6.35297H6.7638C6.44363 6.35297 6.18408 6.09606 6.18408 5.77914Z" fill="#EB0203"></path>
                    <path fill-rule="evenodd" clip-rule="evenodd" d="M6.18408 11.9034C6.18408 11.5865 6.44363 11.3296 6.7638 11.3296H12.3678C12.6879 11.3296 12.9475 11.5865 12.9475 11.9034C12.9475 12.2202 12.6879 12.4771 12.3678 12.4771H6.7638C6.44363 12.4771 6.18408 12.2202 6.18408 11.9034Z" fill="#EB0203"></path>
                    <path fill-rule="evenodd" clip-rule="evenodd" d="M6.18408 8.84116C6.18408 8.52424 6.44363 8.26733 6.7638 8.26733H12.3678C12.6879 8.26733 12.9475 8.52424 12.9475 8.84116C12.9475 9.15807 12.6879 9.41498 12.3678 9.41498H6.7638C6.44363 9.41498 6.18408 9.15807 6.18408 8.84116Z" fill="#EB0203"></path>
                    <path fill-rule="evenodd" clip-rule="evenodd" d="M6.18408 14.9655C6.18408 14.6486 6.44363 14.3917 6.7638 14.3917H10.1455C10.4657 14.3917 10.7252 14.6486 10.7252 14.9655C10.7252 15.2825 10.4657 15.5394 10.1455 15.5394H6.7638C6.44363 15.5394 6.18408 15.2825 6.18408 14.9655Z" fill="#EB0203"></path>
                    <path fill-rule="evenodd" clip-rule="evenodd" d="M3.67139 5.77914C3.67139 5.46223 3.93094 5.20532 4.25111 5.20532H4.63759C4.95776 5.20532 5.21731 5.46223 5.21731 5.77914C5.21731 6.09606 4.95776 6.35297 4.63759 6.35297H4.25111C3.93094 6.35297 3.67139 6.09606 3.67139 5.77914Z" fill="#EB0203"></path>
                    <path fill-rule="evenodd" clip-rule="evenodd" d="M3.67139 11.9034C3.67139 11.5865 3.93094 11.3296 4.25111 11.3296H4.63759C4.95776 11.3296 5.21731 11.5865 5.21731 11.9034C5.21731 12.2202 4.95776 12.4771 4.63759 12.4771H4.25111C3.93094 12.4771 3.67139 12.2202 3.67139 11.9034Z" fill="#EB0203"></path>
                    <path fill-rule="evenodd" clip-rule="evenodd" d="M3.67139 8.84116C3.67139 8.52424 3.93094 8.26733 4.25111 8.26733H4.63759C4.95776 8.26733 5.21731 8.52424 5.21731 8.84116C5.21731 9.15807 4.95776 9.41498 4.63759 9.41498H4.25111C3.93094 9.41498 3.67139 9.15807 3.67139 8.84116Z" fill="#EB0203"></path>
                    <path fill-rule="evenodd" clip-rule="evenodd" d="M3.67139 14.9655C3.67139 14.6486 3.93094 14.3917 4.25111 14.3917H4.63759C4.95776 14.3917 5.21731 14.6486 5.21731 14.9655C5.21731 15.2825 4.95776 15.5394 4.63759 15.5394H4.25111C3.93094 15.5394 3.67139 15.2825 3.67139 14.9655Z" fill="#EB0203"></path>
                    <path fill-rule="evenodd" clip-rule="evenodd" d="M0 1.76033C0 0.914738 0.692131 0.229248 1.54592 0.229248H15.0727C15.9265 0.229248 16.6186 0.914738 16.6186 1.76033V11.2818C16.6186 11.5989 16.3591 11.8559 16.0389 11.8559C15.7187 11.8559 15.4592 11.5989 15.4592 11.2818V1.76033C15.4592 1.54893 15.2862 1.37756 15.0727 1.37756H1.54592C1.33247 1.37756 1.15944 1.54893 1.15944 1.76033V18.985C1.15944 19.1964 1.33247 19.3678 1.54592 19.3678H9.27551C9.59568 19.3678 9.85523 19.6249 9.85523 19.942C9.85523 20.2591 9.59568 20.5161 9.27551 20.5161H1.54592C0.692131 20.5161 0 19.8306 0 18.985V1.76033Z" fill="#EB0203"></path>
                    <path fill-rule="evenodd" clip-rule="evenodd" d="M14.6254 13.8718C13.4921 12.8567 11.7821 12.7615 10.6574 13.7147C9.12472 15.0124 9.34891 17.128 10.4413 18.2493L14.0161 21.9126C14.2199 22.1217 14.493 22.2386 14.7824 22.2386C15.0739 22.2386 15.3449 22.1238 15.5487 21.9147L19.1235 18.2514C20.2139 17.13 20.4422 15.0144 18.9075 13.7147C17.7827 12.7634 16.0726 12.8569 14.9392 13.872C14.8856 13.92 14.8333 13.9701 14.7824 14.0222C14.7314 13.97 14.6791 13.9199 14.6254 13.8718ZM18.1546 14.588C19.0972 15.3869 18.9961 16.7262 18.2891 17.4541C18.2888 17.4543 18.2886 17.4546 18.2884 17.4548L14.7834 21.0466L11.2757 17.452C11.2756 17.4519 11.2755 17.4517 11.2753 17.4516C10.5681 16.7252 10.4682 15.3856 11.4108 14.5876L11.4112 14.5872C12.0748 14.0248 13.202 14.0556 13.949 14.8205L14.7824 15.674L15.6158 14.8205C16.3618 14.0567 17.4896 14.0256 18.1545 14.5879" fill="#EB0203"></path>
                    </svg>
                    </button>
                    </div>
                    </div>
                    <p class="ct-tile--brand">Continente Seleção</p>
                    <p class="ct-tile--quantity">emb. 250gr</p>
                    </div>
                    <div class="ct-tile-bottom row no-gutters justify-content-between">
                     <div class="ct-price-wrap col-8 col-sm-12">
                    <div class="price js-product-price">
                    <div class="prices-wrapper">
                    <span class="sales ct-tile--price-primary ">
                    <span class="value" content="1.29">
                    <span class="ct-price-formatted">
                    €1,29
                    </span>
                    <span class="ct-m-unit">
                    /un
                    </span>
                    </span>
                    </span>
                    </div>
                    <div class="ct-tile--price-secondary">
                    <span class="ct-price-value">
                    €5,16
                    </span>
                    <span class="ct-m-unit">
                    /kg
                    </span>
                    </div>
                    </div>
                    </div>
                    <div class="ct-tile-buy-section d-flex justify-content-center no-gutters col-auto col-sm-12">
                    <div class="col-2 d-sm-flex d-none">
                    <button class="wishlist-toggler guest-mode inactive button button--tertiary" data-pid="4513221" data-add-url="https://www.continente.pt/on/demandware.store/Sites-continente-Site/default/Wishlist-AddProduct?pid=4513221" data-toggle="tooltip" aria-label="Adicionar aos favoritos " data-original-title="Adicionar aos favoritos" data-placement="top">
                    <svg class="active-content" width="100%" height="100%" viewBox="0 0 20 22" fill="none" xmlns="http://www.w3.org/2000/svg">
                    <path fill-rule="evenodd" clip-rule="evenodd" d="M0 1.53052C0 0.685236 0.692171 0 1.54601 0H15.0736C15.9274 0 16.6196 0.685235 16.6196 1.53052V13.4064L15.8127 13.922L14.2658 14.2658L12.7189 13.4064L10.6054 14.3818C10.4994 14.2451 10.3327 14.157 10.1452 14.157H6.76329C6.4431 14.157 6.18354 14.414 6.18354 14.731C6.18354 15.0479 6.4431 15.3049 6.76329 15.3049H10.1452C10.2478 15.3049 10.3441 15.2785 10.4277 15.2322L10.3126 16.8439L13.2345 20.2793H1.54601C0.69217 20.2793 0 19.5941 0 18.7488V1.53052ZM6.18354 5.5483C6.18354 5.23132 6.4431 4.97436 6.76329 4.97436H12.3676C12.6878 4.97436 12.9473 5.23132 12.9473 5.5483C12.9473 5.86528 12.6878 6.12224 12.3676 6.12224H6.76329C6.4431 6.12224 6.18354 5.86528 6.18354 5.5483ZM6.76329 11.0961C6.4431 11.0961 6.18354 11.3531 6.18354 11.6701C6.18354 11.987 6.4431 12.244 6.76329 12.244H12.3676C12.6878 12.244 12.9473 11.987 12.9473 11.6701C12.9473 11.3531 12.6878 11.0961 12.3676 11.0961H6.76329ZM6.18354 8.60985C6.18354 8.29287 6.4431 8.03591 6.76329 8.03591H12.3676C12.6878 8.03591 12.9473 8.29287 12.9473 8.60985C12.9473 8.92684 12.6878 9.1838 12.3676 9.1838H6.76329C6.4431 9.1838 6.18354 8.92684 6.18354 8.60985ZM3.67118 5.5483C3.67118 5.23132 3.93075 4.97436 4.25093 4.97436H4.63743C4.95762 4.97436 5.21719 5.23132 5.21719 5.5483C5.21719 5.86528 4.95762 6.12224 4.63743 6.12224H4.25093C3.93075 6.12224 3.67118 5.86528 3.67118 5.5483ZM4.25093 11.0961C3.93075 11.0961 3.67118 11.3531 3.67118 11.6701C3.67118 11.987 3.93075 12.244 4.25093 12.244H4.63743C4.95762 12.244 5.21719 11.987 5.21719 11.6701C5.21719 11.3531 4.95762 11.0961 4.63743 11.0961H4.25093ZM3.67118 8.60985C3.67118 8.29287 3.93075 8.03591 4.25093 8.03591H4.63743C4.95762 8.03591 5.21719 8.29287 5.21719 8.60985C5.21719 8.92684 4.95762 9.1838 4.63743 9.1838H4.25093C3.93075 9.1838 3.67118 8.92684 3.67118 8.60985ZM4.25093 14.157C3.93075 14.157 3.67118 14.414 3.67118 14.731C3.67118 15.0479 3.93075 15.3049 4.25093 15.3049H4.63743C4.95762 15.3049 5.21719 15.0479 5.21719 14.731C5.21719 14.414 4.95762 14.157 4.63743 14.157H4.25093Z" fill="#EB0203"></path>
                    <path fill-rule="evenodd" clip-rule="evenodd" d="M14.6252 13.6363C13.4918 12.6215 11.7817 12.5264 10.6569 13.4792C9.12421 14.7764 9.34841 16.8912 10.4409 18.0122L14.0159 21.6742C14.2197 21.8832 14.4928 22 14.7822 22C15.0737 22 15.3448 21.8852 15.5486 21.6762L19.1236 18.0142C20.214 16.8933 20.4423 14.7785 18.9075 13.4792C17.7827 12.5283 16.0724 12.6217 14.9391 13.6365C14.8855 13.6845 14.8331 13.7345 14.7822 13.7866C14.7313 13.7345 14.6789 13.6843 14.6252 13.6363ZM18.1546 14.3522C19.0973 15.1508 18.9962 16.4896 18.2891 17.2173C18.2888 17.2175 18.2886 17.2177 18.2884 17.218L14.7832 20.8084L11.2753 17.2151C11.2752 17.215 11.2751 17.2149 11.2749 17.2148C10.5677 16.4887 10.4678 15.1495 11.4104 14.3518L11.4108 14.3514C12.0745 13.7892 13.2018 13.82 13.9488 14.5846L14.7822 15.4378L15.6157 14.5846C16.3617 13.8211 17.4896 13.79 18.1545 14.3521" fill="#EB0203"></path>
                    </svg>
                    <svg class="inactive-content" width="100%" height="100%" viewBox="0 0 20 23" fill="none" xmlns="http://www.w3.org/2000/svg">
                    <path fill-rule="evenodd" clip-rule="evenodd" d="M6.18408 5.77914C6.18408 5.46223 6.44363 5.20532 6.7638 5.20532H12.3678C12.6879 5.20532 12.9475 5.46223 12.9475 5.77914C12.9475 6.09606 12.6879 6.35297 12.3678 6.35297H6.7638C6.44363 6.35297 6.18408 6.09606 6.18408 5.77914Z" fill="#EB0203"></path>
                    <path fill-rule="evenodd" clip-rule="evenodd" d="M6.18408 11.9034C6.18408 11.5865 6.44363 11.3296 6.7638 11.3296H12.3678C12.6879 11.3296 12.9475 11.5865 12.9475 11.9034C12.9475 12.2202 12.6879 12.4771 12.3678 12.4771H6.7638C6.44363 12.4771 6.18408 12.2202 6.18408 11.9034Z" fill="#EB0203"></path>
                    <path fill-rule="evenodd" clip-rule="evenodd" d="M6.18408 8.84116C6.18408 8.52424 6.44363 8.26733 6.7638 8.26733H12.3678C12.6879 8.26733 12.9475 8.52424 12.9475 8.84116C12.9475 9.15807 12.6879 9.41498 12.3678 9.41498H6.7638C6.44363 9.41498 6.18408 9.15807 6.18408 8.84116Z" fill="#EB0203"></path>
                    <path fill-rule="evenodd" clip-rule="evenodd" d="M6.18408 14.9655C6.18408 14.6486 6.44363 14.3917 6.7638 14.3917H10.1455C10.4657 14.3917 10.7252 14.6486 10.7252 14.9655C10.7252 15.2825 10.4657 15.5394 10.1455 15.5394H6.7638C6.44363 15.5394 6.18408 15.2825 6.18408 14.9655Z" fill="#EB0203"></path>
                    <path fill-rule="evenodd" clip-rule="evenodd" d="M3.67139 5.77914C3.67139 5.46223 3.93094 5.20532 4.25111 5.20532H4.63759C4.95776 5.20532 5.21731 5.46223 5.21731 5.77914C5.21731 6.09606 4.95776 6.35297 4.63759 6.35297H4.25111C3.93094 6.35297 3.67139 6.09606 3.67139 5.77914Z" fill="#EB0203"></path>
                    <path fill-rule="evenodd" clip-rule="evenodd" d="M3.67139 11.9034C3.67139 11.5865 3.93094 11.3296 4.25111 11.3296H4.63759C4.95776 11.3296 5.21731 11.5865 5.21731 11.9034C5.21731 12.2202 4.95776 12.4771 4.63759 12.4771H4.25111C3.93094 12.4771 3.67139 12.2202 3.67139 11.9034Z" fill="#EB0203"></path>
                    <path fill-rule="evenodd" clip-rule="evenodd" d="M3.67139 8.84116C3.67139 8.52424 3.93094 8.26733 4.25111 8.26733H4.63759C4.95776 8.26733 5.21731 8.52424 5.21731 8.84116C5.21731 9.15807 4.95776 9.41498 4.63759 9.41498H4.25111C3.93094 9.41498 3.67139 9.15807 3.67139 8.84116Z" fill="#EB0203"></path>
                    <path fill-rule="evenodd" clip-rule="evenodd" d="M3.67139 14.9655C3.67139 14.6486 3.93094 14.3917 4.25111 14.3917H4.63759C4.95776 14.3917 5.21731 14.6486 5.21731 14.9655C5.21731 15.2825 4.95776 15.5394 4.63759 15.5394H4.25111C3.93094 15.5394 3.67139 15.2825 3.67139 14.9655Z" fill="#EB0203"></path>
                    <path fill-rule="evenodd" clip-rule="evenodd" d="M0 1.76033C0 0.914738 0.692131 0.229248 1.54592 0.229248H15.0727C15.9265 0.229248 16.6186 0.914738 16.6186 1.76033V11.2818C16.6186 11.5989 16.3591 11.8559 16.0389 11.8559C15.7187 11.8559 15.4592 11.5989 15.4592 11.2818V1.76033C15.4592 1.54893 15.2862 1.37756 15.0727 1.37756H1.54592C1.33247 1.37756 1.15944 1.54893 1.15944 1.76033V18.985C1.15944 19.1964 1.33247 19.3678 1.54592 19.3678H9.27551C9.59568 19.3678 9.85523 19.6249 9.85523 19.942C9.85523 20.2591 9.59568 20.5161 9.27551 20.5161H1.54592C0.692131 20.5161 0 19.8306 0 18.985V1.76033Z" fill="#EB0203"></path>
                    <path fill-rule="evenodd" clip-rule="evenodd" d="M14.6254 13.8718C13.4921 12.8567 11.7821 12.7615 10.6574 13.7147C9.12472 15.0124 9.34891 17.128 10.4413 18.2493L14.0161 21.9126C14.2199 22.1217 14.493 22.2386 14.7824 22.2386C15.0739 22.2386 15.3449 22.1238 15.5487 21.9147L19.1235 18.2514C20.2139 17.13 20.4422 15.0144 18.9075 13.7147C17.7827 12.7634 16.0726 12.8569 14.9392 13.872C14.8856 13.92 14.8333 13.9701 14.7824 14.0222C14.7314 13.97 14.6791 13.9199 14.6254 13.8718ZM18.1546 14.588C19.0972 15.3869 18.9961 16.7262 18.2891 17.4541C18.2888 17.4543 18.2886 17.4546 18.2884 17.4548L14.7834 21.0466L11.2757 17.452C11.2756 17.4519 11.2755 17.4517 11.2753 17.4516C10.5681 16.7252 10.4682 15.3856 11.4108 14.5876L11.4112 14.5872C12.0748 14.0248 13.202 14.0556 13.949 14.8205L14.7824 15.674L15.6158 14.8205C16.3618 14.0567 17.4896 14.0256 18.1545 14.5879" fill="#EB0203"></path>
                    </svg>
                    </button>
                    </div>
                    <div class="col-sm-10 col-12">
                    <div class="ct-tile-quantity d-none" data-pid="4513221">
                    <input type="hidden" class="add-to-cart-url" value="https://www.continente.pt/on/demandware.store/Sites-continente-Site/default/Cart-AddProduct">
                    <div class="d-none tile-delete-confirmation-btn" data-pid="4513221" data-delay-time="3000" data-in-cart-msg="no carrinho" data-one-product-added="Adicionado ao carrinho" data-remove-from-cart-msg="Removido do carrinho" data-stay-open="6000.0" data-confirmation-image="{&quot;url&quot;:&quot;https://www.continente.pt/dw/image/v2/BDVS_PRD/on/demandware.static/-/Sites-col-master-catalog/default/dwf914c8e9/images/col/451/4513221-frente.jpg?sw=87&amp;sh=80&quot;,&quot;fallbackimage&quot;:{&quot;url&quot;:&quot;https://www.continente.pt/dw/image/v2/BDVS_PRD/on/demandware.static/Sites-continente-Site/-/default/dw7c42b4da/images/noimagelarge_product.png?sw=87&amp;sh=80&quot;,&quot;title&quot;:&quot;Salada Camponesa&quot;,&quot;alt&quot;:&quot;Salada Camponesa&quot;},&quot;title&quot;:&quot;Salada Camponesa&quot;,&quot;alt&quot;:&quot;Salada Camponesa&quot;}"></div>
                    <div class="ct-tile-quantity-update quantity-update product-qty-vue" data-remove-action="https://www.continente.pt/on/demandware.store/Sites-continente-Site/default/Cart-RemoveProductLineItem" data-action="https://www.continente.pt/on/demandware.store/Sites-continente-Site/default/Cart-UpdateQuantity" data-dimension-update="https://www.continente.pt/on/demandware.store/Sites-continente-Site/default/Cart-DimensionUpdate" data-pid="4513221" data-uuid="8ae05bcf9ae7f30b1a304ad7c9" data-add-delay="500.0" data-measure-options="{&quot;hasConversionRate&quot;:false,&quot;hasAlternativeSaleUnit&quot;:false,&quot;unitConversionRate&quot;:0,&quot;minOrderQuantity&quot;:1,&quot;stepQuantity&quot;:1,&quot;primaryunit&quot;:&quot;un&quot;,&quot;secondaryunit&quot;:&quot;kg&quot;,&quot;selectedunit&quot;:&quot;primary&quot;,&quot;maxNumberOfUnitsPerSale&quot;:50}" data-price-available="null" :data-has-error="isMaxQtyReached || isMinQtyReached || qtySelectedMoreThanOne">
                    <template v-show="prodUnits">
                    <div class="quantity-input-wrapper has-units">
                    <label class="visually-hidden" :for="'quantity-' + pid + additionalTag">
                    Quantidade no carrinho
                    </label>
                    <input :ref="'quantityInput-' + pid + additionalTag" class="add-to-cart-quantity form-control ct-form-input text-center" inputmode="numeric" :class="{'is-invalid': isInvalid}" :data-pid="pid + additionalTag" :name="'quantity-' + pid + additionalTag" type="text" aria-label="Insira a quantidade" title="" v-model="displayValue" @change="updateQuantity" @focus="updateQtyFormat" @blur="restoreQtyFormat" :disabled="!isPriceAvailable">
                    <span class="quantity-icon quantity-icon--minus">
                    <button class="decrease-quantity-btn" @click="updateQuantity" :disabled="!isPriceAvailable" role="button" aria-label="Reduzir quantidade">
                    <i class="css-math-minus"></i>
                    </button>
                    </span>
                    <span class="quantity-icon quantity-icon--plus">
                    <button class="increase-quantity-btn" @click="updateQuantity" :disabled="isMaxQtyReached || !isPriceAvailable" role="button" aria-label="Aumentar quantidade">
                    <i class="css-math-plus"></i>
                    </button>
                    <span class="quantity-btn-disabled-placeholder"></span>
                    </span>
                    <template v-if="isPDP">
                    <span class="quantity-error ct-span-error text-sm-center product-max-allocation" v-if="isMaxQtyReached">
                    Quantidade máxima atingida
                    </span>
                    <span class="quantity-error ct-span-product text-sm-center product-allocation" v-if="!isMinQtyReached &amp;&amp; !isMaxQtyReached">
                    {{quantitySelected}} no carrinho
                    </span>
                    <span class="quantity-error ct-span-error text-sm-center product-min-allocation" :data-pid="pid" v-if="isMinQtyReached &amp;&amp; !isMaxQtyReached">
                    Quantidade mínima atingida
                    </span>
                    </template>
                    </div>
                    <template v-if="showNotes">
                    <div class="add-note-link-container ">
                    <div class="add-note">
                    <a href="/produto/salada-camponesa-continente-selecao-4513221.html?showNote=true" class="ct-add-note-redirect-pdp" aria-label="Adicionar comentário">
                    <span class="svg-wrapper svg-icon-notes" style="width:19px; height:20px">
                    <svg class="svg-inline icon-notes" viewBox="0 0 28 30" xmlns="http://www.w3.org/2000/svg" width="100%" height="100%"><path d="M21.738 0C22.985 0 24 1.04 24 2.319V12.47c0 .469-.37.848-.828.848-.457 0-.827-.38-.827-.848V2.32c0-.343-.273-.622-.607-.622H2.262c-.334 0-.607.279-.607.622V27.68c0 .343.273.622.607.622h7.81c.457 0 .827.38.827.849 0 .468-.37.848-.827.848h-7.81C1.015 30 0 28.96 0 27.681V2.32C0 1.04 1.015 0 2.262 0h19.476zm2.844 16.004l.227.007c.823.053 1.589.39 2.176.964.64.627.993 1.46.993 2.349 0 .888-.353 1.722-.993 2.348l-6.83 6.665c-.11.108-.247.186-.397.226l-5.032 1.363c-.078.021-.16.032-.241.032-.242 0-.478-.097-.647-.266-.23-.231-.314-.566-.218-.874l1.49-4.798c.044-.139.122-.266.227-.369l6.844-6.677c.64-.625 1.493-.97 2.401-.97zm-2.886 3.94l-4.922 4.802-.947 3.048 3.22-.872 4.897-4.78-2.248-2.197zm2.887-2.174c-.425 0-.824.162-1.124.455l-.484.472 2.248 2.197.484-.472c.62-.606.62-1.591 0-2.197l-.117-.104c-.283-.227-.636-.35-1.007-.35zm-10.839.022c.498 0 .904.396.904.883 0 .488-.406.884-.904.884H5.946c-.499 0-.904-.396-.904-.884 0-.487.405-.883.904-.883zm5.042-4.876c.498 0 .904.397.904.884s-.406.884-.904.884H5.946c-.499 0-.904-.397-.904-.884s.405-.884.904-.884zm0-4.875c.498 0 .904.396.904.884 0 .487-.406.883-.904.883H5.946c-.499 0-.904-.396-.904-.883 0-.488.405-.884.904-.884z" fill="#EB0203" fill-rule="evenodd"></path></svg>
                    </span>
                    <div class="available-note d-none"></div>
                    </a>
                    </div>
                    </div>
                    </template>
                    <div class="measurement-unit-section" v-if="isPriceAvailable &amp;&amp; prodUnits ? prodUnits.hasAlternativeUnit : false">
                    <div class="ct-form-radio" @click="setDimension">
                    <input type="radio" title="" class="ct-form-check-input product-measurement-unit" :data-type="prodUnits.selectedUnit == prodUnits.secondaryUnit ? 'primary' : ''" :id="prodUnits.secondaryUnit + '-' + pid + '-measurement-unit-ptile' + additionalTag" :name="'measurement-unit-' + pid + '-ptile' + additionalTag" :value="prodUnits.secondaryUnit" v-model="prodUnits.selectedUnit">
                    <label :class="prodUnits.secondaryUnit + '-label ct-form-check-label mb-0'" :for="prodUnits.secondaryUnit + '-' + pid + '-measurement-unit-ptile' + additionalTag">
                    {{prodUnits.secondaryUnit}}
                    </label>
                    <span class="checkmark"></span>
                    </div>
                    <div class="ct-form-radio" @click="setDimension">
                    <input type="radio" title="" class="ct-form-check-input product-measurement-unit" :data-type="prodUnits.selectedUnit == prodUnits.primaryUnit ? 'primary' : ''" :id="prodUnits.primaryUnit + '-' + pid + '-measurement-unit-ptile' + additionalTag" :name="'measurement-unit-' + pid + '-ptile' + additionalTag" :value="prodUnits.primaryUnit" v-model="prodUnits.selectedUnit">
                    <label :class="prodUnits.primaryUnit + '-label ct-form-check-label mb-0'" :for="prodUnits.primaryUnit + '-' + pid + '-measurement-unit-ptile' + additionalTag">
                    {{prodUnits.primaryUnit}}
                    </label>
                    <span class="checkmark"></span>
                    </div>
                    </div>
                    <template v-if="!isPDP &amp;&amp; isPriceAvailable">
                    <span class="quantity-error ct-span-error product-max-allocation" v-if="isMaxQtyReached">
                    Quantidade máxima atingida
                    </span>
                    <span class="quantity-error ct-span-product product-allocation" v-if="!isMinQtyReached &amp;&amp; !isMaxQtyReached">
                    {{quantitySelected}} no carrinho
                    </span>
                    <span class="quantity-error ct-span-error product-min-allocation" :data-pid="pid" v-if="isMinQtyReached &amp;&amp; !isMaxQtyReached">
                    Quantidade mínima atingida
                    </span>
                    </template>
                    </template>
                    </div>
                    <input class="quantity-value-mask d-none" name="quantity" type="number" min="0" value="">
                    </div>
                    <button type="button" class="add-to-cart button js-add-to-cart js-add-to-cart-tile 4513221 button--primary dynamic-layout-btn" data-toggle="modal" data-target="#chooseBonusProductModal" data-pid="4513221" data-quantity-value="null" aria-label="Carrinho">
                    <span class="d-block d-sm-none">
                    <span class="svg-wrapper svg-icon-cart" style="width:20px; height:20px">
                    <svg class="svg-inline icon-cart" xmlns="http://www.w3.org/2000/svg" viewBox="0 0 500 500" width="100%" height="100%"><path fill="#EB0203" fill-rule="evenodd" d="M 485.67317,94.386311 C 476.37798,83.847129 463.09468,78.03348 448.30404,78.03348 H 90.690813 L 87.079511,51.327997 C 83.185582,22.539551 62.962285,0 41.011841,0 H 14.727836 C 6.563151,0 0,6.5286975 0,14.580758 c 0,8.05206 6.5945535,14.580758 14.727836,14.580758 h 26.284005 c 4.710398,0 14.696435,9.855222 16.894619,26.021523 L 100.01739,368.0631 c 1.88416,13.77244 9.01256,26.70549 20.1605,36.37417 8.25889,7.15046 18.02511,11.9071 28.26237,13.89679 -4.17655,7.58572 -6.53175,16.25957 -6.53175,25.493 0,29.53459 24.27424,53.59751 54.13815,53.59751 29.8325,0 54.13814,-24.03184 54.13814,-53.59751 0,-8.79818 -2.19818,-17.09897 -5.9979,-24.43598 h 77.12488 c -3.79973,7.33701 -5.96652,15.6378 -5.96652,24.43598 0,29.53459 24.27424,53.59751 54.13817,53.59751 29.83249,0 54.13814,-24.03184 54.13814,-53.59751 0,-8.79818 -2.1982,-17.09897 -5.9979,-24.43598 h 38.56243 c 8.13328,0 14.72783,-6.5287 14.72783,-14.61183 0,-8.02098 -6.59455,-14.54967 -14.72783,-14.54967 H 159.24277 c -14.38241,0 -28.13677,-11.90711 -30.02092,-26.02153 l -3.07746,-22.88154 h 290.6314 c 14.03698,0 27.94834,-5.28513 39.06488,-14.95381 11.11652,-9.6376 18.27632,-22.57065 20.16048,-36.37417 l 21.10259,-156.78201 c 1.94694,-14.51858 -2.10398,-28.29103 -11.43057,-38.861299 z M 220.76053,443.82706 c 0,13.49265 -11.08513,24.46709 -24.68247,24.46709 -13.62874,0 -24.71387,-10.97444 -24.71387,-24.46709 0,-13.49262 11.08513,-24.43598 24.71387,-24.43598 13.59734,0 24.68247,10.94336 24.68247,24.43598 z m 173.43675,0 c 0,13.49265 -11.08512,24.46709 -24.68245,24.46709 -13.62876,0 -24.71388,-10.97444 -24.71388,-24.46709 0,-13.49262 11.08512,-24.43598 24.71388,-24.43598 13.59733,0 24.68245,10.94336 24.68245,24.43598 z m 73.7648,-314.46558 -21.13397,156.782 c -1.88416,14.11442 -15.63851,26.05261 -30.02091,26.05261 H 122.25046 L 94.616142,107.19499 H 448.33544 c 6.18632,0 11.61896,2.2695 15.23028,6.37326 3.64269,4.13484 5.21283,9.73086 4.39636,15.79323 z"></path></svg>
                    </span>
                    </span>
                    <span class="add-to-cart--text d-none d-sm-block">Carrinho</span>
                    </button>
                    </div>
                    </div>
                    </div>
                    </div>
                    
                    <div class="col-12 d-sm-none">
                    </div>
                    </div>
                    </div>
                    </div>
                    </div>
                    <div class="col-12 col-sm-3 col-lg-2 productTile" data-idx="30">
                    
                    <script type="text/javascript">//<!--
                    /* <![CDATA[ */
                    (function(){
                    try {
                        if(window.CQuotient) {
                        var cq_params = {};
                        
                        cq_params.cookieId = window.CQuotient.getCQCookieId();
                        cq_params.userId = window.CQuotient.getCQUserId();
                        cq_params.emailId = CQuotient.getCQHashedEmail();
                        cq_params.loginId = CQuotient.getCQHashedLogin();
                        cq_params.accumulate = true;
                        cq_params.products = [{
                            id: '3002460',
                            sku: ''
                        }];
                        cq_params.categoryId = 'refeicoes-faceis';
                        cq_params.refinements = '[{\"name\":\"priceMin\",\"value\":\"0.01\"},{\"name\":\"priceMax\",\"value\":\"null\"},{\"name\":\"curr\",\"value\":\"EUR\"},{\"name\":\"Category\",\"value\":\"refeicoes-faceis\"}]';
                        cq_params.personalized = 'false';
                        cq_params.sortingRule = 'FRESH-Refei\u00E7\u00F5es F\u00E1ceis';
                        cq_params.imageUUID = '__UNDEFINED__';
                        cq_params.realm = "BDVS";
                        cq_params.siteId = "continente";
                        cq_params.instanceType = "prd";
                        cq_params.queryLocale = "default";
                        cq_params.locale = window.CQuotient.locale;
                        
                        if(window.CQuotient.sendActivity)
                            window.CQuotient.sendActivity(CQuotient.clientId, 'viewCategory', cq_params);
                        else
                            window.CQuotient.activities.push({
                                activityType: 'viewCategory',
                                parameters: cq_params
                            });
                      }
                    } catch(err) {}
                    })();
                    /* ]]> */
                    // -->
                    </script>
                    <script type="text/javascript">//<!--
                    /* <![CDATA[ (viewCategoryProduct-active_data.js) */
                    (function(){
                    try {
                        if (dw.ac) {
                            var search_params = {};
                            search_params.persd = 'false';
                            search_params.refs = '[{\"name\":\"priceMin\",\"value\":\"0.01\"},{\"name\":\"priceMax\",\"value\":\"null\"},{\"name\":\"curr\",\"value\":\"EUR\"},{\"name\":\"Category\",\"value\":\"refeicoes-faceis\"}]';
                            search_params.sort = 'FRESH-Refei\u00E7\u00F5es F\u00E1ceis';
                            search_params.imageUUID = '';
                            search_params.searchID = 'adc2ebee-ded6-4d71-a833-c4f63de27d3e';
                            search_params.locale = 'default';
                            search_params.queryLocale = 'default';
                            search_params.showProducts = 'true';
                            dw.ac.applyContext({category: "refeicoes-faceis", searchData: search_params});
                            if (typeof dw.ac._scheduleDataSubmission === "function") {
                                dw.ac._scheduleDataSubmission();
                            }
                        }
                    } catch(err) {}
                    })();
                    /* ]]> */
                    // -->
                    </script>
                    <script type="text/javascript">//<!--
                    /* <![CDATA[ (viewProduct-active_data.js) */
                    dw.ac._capture({id: "3002460", type: "searchhit"});
                    /* ]]> */
                    // -->
                    </script>
                    <div class="product" data-pid="3002460">
                    
                    <div class="product-tile pid-3002460 ct-product-tile data-layer-pushed" data-delay-time="3000" data-variants-mapping="[]" data-in-cart-msg="no carrinho" data-one-product-added="Adicionado ao carrinho" data-remove-from-cart-msg="Removido do carrinho" data-stay-open="6000.0" data-product-tile-impression="{&quot;name&quot;:&quot;3002460&quot;,&quot;id&quot;:&quot;3002460&quot;,&quot;price&quot;:4.99,&quot;brand&quot;:&quot;Ristorante&quot;,&quot;category&quot;:[{&quot;category_level_1&quot;:&quot;Congelados&quot;},{&quot;category_level_2&quot;:&quot;Pizzas&quot;}],&quot;variant&quot;:&quot;&quot;}">
                    <div class="ct-inner-tile-wrap row no-gutters justify-content-center align-content-start">
                    
                    <div class="ct-image-container col-4 col-sm" data-confirmation-image="{&quot;url&quot;:&quot;https://www.continente.pt/dw/image/v2/BDVS_PRD/on/demandware.static/-/Sites-col-master-catalog/default/dw4cec091e/images/col/300/3002460-direito.jpg?sw=87&amp;sh=80&quot;,&quot;fallbackimage&quot;:{&quot;url&quot;:&quot;https://www.continente.pt/dw/image/v2/BDVS_PRD/on/demandware.static/Sites-continente-Site/-/default/dw7c42b4da/images/noimagelarge_product.png?sw=87&amp;sh=80&quot;,&quot;title&quot;:&quot;Pizza Ristorante de Espinafres&quot;,&quot;alt&quot;:&quot;Pizza Ristorante de Espinafres&quot;},&quot;title&quot;:&quot;Pizza Ristorante de Espinafres&quot;,&quot;alt&quot;:&quot;Pizza Ristorante de Espinafres&quot;}">
                    <a href="https://www.continente.pt/produto/pizza-ristorante-de-espinafres-ristorante-3002460.html?cgid=refeicoes-faceis">
                    <picture class="intrinsic intrinsic--square">
                    <img class="ct-tile-image lazyloaded" loading="lazy" onerror="this.onerror=null;this.src='/on/demandware.static/Sites-continente-Site/-/default/dw7c42b4da/images/noimagelarge_product.png';" data-src="https://www.continente.pt/dw/image/v2/BDVS_PRD/on/demandware.static/-/Sites-col-master-catalog/default/dw4cec091e/images/col/300/3002460-direito.jpg?sw=280&amp;sh=280" alt="Pizza Ristorante de Espinafres" title="Pizza Ristorante de Espinafres" src="https://www.continente.pt/dw/image/v2/BDVS_PRD/on/demandware.static/-/Sites-col-master-catalog/default/dw4cec091e/images/col/300/3002460-direito.jpg?sw=280&amp;sh=280">
                    </picture>
                    </a>
                    <div class=" ct-product-tile-badge ct-product-tile-badge--general">
                    <img class="img-fluid ct-tooltip-trigger lazyloaded" loading="lazy" data-src="https://www.continente.pt/dw/image/v2/BDVS_PRD/on/demandware.static/-/Sites-continente-Library/default/dwf71400b7/images/badges/general/col/congelado.png?sw=25&amp;sh=25" alt="Crachá do produto" title="" data-toggle="tooltip" data-placement="right" data-original-title="Congelado" src="https://www.continente.pt/dw/image/v2/BDVS_PRD/on/demandware.static/-/Sites-continente-Library/default/dwf71400b7/images/badges/general/col/congelado.png?sw=25&amp;sh=25">
                    </div>
                    <div class="color-swatches d-flex" style="margin-left: 5px;">
                    <div class="swatches d-flex">
                    </div>
                    </div>
                    </div>
                    <div class="ct-tile-body col col-sm-auto ">
                    <div class="ct-pdp-details">
                    <div class="ct-pdp-link">
                    <a class="ct-tile--description" href="https://www.continente.pt/produto/pizza-ristorante-de-espinafres-ristorante-3002460.html?cgid=refeicoes-faceis">Pizza Ristorante de Espinafres</a>
                    <div class="ct-tile--favorite-top d-sm-none">
                    <button class="wishlist-toggler guest-mode inactive button button--tertiary" data-pid="3002460" data-add-url="https://www.continente.pt/on/demandware.store/Sites-continente-Site/default/Wishlist-AddProduct?pid=3002460" data-toggle="tooltip" aria-label="Adicionar aos favoritos " data-original-title="Adicionar aos favoritos" data-placement="top">
                    <svg class="active-content" width="100%" height="100%" viewBox="0 0 20 22" fill="none" xmlns="http://www.w3.org/2000/svg">
                    <path fill-rule="evenodd" clip-rule="evenodd" d="M0 1.53052C0 0.685236 0.692171 0 1.54601 0H15.0736C15.9274 0 16.6196 0.685235 16.6196 1.53052V13.4064L15.8127 13.922L14.2658 14.2658L12.7189 13.4064L10.6054 14.3818C10.4994 14.2451 10.3327 14.157 10.1452 14.157H6.76329C6.4431 14.157 6.18354 14.414 6.18354 14.731C6.18354 15.0479 6.4431 15.3049 6.76329 15.3049H10.1452C10.2478 15.3049 10.3441 15.2785 10.4277 15.2322L10.3126 16.8439L13.2345 20.2793H1.54601C0.69217 20.2793 0 19.5941 0 18.7488V1.53052ZM6.18354 5.5483C6.18354 5.23132 6.4431 4.97436 6.76329 4.97436H12.3676C12.6878 4.97436 12.9473 5.23132 12.9473 5.5483C12.9473 5.86528 12.6878 6.12224 12.3676 6.12224H6.76329C6.4431 6.12224 6.18354 5.86528 6.18354 5.5483ZM6.76329 11.0961C6.4431 11.0961 6.18354 11.3531 6.18354 11.6701C6.18354 11.987 6.4431 12.244 6.76329 12.244H12.3676C12.6878 12.244 12.9473 11.987 12.9473 11.6701C12.9473 11.3531 12.6878 11.0961 12.3676 11.0961H6.76329ZM6.18354 8.60985C6.18354 8.29287 6.4431 8.03591 6.76329 8.03591H12.3676C12.6878 8.03591 12.9473 8.29287 12.9473 8.60985C12.9473 8.92684 12.6878 9.1838 12.3676 9.1838H6.76329C6.4431 9.1838 6.18354 8.92684 6.18354 8.60985ZM3.67118 5.5483C3.67118 5.23132 3.93075 4.97436 4.25093 4.97436H4.63743C4.95762 4.97436 5.21719 5.23132 5.21719 5.5483C5.21719 5.86528 4.95762 6.12224 4.63743 6.12224H4.25093C3.93075 6.12224 3.67118 5.86528 3.67118 5.5483ZM4.25093 11.0961C3.93075 11.0961 3.67118 11.3531 3.67118 11.6701C3.67118 11.987 3.93075 12.244 4.25093 12.244H4.63743C4.95762 12.244 5.21719 11.987 5.21719 11.6701C5.21719 11.3531 4.95762 11.0961 4.63743 11.0961H4.25093ZM3.67118 8.60985C3.67118 8.29287 3.93075 8.03591 4.25093 8.03591H4.63743C4.95762 8.03591 5.21719 8.29287 5.21719 8.60985C5.21719 8.92684 4.95762 9.1838 4.63743 9.1838H4.25093C3.93075 9.1838 3.67118 8.92684 3.67118 8.60985ZM4.25093 14.157C3.93075 14.157 3.67118 14.414 3.67118 14.731C3.67118 15.0479 3.93075 15.3049 4.25093 15.3049H4.63743C4.95762 15.3049 5.21719 15.0479 5.21719 14.731C5.21719 14.414 4.95762 14.157 4.63743 14.157H4.25093Z" fill="#EB0203"></path>
                    <path fill-rule="evenodd" clip-rule="evenodd" d="M14.6252 13.6363C13.4918 12.6215 11.7817 12.5264 10.6569 13.4792C9.12421 14.7764 9.34841 16.8912 10.4409 18.0122L14.0159 21.6742C14.2197 21.8832 14.4928 22 14.7822 22C15.0737 22 15.3448 21.8852 15.5486 21.6762L19.1236 18.0142C20.214 16.8933 20.4423 14.7785 18.9075 13.4792C17.7827 12.5283 16.0724 12.6217 14.9391 13.6365C14.8855 13.6845 14.8331 13.7345 14.7822 13.7866C14.7313 13.7345 14.6789 13.6843 14.6252 13.6363ZM18.1546 14.3522C19.0973 15.1508 18.9962 16.4896 18.2891 17.2173C18.2888 17.2175 18.2886 17.2177 18.2884 17.218L14.7832 20.8084L11.2753 17.2151C11.2752 17.215 11.2751 17.2149 11.2749 17.2148C10.5677 16.4887 10.4678 15.1495 11.4104 14.3518L11.4108 14.3514C12.0745 13.7892 13.2018 13.82 13.9488 14.5846L14.7822 15.4378L15.6157 14.5846C16.3617 13.8211 17.4896 13.79 18.1545 14.3521" fill="#EB0203"></path>
                    </svg>
                    <svg class="inactive-content" width="100%" height="100%" viewBox="0 0 20 23" fill="none" xmlns="http://www.w3.org/2000/svg">
                    <path fill-rule="evenodd" clip-rule="evenodd" d="M6.18408 5.77914C6.18408 5.46223 6.44363 5.20532 6.7638 5.20532H12.3678C12.6879 5.20532 12.9475 5.46223 12.9475 5.77914C12.9475 6.09606 12.6879 6.35297 12.3678 6.35297H6.7638C6.44363 6.35297 6.18408 6.09606 6.18408 5.77914Z" fill="#EB0203"></path>
                    <path fill-rule="evenodd" clip-rule="evenodd" d="M6.18408 11.9034C6.18408 11.5865 6.44363 11.3296 6.7638 11.3296H12.3678C12.6879 11.3296 12.9475 11.5865 12.9475 11.9034C12.9475 12.2202 12.6879 12.4771 12.3678 12.4771H6.7638C6.44363 12.4771 6.18408 12.2202 6.18408 11.9034Z" fill="#EB0203"></path>
                    <path fill-rule="evenodd" clip-rule="evenodd" d="M6.18408 8.84116C6.18408 8.52424 6.44363 8.26733 6.7638 8.26733H12.3678C12.6879 8.26733 12.9475 8.52424 12.9475 8.84116C12.9475 9.15807 12.6879 9.41498 12.3678 9.41498H6.7638C6.44363 9.41498 6.18408 9.15807 6.18408 8.84116Z" fill="#EB0203"></path>
                    <path fill-rule="evenodd" clip-rule="evenodd" d="M6.18408 14.9655C6.18408 14.6486 6.44363 14.3917 6.7638 14.3917H10.1455C10.4657 14.3917 10.7252 14.6486 10.7252 14.9655C10.7252 15.2825 10.4657 15.5394 10.1455 15.5394H6.7638C6.44363 15.5394 6.18408 15.2825 6.18408 14.9655Z" fill="#EB0203"></path>
                    <path fill-rule="evenodd" clip-rule="evenodd" d="M3.67139 5.77914C3.67139 5.46223 3.93094 5.20532 4.25111 5.20532H4.63759C4.95776 5.20532 5.21731 5.46223 5.21731 5.77914C5.21731 6.09606 4.95776 6.35297 4.63759 6.35297H4.25111C3.93094 6.35297 3.67139 6.09606 3.67139 5.77914Z" fill="#EB0203"></path>
                    <path fill-rule="evenodd" clip-rule="evenodd" d="M3.67139 11.9034C3.67139 11.5865 3.93094 11.3296 4.25111 11.3296H4.63759C4.95776 11.3296 5.21731 11.5865 5.21731 11.9034C5.21731 12.2202 4.95776 12.4771 4.63759 12.4771H4.25111C3.93094 12.4771 3.67139 12.2202 3.67139 11.9034Z" fill="#EB0203"></path>
                    <path fill-rule="evenodd" clip-rule="evenodd" d="M3.67139 8.84116C3.67139 8.52424 3.93094 8.26733 4.25111 8.26733H4.63759C4.95776 8.26733 5.21731 8.52424 5.21731 8.84116C5.21731 9.15807 4.95776 9.41498 4.63759 9.41498H4.25111C3.93094 9.41498 3.67139 9.15807 3.67139 8.84116Z" fill="#EB0203"></path>
                    <path fill-rule="evenodd" clip-rule="evenodd" d="M3.67139 14.9655C3.67139 14.6486 3.93094 14.3917 4.25111 14.3917H4.63759C4.95776 14.3917 5.21731 14.6486 5.21731 14.9655C5.21731 15.2825 4.95776 15.5394 4.63759 15.5394H4.25111C3.93094 15.5394 3.67139 15.2825 3.67139 14.9655Z" fill="#EB0203"></path>
                    <path fill-rule="evenodd" clip-rule="evenodd" d="M0 1.76033C0 0.914738 0.692131 0.229248 1.54592 0.229248H15.0727C15.9265 0.229248 16.6186 0.914738 16.6186 1.76033V11.2818C16.6186 11.5989 16.3591 11.8559 16.0389 11.8559C15.7187 11.8559 15.4592 11.5989 15.4592 11.2818V1.76033C15.4592 1.54893 15.2862 1.37756 15.0727 1.37756H1.54592C1.33247 1.37756 1.15944 1.54893 1.15944 1.76033V18.985C1.15944 19.1964 1.33247 19.3678 1.54592 19.3678H9.27551C9.59568 19.3678 9.85523 19.6249 9.85523 19.942C9.85523 20.2591 9.59568 20.5161 9.27551 20.5161H1.54592C0.692131 20.5161 0 19.8306 0 18.985V1.76033Z" fill="#EB0203"></path>
                    <path fill-rule="evenodd" clip-rule="evenodd" d="M14.6254 13.8718C13.4921 12.8567 11.7821 12.7615 10.6574 13.7147C9.12472 15.0124 9.34891 17.128 10.4413 18.2493L14.0161 21.9126C14.2199 22.1217 14.493 22.2386 14.7824 22.2386C15.0739 22.2386 15.3449 22.1238 15.5487 21.9147L19.1235 18.2514C20.2139 17.13 20.4422 15.0144 18.9075 13.7147C17.7827 12.7634 16.0726 12.8569 14.9392 13.872C14.8856 13.92 14.8333 13.9701 14.7824 14.0222C14.7314 13.97 14.6791 13.9199 14.6254 13.8718ZM18.1546 14.588C19.0972 15.3869 18.9961 16.7262 18.2891 17.4541C18.2888 17.4543 18.2886 17.4546 18.2884 17.4548L14.7834 21.0466L11.2757 17.452C11.2756 17.4519 11.2755 17.4517 11.2753 17.4516C10.5681 16.7252 10.4682 15.3856 11.4108 14.5876L11.4112 14.5872C12.0748 14.0248 13.202 14.0556 13.949 14.8205L14.7824 15.674L15.6158 14.8205C16.3618 14.0567 17.4896 14.0256 18.1545 14.5879" fill="#EB0203"></path>
                    </svg>
                    </button>
                    </div>
                    </div>
                    <p class="ct-tile--brand">Ristorante</p>
                    <p class="ct-tile--quantity">emb. 407 gr</p>
                    </div>
                    <div class="ct-tile-bottom row no-gutters justify-content-between">
                    <div class="ct-price-wrap col-8 col-sm-12">
                    <div class="price js-product-price">
                    <div class="prices-wrapper">
                    <span class="sales ct-tile--price-primary ">
                    <span class="value" content="4.99">
                    <span class="ct-price-formatted">
                    €4,99
                    </span>
                    <span class="ct-m-unit">
                    /un
                    </span>
                    </span>
                    </span>
                    </div>
                    <div class="ct-tile--price-secondary">
                    <span class="ct-price-value">
                    €12,79
                    </span>
                    <span class="ct-m-unit">
                    /kg
                    </span>
                    </div>
                    </div>
                    </div>
                    <div class="ct-tile-buy-section d-flex justify-content-center no-gutters col-auto col-sm-12">
                    <div class="col-2 d-sm-flex d-none">
                    <button class="wishlist-toggler guest-mode inactive button button--tertiary" data-pid="3002460" data-add-url="https://www.continente.pt/on/demandware.store/Sites-continente-Site/default/Wishlist-AddProduct?pid=3002460" data-toggle="tooltip" aria-label="Adicionar aos favoritos " data-original-title="Adicionar aos favoritos" data-placement="top">
                    <svg class="active-content" width="100%" height="100%" viewBox="0 0 20 22" fill="none" xmlns="http://www.w3.org/2000/svg">
                    <path fill-rule="evenodd" clip-rule="evenodd" d="M0 1.53052C0 0.685236 0.692171 0 1.54601 0H15.0736C15.9274 0 16.6196 0.685235 16.6196 1.53052V13.4064L15.8127 13.922L14.2658 14.2658L12.7189 13.4064L10.6054 14.3818C10.4994 14.2451 10.3327 14.157 10.1452 14.157H6.76329C6.4431 14.157 6.18354 14.414 6.18354 14.731C6.18354 15.0479 6.4431 15.3049 6.76329 15.3049H10.1452C10.2478 15.3049 10.3441 15.2785 10.4277 15.2322L10.3126 16.8439L13.2345 20.2793H1.54601C0.69217 20.2793 0 19.5941 0 18.7488V1.53052ZM6.18354 5.5483C6.18354 5.23132 6.4431 4.97436 6.76329 4.97436H12.3676C12.6878 4.97436 12.9473 5.23132 12.9473 5.5483C12.9473 5.86528 12.6878 6.12224 12.3676 6.12224H6.76329C6.4431 6.12224 6.18354 5.86528 6.18354 5.5483ZM6.76329 11.0961C6.4431 11.0961 6.18354 11.3531 6.18354 11.6701C6.18354 11.987 6.4431 12.244 6.76329 12.244H12.3676C12.6878 12.244 12.9473 11.987 12.9473 11.6701C12.9473 11.3531 12.6878 11.0961 12.3676 11.0961H6.76329ZM6.18354 8.60985C6.18354 8.29287 6.4431 8.03591 6.76329 8.03591H12.3676C12.6878 8.03591 12.9473 8.29287 12.9473 8.60985C12.9473 8.92684 12.6878 9.1838 12.3676 9.1838H6.76329C6.4431 9.1838 6.18354 8.92684 6.18354 8.60985ZM3.67118 5.5483C3.67118 5.23132 3.93075 4.97436 4.25093 4.97436H4.63743C4.95762 4.97436 5.21719 5.23132 5.21719 5.5483C5.21719 5.86528 4.95762 6.12224 4.63743 6.12224H4.25093C3.93075 6.12224 3.67118 5.86528 3.67118 5.5483ZM4.25093 11.0961C3.93075 11.0961 3.67118 11.3531 3.67118 11.6701C3.67118 11.987 3.93075 12.244 4.25093 12.244H4.63743C4.95762 12.244 5.21719 11.987 5.21719 11.6701C5.21719 11.3531 4.95762 11.0961 4.63743 11.0961H4.25093ZM3.67118 8.60985C3.67118 8.29287 3.93075 8.03591 4.25093 8.03591H4.63743C4.95762 8.03591 5.21719 8.29287 5.21719 8.60985C5.21719 8.92684 4.95762 9.1838 4.63743 9.1838H4.25093C3.93075 9.1838 3.67118 8.92684 3.67118 8.60985ZM4.25093 14.157C3.93075 14.157 3.67118 14.414 3.67118 14.731C3.67118 15.0479 3.93075 15.3049 4.25093 15.3049H4.63743C4.95762 15.3049 5.21719 15.0479 5.21719 14.731C5.21719 14.414 4.95762 14.157 4.63743 14.157H4.25093Z" fill="#EB0203"></path>
                    <path fill-rule="evenodd" clip-rule="evenodd" d="M14.6252 13.6363C13.4918 12.6215 11.7817 12.5264 10.6569 13.4792C9.12421 14.7764 9.34841 16.8912 10.4409 18.0122L14.0159 21.6742C14.2197 21.8832 14.4928 22 14.7822 22C15.0737 22 15.3448 21.8852 15.5486 21.6762L19.1236 18.0142C20.214 16.8933 20.4423 14.7785 18.9075 13.4792C17.7827 12.5283 16.0724 12.6217 14.9391 13.6365C14.8855 13.6845 14.8331 13.7345 14.7822 13.7866C14.7313 13.7345 14.6789 13.6843 14.6252 13.6363ZM18.1546 14.3522C19.0973 15.1508 18.9962 16.4896 18.2891 17.2173C18.2888 17.2175 18.2886 17.2177 18.2884 17.218L14.7832 20.8084L11.2753 17.2151C11.2752 17.215 11.2751 17.2149 11.2749 17.2148C10.5677 16.4887 10.4678 15.1495 11.4104 14.3518L11.4108 14.3514C12.0745 13.7892 13.2018 13.82 13.9488 14.5846L14.7822 15.4378L15.6157 14.5846C16.3617 13.8211 17.4896 13.79 18.1545 14.3521" fill="#EB0203"></path>
                    </svg>
                    <svg class="inactive-content" width="100%" height="100%" viewBox="0 0 20 23" fill="none" xmlns="http://www.w3.org/2000/svg">
                    <path fill-rule="evenodd" clip-rule="evenodd" d="M6.18408 5.77914C6.18408 5.46223 6.44363 5.20532 6.7638 5.20532H12.3678C12.6879 5.20532 12.9475 5.46223 12.9475 5.77914C12.9475 6.09606 12.6879 6.35297 12.3678 6.35297H6.7638C6.44363 6.35297 6.18408 6.09606 6.18408 5.77914Z" fill="#EB0203"></path>
                    <path fill-rule="evenodd" clip-rule="evenodd" d="M6.18408 11.9034C6.18408 11.5865 6.44363 11.3296 6.7638 11.3296H12.3678C12.6879 11.3296 12.9475 11.5865 12.9475 11.9034C12.9475 12.2202 12.6879 12.4771 12.3678 12.4771H6.7638C6.44363 12.4771 6.18408 12.2202 6.18408 11.9034Z" fill="#EB0203"></path>
                    <path fill-rule="evenodd" clip-rule="evenodd" d="M6.18408 8.84116C6.18408 8.52424 6.44363 8.26733 6.7638 8.26733H12.3678C12.6879 8.26733 12.9475 8.52424 12.9475 8.84116C12.9475 9.15807 12.6879 9.41498 12.3678 9.41498H6.7638C6.44363 9.41498 6.18408 9.15807 6.18408 8.84116Z" fill="#EB0203"></path>
                    <path fill-rule="evenodd" clip-rule="evenodd" d="M6.18408 14.9655C6.18408 14.6486 6.44363 14.3917 6.7638 14.3917H10.1455C10.4657 14.3917 10.7252 14.6486 10.7252 14.9655C10.7252 15.2825 10.4657 15.5394 10.1455 15.5394H6.7638C6.44363 15.5394 6.18408 15.2825 6.18408 14.9655Z" fill="#EB0203"></path>
                    <path fill-rule="evenodd" clip-rule="evenodd" d="M3.67139 5.77914C3.67139 5.46223 3.93094 5.20532 4.25111 5.20532H4.63759C4.95776 5.20532 5.21731 5.46223 5.21731 5.77914C5.21731 6.09606 4.95776 6.35297 4.63759 6.35297H4.25111C3.93094 6.35297 3.67139 6.09606 3.67139 5.77914Z" fill="#EB0203"></path>
                    <path fill-rule="evenodd" clip-rule="evenodd" d="M3.67139 11.9034C3.67139 11.5865 3.93094 11.3296 4.25111 11.3296H4.63759C4.95776 11.3296 5.21731 11.5865 5.21731 11.9034C5.21731 12.2202 4.95776 12.4771 4.63759 12.4771H4.25111C3.93094 12.4771 3.67139 12.2202 3.67139 11.9034Z" fill="#EB0203"></path>
                    <path fill-rule="evenodd" clip-rule="evenodd" d="M3.67139 8.84116C3.67139 8.52424 3.93094 8.26733 4.25111 8.26733H4.63759C4.95776 8.26733 5.21731 8.52424 5.21731 8.84116C5.21731 9.15807 4.95776 9.41498 4.63759 9.41498H4.25111C3.93094 9.41498 3.67139 9.15807 3.67139 8.84116Z" fill="#EB0203"></path>
                    <path fill-rule="evenodd" clip-rule="evenodd" d="M3.67139 14.9655C3.67139 14.6486 3.93094 14.3917 4.25111 14.3917H4.63759C4.95776 14.3917 5.21731 14.6486 5.21731 14.9655C5.21731 15.2825 4.95776 15.5394 4.63759 15.5394H4.25111C3.93094 15.5394 3.67139 15.2825 3.67139 14.9655Z" fill="#EB0203"></path>
                    <path fill-rule="evenodd" clip-rule="evenodd" d="M0 1.76033C0 0.914738 0.692131 0.229248 1.54592 0.229248H15.0727C15.9265 0.229248 16.6186 0.914738 16.6186 1.76033V11.2818C16.6186 11.5989 16.3591 11.8559 16.0389 11.8559C15.7187 11.8559 15.4592 11.5989 15.4592 11.2818V1.76033C15.4592 1.54893 15.2862 1.37756 15.0727 1.37756H1.54592C1.33247 1.37756 1.15944 1.54893 1.15944 1.76033V18.985C1.15944 19.1964 1.33247 19.3678 1.54592 19.3678H9.27551C9.59568 19.3678 9.85523 19.6249 9.85523 19.942C9.85523 20.2591 9.59568 20.5161 9.27551 20.5161H1.54592C0.692131 20.5161 0 19.8306 0 18.985V1.76033Z" fill="#EB0203"></path>
                    <path fill-rule="evenodd" clip-rule="evenodd" d="M14.6254 13.8718C13.4921 12.8567 11.7821 12.7615 10.6574 13.7147C9.12472 15.0124 9.34891 17.128 10.4413 18.2493L14.0161 21.9126C14.2199 22.1217 14.493 22.2386 14.7824 22.2386C15.0739 22.2386 15.3449 22.1238 15.5487 21.9147L19.1235 18.2514C20.2139 17.13 20.4422 15.0144 18.9075 13.7147C17.7827 12.7634 16.0726 12.8569 14.9392 13.872C14.8856 13.92 14.8333 13.9701 14.7824 14.0222C14.7314 13.97 14.6791 13.9199 14.6254 13.8718ZM18.1546 14.588C19.0972 15.3869 18.9961 16.7262 18.2891 17.4541C18.2888 17.4543 18.2886 17.4546 18.2884 17.4548L14.7834 21.0466L11.2757 17.452C11.2756 17.4519 11.2755 17.4517 11.2753 17.4516C10.5681 16.7252 10.4682 15.3856 11.4108 14.5876L11.4112 14.5872C12.0748 14.0248 13.202 14.0556 13.949 14.8205L14.7824 15.674L15.6158 14.8205C16.3618 14.0567 17.4896 14.0256 18.1545 14.5879" fill="#EB0203"></path>
                    </svg>
                    </button>
                    </div>
                    <div class="col-sm-10 col-12">
                    <div class="ct-tile-quantity d-none" data-pid="3002460">
                    <input type="hidden" class="add-to-cart-url" value="https://www.continente.pt/on/demandware.store/Sites-continente-Site/default/Cart-AddProduct">
                    <div class="d-none tile-delete-confirmation-btn" data-pid="3002460" data-delay-time="3000" data-in-cart-msg="no carrinho" data-one-product-added="Adicionado ao carrinho" data-remove-from-cart-msg="Removido do carrinho" data-stay-open="6000.0" data-confirmation-image="{&quot;url&quot;:&quot;https://www.continente.pt/dw/image/v2/BDVS_PRD/on/demandware.static/-/Sites-col-master-catalog/default/dw4cec091e/images/col/300/3002460-direito.jpg?sw=87&amp;sh=80&quot;,&quot;fallbackimage&quot;:{&quot;url&quot;:&quot;https://www.continente.pt/dw/image/v2/BDVS_PRD/on/demandware.static/Sites-continente-Site/-/default/dw7c42b4da/images/noimagelarge_product.png?sw=87&amp;sh=80&quot;,&quot;title&quot;:&quot;Pizza Ristorante de Espinafres&quot;,&quot;alt&quot;:&quot;Pizza Ristorante de Espinafres&quot;},&quot;title&quot;:&quot;Pizza Ristorante de Espinafres&quot;,&quot;alt&quot;:&quot;Pizza Ristorante de Espinafres&quot;}"></div>
                    <div class="ct-tile-quantity-update quantity-update product-qty-vue" data-remove-action="https://www.continente.pt/on/demandware.store/Sites-continente-Site/default/Cart-RemoveProductLineItem" data-action="https://www.continente.pt/on/demandware.store/Sites-continente-Site/default/Cart-UpdateQuantity" data-dimension-update="https://www.continente.pt/on/demandware.store/Sites-continente-Site/default/Cart-DimensionUpdate" data-pid="3002460" data-uuid="b3294e83bf15c2693d146bfddc" data-add-delay="500.0" data-measure-options="{&quot;hasConversionRate&quot;:false,&quot;hasAlternativeSaleUnit&quot;:false,&quot;unitConversionRate&quot;:0,&quot;minOrderQuantity&quot;:1,&quot;stepQuantity&quot;:1,&quot;primaryunit&quot;:&quot;un&quot;,&quot;secondaryunit&quot;:&quot;kg&quot;,&quot;selectedunit&quot;:&quot;primary&quot;,&quot;maxNumberOfUnitsPerSale&quot;:50}" data-price-available="null" :data-has-error="isMaxQtyReached || isMinQtyReached || qtySelectedMoreThanOne">
                    <template v-show="prodUnits">
                    <div class="quantity-input-wrapper has-units">
                    <label class="visually-hidden" :for="'quantity-' + pid + additionalTag">
                    Quantidade no carrinho
                    </label>
                    <input :ref="'quantityInput-' + pid + additionalTag" class="add-to-cart-quantity form-control ct-form-input text-center" inputmode="numeric" :class="{'is-invalid': isInvalid}" :data-pid="pid + additionalTag" :name="'quantity-' + pid + additionalTag" type="text" aria-label="Insira a quantidade" title="" v-model="displayValue" @change="updateQuantity" @focus="updateQtyFormat" @blur="restoreQtyFormat" :disabled="!isPriceAvailable">
                    <span class="quantity-icon quantity-icon--minus">
                    <button class="decrease-quantity-btn" @click="updateQuantity" :disabled="!isPriceAvailable" role="button" aria-label="Reduzir quantidade">
                    <i class="css-math-minus"></i>
                    </button>
                     </span>
                    <span class="quantity-icon quantity-icon--plus">
                    <button class="increase-quantity-btn" @click="updateQuantity" :disabled="isMaxQtyReached || !isPriceAvailable" role="button" aria-label="Aumentar quantidade">
                    <i class="css-math-plus"></i>
                    </button>
                    <span class="quantity-btn-disabled-placeholder"></span>
                    </span>
                    <template v-if="isPDP">
                    <span class="quantity-error ct-span-error text-sm-center product-max-allocation" v-if="isMaxQtyReached">
                    Quantidade máxima atingida
                    </span>
                    <span class="quantity-error ct-span-product text-sm-center product-allocation" v-if="!isMinQtyReached &amp;&amp; !isMaxQtyReached">
                    {{quantitySelected}} no carrinho
                    </span>
                    <span class="quantity-error ct-span-error text-sm-center product-min-allocation" :data-pid="pid" v-if="isMinQtyReached &amp;&amp; !isMaxQtyReached">
                    Quantidade mínima atingida
                    </span>
                    </template>
                    </div>
                    <template v-if="showNotes">
                    <div class="add-note-link-container ">
                    <div class="add-note">
                    <a href="/produto/pizza-ristorante-de-espinafres-ristorante-3002460.html?showNote=true" class="ct-add-note-redirect-pdp" aria-label="Adicionar comentário">
                    <span class="svg-wrapper svg-icon-notes" style="width:19px; height:20px">
                    <svg class="svg-inline icon-notes" viewBox="0 0 28 30" xmlns="http://www.w3.org/2000/svg" width="100%" height="100%"><path d="M21.738 0C22.985 0 24 1.04 24 2.319V12.47c0 .469-.37.848-.828.848-.457 0-.827-.38-.827-.848V2.32c0-.343-.273-.622-.607-.622H2.262c-.334 0-.607.279-.607.622V27.68c0 .343.273.622.607.622h7.81c.457 0 .827.38.827.849 0 .468-.37.848-.827.848h-7.81C1.015 30 0 28.96 0 27.681V2.32C0 1.04 1.015 0 2.262 0h19.476zm2.844 16.004l.227.007c.823.053 1.589.39 2.176.964.64.627.993 1.46.993 2.349 0 .888-.353 1.722-.993 2.348l-6.83 6.665c-.11.108-.247.186-.397.226l-5.032 1.363c-.078.021-.16.032-.241.032-.242 0-.478-.097-.647-.266-.23-.231-.314-.566-.218-.874l1.49-4.798c.044-.139.122-.266.227-.369l6.844-6.677c.64-.625 1.493-.97 2.401-.97zm-2.886 3.94l-4.922 4.802-.947 3.048 3.22-.872 4.897-4.78-2.248-2.197zm2.887-2.174c-.425 0-.824.162-1.124.455l-.484.472 2.248 2.197.484-.472c.62-.606.62-1.591 0-2.197l-.117-.104c-.283-.227-.636-.35-1.007-.35zm-10.839.022c.498 0 .904.396.904.883 0 .488-.406.884-.904.884H5.946c-.499 0-.904-.396-.904-.884 0-.487.405-.883.904-.883zm5.042-4.876c.498 0 .904.397.904.884s-.406.884-.904.884H5.946c-.499 0-.904-.397-.904-.884s.405-.884.904-.884zm0-4.875c.498 0 .904.396.904.884 0 .487-.406.883-.904.883H5.946c-.499 0-.904-.396-.904-.883 0-.488.405-.884.904-.884z" fill="#EB0203" fill-rule="evenodd"></path></svg>
                    </span>
                    <div class="available-note d-none"></div>
                    </a>
                    </div>
                    </div>
                    </template>
                    <div class="measurement-unit-section" v-if="isPriceAvailable &amp;&amp; prodUnits ? prodUnits.hasAlternativeUnit : false">
                    <div class="ct-form-radio" @click="setDimension">
                    <input type="radio" title="" class="ct-form-check-input product-measurement-unit" :data-type="prodUnits.selectedUnit == prodUnits.secondaryUnit ? 'primary' : ''" :id="prodUnits.secondaryUnit + '-' + pid + '-measurement-unit-ptile' + additionalTag" :name="'measurement-unit-' + pid + '-ptile' + additionalTag" :value="prodUnits.secondaryUnit" v-model="prodUnits.selectedUnit">
                    <label :class="prodUnits.secondaryUnit + '-label ct-form-check-label mb-0'" :for="prodUnits.secondaryUnit + '-' + pid + '-measurement-unit-ptile' + additionalTag">
                    {{prodUnits.secondaryUnit}}
                    </label>
                    <span class="checkmark"></span>
                    </div>
                    <div class="ct-form-radio" @click="setDimension">
                    <input type="radio" title="" class="ct-form-check-input product-measurement-unit" :data-type="prodUnits.selectedUnit == prodUnits.primaryUnit ? 'primary' : ''" :id="prodUnits.primaryUnit + '-' + pid + '-measurement-unit-ptile' + additionalTag" :name="'measurement-unit-' + pid + '-ptile' + additionalTag" :value="prodUnits.primaryUnit" v-model="prodUnits.selectedUnit">
                    <label :class="prodUnits.primaryUnit + '-label ct-form-check-label mb-0'" :for="prodUnits.primaryUnit + '-' + pid + '-measurement-unit-ptile' + additionalTag">
                    {{prodUnits.primaryUnit}}
                    </label>
                    <span class="checkmark"></span>
                    </div>
                    </div>
                    <template v-if="!isPDP &amp;&amp; isPriceAvailable">
                    <span class="quantity-error ct-span-error product-max-allocation" v-if="isMaxQtyReached">
                    Quantidade máxima atingida
                    </span>
                    <span class="quantity-error ct-span-product product-allocation" v-if="!isMinQtyReached &amp;&amp; !isMaxQtyReached">
                    {{quantitySelected}} no carrinho
                    </span>
                    <span class="quantity-error ct-span-error product-min-allocation" :data-pid="pid" v-if="isMinQtyReached &amp;&amp; !isMaxQtyReached">
                    Quantidade mínima atingida
                    </span>
                    </template>
                    </template>
                    </div>
                    <input class="quantity-value-mask d-none" name="quantity" type="number" min="0" value="">
                    </div>
                    <button type="button" class="add-to-cart button js-add-to-cart js-add-to-cart-tile 3002460 button--primary dynamic-layout-btn" data-toggle="modal" data-target="#chooseBonusProductModal" data-pid="3002460" data-quantity-value="null" aria-label="Carrinho">
                    <span class="d-block d-sm-none">
                    <span class="svg-wrapper svg-icon-cart" style="width:20px; height:20px">
                    <svg class="svg-inline icon-cart" xmlns="http://www.w3.org/2000/svg" viewBox="0 0 500 500" width="100%" height="100%"><path fill="#EB0203" fill-rule="evenodd" d="M 485.67317,94.386311 C 476.37798,83.847129 463.09468,78.03348 448.30404,78.03348 H 90.690813 L 87.079511,51.327997 C 83.185582,22.539551 62.962285,0 41.011841,0 H 14.727836 C 6.563151,0 0,6.5286975 0,14.580758 c 0,8.05206 6.5945535,14.580758 14.727836,14.580758 h 26.284005 c 4.710398,0 14.696435,9.855222 16.894619,26.021523 L 100.01739,368.0631 c 1.88416,13.77244 9.01256,26.70549 20.1605,36.37417 8.25889,7.15046 18.02511,11.9071 28.26237,13.89679 -4.17655,7.58572 -6.53175,16.25957 -6.53175,25.493 0,29.53459 24.27424,53.59751 54.13815,53.59751 29.8325,0 54.13814,-24.03184 54.13814,-53.59751 0,-8.79818 -2.19818,-17.09897 -5.9979,-24.43598 h 77.12488 c -3.79973,7.33701 -5.96652,15.6378 -5.96652,24.43598 0,29.53459 24.27424,53.59751 54.13817,53.59751 29.83249,0 54.13814,-24.03184 54.13814,-53.59751 0,-8.79818 -2.1982,-17.09897 -5.9979,-24.43598 h 38.56243 c 8.13328,0 14.72783,-6.5287 14.72783,-14.61183 0,-8.02098 -6.59455,-14.54967 -14.72783,-14.54967 H 159.24277 c -14.38241,0 -28.13677,-11.90711 -30.02092,-26.02153 l -3.07746,-22.88154 h 290.6314 c 14.03698,0 27.94834,-5.28513 39.06488,-14.95381 11.11652,-9.6376 18.27632,-22.57065 20.16048,-36.37417 l 21.10259,-156.78201 c 1.94694,-14.51858 -2.10398,-28.29103 -11.43057,-38.861299 z M 220.76053,443.82706 c 0,13.49265 -11.08513,24.46709 -24.68247,24.46709 -13.62874,0 -24.71387,-10.97444 -24.71387,-24.46709 0,-13.49262 11.08513,-24.43598 24.71387,-24.43598 13.59734,0 24.68247,10.94336 24.68247,24.43598 z m 173.43675,0 c 0,13.49265 -11.08512,24.46709 -24.68245,24.46709 -13.62876,0 -24.71388,-10.97444 -24.71388,-24.46709 0,-13.49262 11.08512,-24.43598 24.71388,-24.43598 13.59733,0 24.68245,10.94336 24.68245,24.43598 z m 73.7648,-314.46558 -21.13397,156.782 c -1.88416,14.11442 -15.63851,26.05261 -30.02091,26.05261 H 122.25046 L 94.616142,107.19499 H 448.33544 c 6.18632,0 11.61896,2.2695 15.23028,6.37326 3.64269,4.13484 5.21283,9.73086 4.39636,15.79323 z"></path></svg>
                    </span>
                    </span>
                    <span class="add-to-cart--text d-none d-sm-block">Carrinho</span>
                    </button>
                    </div>
                    </div>
                    </div>
                    </div>
                    
                    <div class="col-12 d-sm-none">
                    </div>
                    </div>
                    </div>
                    </div>
                    </div>
                    <div class="col-12 col-sm-3 col-lg-2 productTile" data-idx="31">
                    
                    <script type="text/javascript">//<!--
                    /* <![CDATA[ */
                    (function(){
                    try {
                        if(window.CQuotient) {
                        var cq_params = {};
                        
                        cq_params.cookieId = window.CQuotient.getCQCookieId();
                        cq_params.userId = window.CQuotient.getCQUserId();
                        cq_params.emailId = CQuotient.getCQHashedEmail();
                        cq_params.loginId = CQuotient.getCQHashedLogin();
                        cq_params.accumulate = true;
                        cq_params.products = [{
                            id: '5888634',
                            sku: ''
                        }];
                        cq_params.categoryId = 'refeicoes-faceis';
                        cq_params.refinements = '[{\"name\":\"priceMin\",\"value\":\"0.01\"},{\"name\":\"priceMax\",\"value\":\"null\"},{\"name\":\"curr\",\"value\":\"EUR\"},{\"name\":\"Category\",\"value\":\"refeicoes-faceis\"}]';
                        cq_params.personalized = 'false';
                        cq_params.sortingRule = 'FRESH-Refei\u00E7\u00F5es F\u00E1ceis';
                        cq_params.imageUUID = '__UNDEFINED__';
                        cq_params.realm = "BDVS";
                        cq_params.siteId = "continente";
                        cq_params.instanceType = "prd";
                        cq_params.queryLocale = "default";
                        cq_params.locale = window.CQuotient.locale;
                        
                        if(window.CQuotient.sendActivity)
                            window.CQuotient.sendActivity(CQuotient.clientId, 'viewCategory', cq_params);
                        else
                            window.CQuotient.activities.push({
                                activityType: 'viewCategory',
                                parameters: cq_params
                            });
                      }
                    } catch(err) {}
                    })();
                    /* ]]> */
                    // -->
                    </script>
                    <script type="text/javascript">//<!--
                    /* <![CDATA[ (viewCategoryProduct-active_data.js) */
                    (function(){
                    try {
                        if (dw.ac) {
                            var search_params = {};
                            search_params.persd = 'false';
                            search_params.refs = '[{\"name\":\"priceMin\",\"value\":\"0.01\"},{\"name\":\"priceMax\",\"value\":\"null\"},{\"name\":\"curr\",\"value\":\"EUR\"},{\"name\":\"Category\",\"value\":\"refeicoes-faceis\"}]';
                            search_params.sort = 'FRESH-Refei\u00E7\u00F5es F\u00E1ceis';
                            search_params.imageUUID = '';
                            search_params.searchID = 'adc2ebee-ded6-4d71-a833-c4f63de27d3e';
                            search_params.locale = 'default';
                            search_params.queryLocale = 'default';
                            search_params.showProducts = 'true';
                            dw.ac.applyContext({category: "refeicoes-faceis", searchData: search_params});
                            if (typeof dw.ac._scheduleDataSubmission === "function") {
                                dw.ac._scheduleDataSubmission();
                            }
                        }
                    } catch(err) {}
                    })();
                    /* ]]> */
                    // -->
                    </script>
                    <script type="text/javascript">//<!--
                    /* <![CDATA[ (viewProduct-active_data.js) */
                    dw.ac._capture({id: "5888634", type: "searchhit"});
                    /* ]]> */
                    // -->
                    </script>
                    <div class="product" data-pid="5888634">
                    <div class="product-tile pid-5888634 ct-product-tile data-layer-pushed" data-delay-time="3000" data-variants-mapping="[]" data-in-cart-msg="no carrinho" data-one-product-added="Adicionado ao carrinho" data-remove-from-cart-msg="Removido do carrinho" data-stay-open="6000.0" data-product-tile-impression="{&quot;name&quot;:&quot;5888634&quot;,&quot;id&quot;:&quot;5888634&quot;,&quot;price&quot;:2.99,&quot;brand&quot;:&quot;Continente Fácil &amp; Bom&quot;,&quot;category&quot;:[{&quot;category_level_1&quot;:&quot;Take-Away&quot;},{&quot;category_level_2&quot;:&quot;Refeições Prontas&quot;},{&quot;category_level_3&quot;:&quot;Carne&quot;}],&quot;variant&quot;:&quot;&quot;}">
                    <div class="ct-inner-tile-wrap row no-gutters justify-content-center align-content-start">
                    
                    <div class="ct-image-container col-4 col-sm" data-confirmation-image="{&quot;url&quot;:&quot;https://www.continente.pt/dw/image/v2/BDVS_PRD/on/demandware.static/-/Sites-col-master-catalog/default/dwc199374f/images/col/588/5888634-frente.jpg?sw=87&amp;sh=80&quot;,&quot;fallbackimage&quot;:{&quot;url&quot;:&quot;https://www.continente.pt/dw/image/v2/BDVS_PRD/on/demandware.static/Sites-continente-Site/-/default/dw7c42b4da/images/noimagelarge_product.png?sw=87&amp;sh=80&quot;,&quot;title&quot;:&quot;Carne Porco à Portuguesa&quot;,&quot;alt&quot;:&quot;Carne Porco à Portuguesa&quot;},&quot;title&quot;:&quot;Carne Porco à Portuguesa&quot;,&quot;alt&quot;:&quot;Carne Porco à Portuguesa&quot;}">
                    <a href="https://www.continente.pt/produto/carne-porco-a-portuguesa-continente-facil-bom-5888634.html?cgid=refeicoes-faceis">
                    <picture class="intrinsic intrinsic--square">
                    <img class="ct-tile-image lazyloaded" loading="lazy" onerror="this.onerror=null;this.src='/on/demandware.static/Sites-continente-Site/-/default/dw7c42b4da/images/noimagelarge_product.png';" data-src="https://www.continente.pt/dw/image/v2/BDVS_PRD/on/demandware.static/-/Sites-col-master-catalog/default/dwc199374f/images/col/588/5888634-frente.jpg?sw=280&amp;sh=280" alt="Carne Porco à Portuguesa" title="Carne Porco à Portuguesa" src="https://www.continente.pt/dw/image/v2/BDVS_PRD/on/demandware.static/-/Sites-col-master-catalog/default/dwc199374f/images/col/588/5888634-frente.jpg?sw=280&amp;sh=280">
                    </picture>
                    </a>
                    <div class="color-swatches d-flex" style="margin-left: 5px;">
                    <div class="swatches d-flex">
                    </div>
                    </div>
                    </div>
                    <div class="ct-tile-body col col-sm-auto ">
                    <div class="ct-pdp-details">
                    <div class="ct-pdp-link">
                    <a class="ct-tile--description" href="https://www.continente.pt/produto/carne-porco-a-portuguesa-continente-facil-bom-5888634.html?cgid=refeicoes-faceis">Carne Porco à Portuguesa</a>
                    <div class="ct-tile--favorite-top d-sm-none">
                    <button class="wishlist-toggler guest-mode inactive button button--tertiary" data-pid="5888634" data-add-url="https://www.continente.pt/on/demandware.store/Sites-continente-Site/default/Wishlist-AddProduct?pid=5888634" data-toggle="tooltip" aria-label="Adicionar aos favoritos " data-original-title="Adicionar aos favoritos" data-placement="top">
                    <svg class="active-content" width="100%" height="100%" viewBox="0 0 20 22" fill="none" xmlns="http://www.w3.org/2000/svg">
                    <path fill-rule="evenodd" clip-rule="evenodd" d="M0 1.53052C0 0.685236 0.692171 0 1.54601 0H15.0736C15.9274 0 16.6196 0.685235 16.6196 1.53052V13.4064L15.8127 13.922L14.2658 14.2658L12.7189 13.4064L10.6054 14.3818C10.4994 14.2451 10.3327 14.157 10.1452 14.157H6.76329C6.4431 14.157 6.18354 14.414 6.18354 14.731C6.18354 15.0479 6.4431 15.3049 6.76329 15.3049H10.1452C10.2478 15.3049 10.3441 15.2785 10.4277 15.2322L10.3126 16.8439L13.2345 20.2793H1.54601C0.69217 20.2793 0 19.5941 0 18.7488V1.53052ZM6.18354 5.5483C6.18354 5.23132 6.4431 4.97436 6.76329 4.97436H12.3676C12.6878 4.97436 12.9473 5.23132 12.9473 5.5483C12.9473 5.86528 12.6878 6.12224 12.3676 6.12224H6.76329C6.4431 6.12224 6.18354 5.86528 6.18354 5.5483ZM6.76329 11.0961C6.4431 11.0961 6.18354 11.3531 6.18354 11.6701C6.18354 11.987 6.4431 12.244 6.76329 12.244H12.3676C12.6878 12.244 12.9473 11.987 12.9473 11.6701C12.9473 11.3531 12.6878 11.0961 12.3676 11.0961H6.76329ZM6.18354 8.60985C6.18354 8.29287 6.4431 8.03591 6.76329 8.03591H12.3676C12.6878 8.03591 12.9473 8.29287 12.9473 8.60985C12.9473 8.92684 12.6878 9.1838 12.3676 9.1838H6.76329C6.4431 9.1838 6.18354 8.92684 6.18354 8.60985ZM3.67118 5.5483C3.67118 5.23132 3.93075 4.97436 4.25093 4.97436H4.63743C4.95762 4.97436 5.21719 5.23132 5.21719 5.5483C5.21719 5.86528 4.95762 6.12224 4.63743 6.12224H4.25093C3.93075 6.12224 3.67118 5.86528 3.67118 5.5483ZM4.25093 11.0961C3.93075 11.0961 3.67118 11.3531 3.67118 11.6701C3.67118 11.987 3.93075 12.244 4.25093 12.244H4.63743C4.95762 12.244 5.21719 11.987 5.21719 11.6701C5.21719 11.3531 4.95762 11.0961 4.63743 11.0961H4.25093ZM3.67118 8.60985C3.67118 8.29287 3.93075 8.03591 4.25093 8.03591H4.63743C4.95762 8.03591 5.21719 8.29287 5.21719 8.60985C5.21719 8.92684 4.95762 9.1838 4.63743 9.1838H4.25093C3.93075 9.1838 3.67118 8.92684 3.67118 8.60985ZM4.25093 14.157C3.93075 14.157 3.67118 14.414 3.67118 14.731C3.67118 15.0479 3.93075 15.3049 4.25093 15.3049H4.63743C4.95762 15.3049 5.21719 15.0479 5.21719 14.731C5.21719 14.414 4.95762 14.157 4.63743 14.157H4.25093Z" fill="#EB0203"></path>
                    <path fill-rule="evenodd" clip-rule="evenodd" d="M14.6252 13.6363C13.4918 12.6215 11.7817 12.5264 10.6569 13.4792C9.12421 14.7764 9.34841 16.8912 10.4409 18.0122L14.0159 21.6742C14.2197 21.8832 14.4928 22 14.7822 22C15.0737 22 15.3448 21.8852 15.5486 21.6762L19.1236 18.0142C20.214 16.8933 20.4423 14.7785 18.9075 13.4792C17.7827 12.5283 16.0724 12.6217 14.9391 13.6365C14.8855 13.6845 14.8331 13.7345 14.7822 13.7866C14.7313 13.7345 14.6789 13.6843 14.6252 13.6363ZM18.1546 14.3522C19.0973 15.1508 18.9962 16.4896 18.2891 17.2173C18.2888 17.2175 18.2886 17.2177 18.2884 17.218L14.7832 20.8084L11.2753 17.2151C11.2752 17.215 11.2751 17.2149 11.2749 17.2148C10.5677 16.4887 10.4678 15.1495 11.4104 14.3518L11.4108 14.3514C12.0745 13.7892 13.2018 13.82 13.9488 14.5846L14.7822 15.4378L15.6157 14.5846C16.3617 13.8211 17.4896 13.79 18.1545 14.3521" fill="#EB0203"></path>
                    </svg>
                    <svg class="inactive-content" width="100%" height="100%" viewBox="0 0 20 23" fill="none" xmlns="http://www.w3.org/2000/svg">
                    <path fill-rule="evenodd" clip-rule="evenodd" d="M6.18408 5.77914C6.18408 5.46223 6.44363 5.20532 6.7638 5.20532H12.3678C12.6879 5.20532 12.9475 5.46223 12.9475 5.77914C12.9475 6.09606 12.6879 6.35297 12.3678 6.35297H6.7638C6.44363 6.35297 6.18408 6.09606 6.18408 5.77914Z" fill="#EB0203"></path>
                    <path fill-rule="evenodd" clip-rule="evenodd" d="M6.18408 11.9034C6.18408 11.5865 6.44363 11.3296 6.7638 11.3296H12.3678C12.6879 11.3296 12.9475 11.5865 12.9475 11.9034C12.9475 12.2202 12.6879 12.4771 12.3678 12.4771H6.7638C6.44363 12.4771 6.18408 12.2202 6.18408 11.9034Z" fill="#EB0203"></path>
                    <path fill-rule="evenodd" clip-rule="evenodd" d="M6.18408 8.84116C6.18408 8.52424 6.44363 8.26733 6.7638 8.26733H12.3678C12.6879 8.26733 12.9475 8.52424 12.9475 8.84116C12.9475 9.15807 12.6879 9.41498 12.3678 9.41498H6.7638C6.44363 9.41498 6.18408 9.15807 6.18408 8.84116Z" fill="#EB0203"></path>
                    <path fill-rule="evenodd" clip-rule="evenodd" d="M6.18408 14.9655C6.18408 14.6486 6.44363 14.3917 6.7638 14.3917H10.1455C10.4657 14.3917 10.7252 14.6486 10.7252 14.9655C10.7252 15.2825 10.4657 15.5394 10.1455 15.5394H6.7638C6.44363 15.5394 6.18408 15.2825 6.18408 14.9655Z" fill="#EB0203"></path>
                    <path fill-rule="evenodd" clip-rule="evenodd" d="M3.67139 5.77914C3.67139 5.46223 3.93094 5.20532 4.25111 5.20532H4.63759C4.95776 5.20532 5.21731 5.46223 5.21731 5.77914C5.21731 6.09606 4.95776 6.35297 4.63759 6.35297H4.25111C3.93094 6.35297 3.67139 6.09606 3.67139 5.77914Z" fill="#EB0203"></path>
                    <path fill-rule="evenodd" clip-rule="evenodd" d="M3.67139 11.9034C3.67139 11.5865 3.93094 11.3296 4.25111 11.3296H4.63759C4.95776 11.3296 5.21731 11.5865 5.21731 11.9034C5.21731 12.2202 4.95776 12.4771 4.63759 12.4771H4.25111C3.93094 12.4771 3.67139 12.2202 3.67139 11.9034Z" fill="#EB0203"></path>
                    <path fill-rule="evenodd" clip-rule="evenodd" d="M3.67139 8.84116C3.67139 8.52424 3.93094 8.26733 4.25111 8.26733H4.63759C4.95776 8.26733 5.21731 8.52424 5.21731 8.84116C5.21731 9.15807 4.95776 9.41498 4.63759 9.41498H4.25111C3.93094 9.41498 3.67139 9.15807 3.67139 8.84116Z" fill="#EB0203"></path>
                    <path fill-rule="evenodd" clip-rule="evenodd" d="M3.67139 14.9655C3.67139 14.6486 3.93094 14.3917 4.25111 14.3917H4.63759C4.95776 14.3917 5.21731 14.6486 5.21731 14.9655C5.21731 15.2825 4.95776 15.5394 4.63759 15.5394H4.25111C3.93094 15.5394 3.67139 15.2825 3.67139 14.9655Z" fill="#EB0203"></path>
                    <path fill-rule="evenodd" clip-rule="evenodd" d="M0 1.76033C0 0.914738 0.692131 0.229248 1.54592 0.229248H15.0727C15.9265 0.229248 16.6186 0.914738 16.6186 1.76033V11.2818C16.6186 11.5989 16.3591 11.8559 16.0389 11.8559C15.7187 11.8559 15.4592 11.5989 15.4592 11.2818V1.76033C15.4592 1.54893 15.2862 1.37756 15.0727 1.37756H1.54592C1.33247 1.37756 1.15944 1.54893 1.15944 1.76033V18.985C1.15944 19.1964 1.33247 19.3678 1.54592 19.3678H9.27551C9.59568 19.3678 9.85523 19.6249 9.85523 19.942C9.85523 20.2591 9.59568 20.5161 9.27551 20.5161H1.54592C0.692131 20.5161 0 19.8306 0 18.985V1.76033Z" fill="#EB0203"></path>
                    <path fill-rule="evenodd" clip-rule="evenodd" d="M14.6254 13.8718C13.4921 12.8567 11.7821 12.7615 10.6574 13.7147C9.12472 15.0124 9.34891 17.128 10.4413 18.2493L14.0161 21.9126C14.2199 22.1217 14.493 22.2386 14.7824 22.2386C15.0739 22.2386 15.3449 22.1238 15.5487 21.9147L19.1235 18.2514C20.2139 17.13 20.4422 15.0144 18.9075 13.7147C17.7827 12.7634 16.0726 12.8569 14.9392 13.872C14.8856 13.92 14.8333 13.9701 14.7824 14.0222C14.7314 13.97 14.6791 13.9199 14.6254 13.8718ZM18.1546 14.588C19.0972 15.3869 18.9961 16.7262 18.2891 17.4541C18.2888 17.4543 18.2886 17.4546 18.2884 17.4548L14.7834 21.0466L11.2757 17.452C11.2756 17.4519 11.2755 17.4517 11.2753 17.4516C10.5681 16.7252 10.4682 15.3856 11.4108 14.5876L11.4112 14.5872C12.0748 14.0248 13.202 14.0556 13.949 14.8205L14.7824 15.674L15.6158 14.8205C16.3618 14.0567 17.4896 14.0256 18.1545 14.5879" fill="#EB0203"></path>
                    </svg>
                    </button>
                    
                    </div>
                    </div>
                    <p class="ct-tile--brand">Continente Fácil &amp; Bom</p>
                    <p class="ct-tile--quantity">emb. 350 gr</p>
                    </div>
                    <div class="ct-tile-bottom row no-gutters justify-content-between">
                    <div class="ct-price-wrap col-8 col-sm-12">
                    <div class="price js-product-price">
                    <div class="prices-wrapper">
                    <span class="sales ct-tile--price-primary ">
                    <span class="value" content="2.99">
                    <span class="ct-price-formatted">
                    €2,99
                    </span>
                    <span class="ct-m-unit">
                    /un
                    </span>
                    </span>
                    </span>
                    </div>
                    <div class="ct-tile--price-secondary">
                    <span class="ct-price-value">
                    €8,54
                    </span>
                    <span class="ct-m-unit">
                    /kg
                    </span>
                    </div>
                    </div>
                    </div>
                    <div class="ct-tile-buy-section d-flex justify-content-center no-gutters col-auto col-sm-12">
                    <div class="col-2 d-sm-flex d-none">
                    <button class="wishlist-toggler guest-mode inactive button button--tertiary" data-pid="5888634" data-add-url="https://www.continente.pt/on/demandware.store/Sites-continente-Site/default/Wishlist-AddProduct?pid=5888634" data-toggle="tooltip" aria-label="Adicionar aos favoritos " data-original-title="Adicionar aos favoritos" data-placement="top">
                    <svg class="active-content" width="100%" height="100%" viewBox="0 0 20 22" fill="none" xmlns="http://www.w3.org/2000/svg">
                    <path fill-rule="evenodd" clip-rule="evenodd" d="M0 1.53052C0 0.685236 0.692171 0 1.54601 0H15.0736C15.9274 0 16.6196 0.685235 16.6196 1.53052V13.4064L15.8127 13.922L14.2658 14.2658L12.7189 13.4064L10.6054 14.3818C10.4994 14.2451 10.3327 14.157 10.1452 14.157H6.76329C6.4431 14.157 6.18354 14.414 6.18354 14.731C6.18354 15.0479 6.4431 15.3049 6.76329 15.3049H10.1452C10.2478 15.3049 10.3441 15.2785 10.4277 15.2322L10.3126 16.8439L13.2345 20.2793H1.54601C0.69217 20.2793 0 19.5941 0 18.7488V1.53052ZM6.18354 5.5483C6.18354 5.23132 6.4431 4.97436 6.76329 4.97436H12.3676C12.6878 4.97436 12.9473 5.23132 12.9473 5.5483C12.9473 5.86528 12.6878 6.12224 12.3676 6.12224H6.76329C6.4431 6.12224 6.18354 5.86528 6.18354 5.5483ZM6.76329 11.0961C6.4431 11.0961 6.18354 11.3531 6.18354 11.6701C6.18354 11.987 6.4431 12.244 6.76329 12.244H12.3676C12.6878 12.244 12.9473 11.987 12.9473 11.6701C12.9473 11.3531 12.6878 11.0961 12.3676 11.0961H6.76329ZM6.18354 8.60985C6.18354 8.29287 6.4431 8.03591 6.76329 8.03591H12.3676C12.6878 8.03591 12.9473 8.29287 12.9473 8.60985C12.9473 8.92684 12.6878 9.1838 12.3676 9.1838H6.76329C6.4431 9.1838 6.18354 8.92684 6.18354 8.60985ZM3.67118 5.5483C3.67118 5.23132 3.93075 4.97436 4.25093 4.97436H4.63743C4.95762 4.97436 5.21719 5.23132 5.21719 5.5483C5.21719 5.86528 4.95762 6.12224 4.63743 6.12224H4.25093C3.93075 6.12224 3.67118 5.86528 3.67118 5.5483ZM4.25093 11.0961C3.93075 11.0961 3.67118 11.3531 3.67118 11.6701C3.67118 11.987 3.93075 12.244 4.25093 12.244H4.63743C4.95762 12.244 5.21719 11.987 5.21719 11.6701C5.21719 11.3531 4.95762 11.0961 4.63743 11.0961H4.25093ZM3.67118 8.60985C3.67118 8.29287 3.93075 8.03591 4.25093 8.03591H4.63743C4.95762 8.03591 5.21719 8.29287 5.21719 8.60985C5.21719 8.92684 4.95762 9.1838 4.63743 9.1838H4.25093C3.93075 9.1838 3.67118 8.92684 3.67118 8.60985ZM4.25093 14.157C3.93075 14.157 3.67118 14.414 3.67118 14.731C3.67118 15.0479 3.93075 15.3049 4.25093 15.3049H4.63743C4.95762 15.3049 5.21719 15.0479 5.21719 14.731C5.21719 14.414 4.95762 14.157 4.63743 14.157H4.25093Z" fill="#EB0203"></path>
                    <path fill-rule="evenodd" clip-rule="evenodd" d="M14.6252 13.6363C13.4918 12.6215 11.7817 12.5264 10.6569 13.4792C9.12421 14.7764 9.34841 16.8912 10.4409 18.0122L14.0159 21.6742C14.2197 21.8832 14.4928 22 14.7822 22C15.0737 22 15.3448 21.8852 15.5486 21.6762L19.1236 18.0142C20.214 16.8933 20.4423 14.7785 18.9075 13.4792C17.7827 12.5283 16.0724 12.6217 14.9391 13.6365C14.8855 13.6845 14.8331 13.7345 14.7822 13.7866C14.7313 13.7345 14.6789 13.6843 14.6252 13.6363ZM18.1546 14.3522C19.0973 15.1508 18.9962 16.4896 18.2891 17.2173C18.2888 17.2175 18.2886 17.2177 18.2884 17.218L14.7832 20.8084L11.2753 17.2151C11.2752 17.215 11.2751 17.2149 11.2749 17.2148C10.5677 16.4887 10.4678 15.1495 11.4104 14.3518L11.4108 14.3514C12.0745 13.7892 13.2018 13.82 13.9488 14.5846L14.7822 15.4378L15.6157 14.5846C16.3617 13.8211 17.4896 13.79 18.1545 14.3521" fill="#EB0203"></path>
                    </svg>
                    <svg class="inactive-content" width="100%" height="100%" viewBox="0 0 20 23" fill="none" xmlns="http://www.w3.org/2000/svg">
                    <path fill-rule="evenodd" clip-rule="evenodd" d="M6.18408 5.77914C6.18408 5.46223 6.44363 5.20532 6.7638 5.20532H12.3678C12.6879 5.20532 12.9475 5.46223 12.9475 5.77914C12.9475 6.09606 12.6879 6.35297 12.3678 6.35297H6.7638C6.44363 6.35297 6.18408 6.09606 6.18408 5.77914Z" fill="#EB0203"></path>
                    <path fill-rule="evenodd" clip-rule="evenodd" d="M6.18408 11.9034C6.18408 11.5865 6.44363 11.3296 6.7638 11.3296H12.3678C12.6879 11.3296 12.9475 11.5865 12.9475 11.9034C12.9475 12.2202 12.6879 12.4771 12.3678 12.4771H6.7638C6.44363 12.4771 6.18408 12.2202 6.18408 11.9034Z" fill="#EB0203"></path>
                    <path fill-rule="evenodd" clip-rule="evenodd" d="M6.18408 8.84116C6.18408 8.52424 6.44363 8.26733 6.7638 8.26733H12.3678C12.6879 8.26733 12.9475 8.52424 12.9475 8.84116C12.9475 9.15807 12.6879 9.41498 12.3678 9.41498H6.7638C6.44363 9.41498 6.18408 9.15807 6.18408 8.84116Z" fill="#EB0203"></path>
                    <path fill-rule="evenodd" clip-rule="evenodd" d="M6.18408 14.9655C6.18408 14.6486 6.44363 14.3917 6.7638 14.3917H10.1455C10.4657 14.3917 10.7252 14.6486 10.7252 14.9655C10.7252 15.2825 10.4657 15.5394 10.1455 15.5394H6.7638C6.44363 15.5394 6.18408 15.2825 6.18408 14.9655Z" fill="#EB0203"></path>
                    <path fill-rule="evenodd" clip-rule="evenodd" d="M3.67139 5.77914C3.67139 5.46223 3.93094 5.20532 4.25111 5.20532H4.63759C4.95776 5.20532 5.21731 5.46223 5.21731 5.77914C5.21731 6.09606 4.95776 6.35297 4.63759 6.35297H4.25111C3.93094 6.35297 3.67139 6.09606 3.67139 5.77914Z" fill="#EB0203"></path>
                    <path fill-rule="evenodd" clip-rule="evenodd" d="M3.67139 11.9034C3.67139 11.5865 3.93094 11.3296 4.25111 11.3296H4.63759C4.95776 11.3296 5.21731 11.5865 5.21731 11.9034C5.21731 12.2202 4.95776 12.4771 4.63759 12.4771H4.25111C3.93094 12.4771 3.67139 12.2202 3.67139 11.9034Z" fill="#EB0203"></path>
                    <path fill-rule="evenodd" clip-rule="evenodd" d="M3.67139 8.84116C3.67139 8.52424 3.93094 8.26733 4.25111 8.26733H4.63759C4.95776 8.26733 5.21731 8.52424 5.21731 8.84116C5.21731 9.15807 4.95776 9.41498 4.63759 9.41498H4.25111C3.93094 9.41498 3.67139 9.15807 3.67139 8.84116Z" fill="#EB0203"></path>
                    <path fill-rule="evenodd" clip-rule="evenodd" d="M3.67139 14.9655C3.67139 14.6486 3.93094 14.3917 4.25111 14.3917H4.63759C4.95776 14.3917 5.21731 14.6486 5.21731 14.9655C5.21731 15.2825 4.95776 15.5394 4.63759 15.5394H4.25111C3.93094 15.5394 3.67139 15.2825 3.67139 14.9655Z" fill="#EB0203"></path>
                    <path fill-rule="evenodd" clip-rule="evenodd" d="M0 1.76033C0 0.914738 0.692131 0.229248 1.54592 0.229248H15.0727C15.9265 0.229248 16.6186 0.914738 16.6186 1.76033V11.2818C16.6186 11.5989 16.3591 11.8559 16.0389 11.8559C15.7187 11.8559 15.4592 11.5989 15.4592 11.2818V1.76033C15.4592 1.54893 15.2862 1.37756 15.0727 1.37756H1.54592C1.33247 1.37756 1.15944 1.54893 1.15944 1.76033V18.985C1.15944 19.1964 1.33247 19.3678 1.54592 19.3678H9.27551C9.59568 19.3678 9.85523 19.6249 9.85523 19.942C9.85523 20.2591 9.59568 20.5161 9.27551 20.5161H1.54592C0.692131 20.5161 0 19.8306 0 18.985V1.76033Z" fill="#EB0203"></path>
                    <path fill-rule="evenodd" clip-rule="evenodd" d="M14.6254 13.8718C13.4921 12.8567 11.7821 12.7615 10.6574 13.7147C9.12472 15.0124 9.34891 17.128 10.4413 18.2493L14.0161 21.9126C14.2199 22.1217 14.493 22.2386 14.7824 22.2386C15.0739 22.2386 15.3449 22.1238 15.5487 21.9147L19.1235 18.2514C20.2139 17.13 20.4422 15.0144 18.9075 13.7147C17.7827 12.7634 16.0726 12.8569 14.9392 13.872C14.8856 13.92 14.8333 13.9701 14.7824 14.0222C14.7314 13.97 14.6791 13.9199 14.6254 13.8718ZM18.1546 14.588C19.0972 15.3869 18.9961 16.7262 18.2891 17.4541C18.2888 17.4543 18.2886 17.4546 18.2884 17.4548L14.7834 21.0466L11.2757 17.452C11.2756 17.4519 11.2755 17.4517 11.2753 17.4516C10.5681 16.7252 10.4682 15.3856 11.4108 14.5876L11.4112 14.5872C12.0748 14.0248 13.202 14.0556 13.949 14.8205L14.7824 15.674L15.6158 14.8205C16.3618 14.0567 17.4896 14.0256 18.1545 14.5879" fill="#EB0203"></path>
                    </svg>
                    </button>
                    </div>
                    <div class="col-sm-10 col-12">
                    <div class="ct-tile-quantity d-none" data-pid="5888634">
                    <input type="hidden" class="add-to-cart-url" value="https://www.continente.pt/on/demandware.store/Sites-continente-Site/default/Cart-AddProduct">
                    <div class="d-none tile-delete-confirmation-btn" data-pid="5888634" data-delay-time="3000" data-in-cart-msg="no carrinho" data-one-product-added="Adicionado ao carrinho" data-remove-from-cart-msg="Removido do carrinho" data-stay-open="6000.0" data-confirmation-image="{&quot;url&quot;:&quot;https://www.continente.pt/dw/image/v2/BDVS_PRD/on/demandware.static/-/Sites-col-master-catalog/default/dwc199374f/images/col/588/5888634-frente.jpg?sw=87&amp;sh=80&quot;,&quot;fallbackimage&quot;:{&quot;url&quot;:&quot;https://www.continente.pt/dw/image/v2/BDVS_PRD/on/demandware.static/Sites-continente-Site/-/default/dw7c42b4da/images/noimagelarge_product.png?sw=87&amp;sh=80&quot;,&quot;title&quot;:&quot;Carne Porco à Portuguesa&quot;,&quot;alt&quot;:&quot;Carne Porco à Portuguesa&quot;},&quot;title&quot;:&quot;Carne Porco à Portuguesa&quot;,&quot;alt&quot;:&quot;Carne Porco à Portuguesa&quot;}"></div>
                    <div class="ct-tile-quantity-update quantity-update product-qty-vue" data-remove-action="https://www.continente.pt/on/demandware.store/Sites-continente-Site/default/Cart-RemoveProductLineItem" data-action="https://www.continente.pt/on/demandware.store/Sites-continente-Site/default/Cart-UpdateQuantity" data-dimension-update="https://www.continente.pt/on/demandware.store/Sites-continente-Site/default/Cart-DimensionUpdate" data-pid="5888634" data-uuid="1f7d5470cbd960c79cc052b41e" data-add-delay="500.0" data-measure-options="{&quot;hasConversionRate&quot;:true,&quot;hasAlternativeSaleUnit&quot;:false,&quot;primaryToSecondary&quot;:1,&quot;secondaryToPrimary&quot;:1,&quot;unitConversionRate&quot;:1,&quot;minOrderQuantity&quot;:1,&quot;stepQuantity&quot;:1,&quot;primaryunit&quot;:&quot;un&quot;,&quot;secondaryunit&quot;:&quot;kg&quot;,&quot;selectedunit&quot;:&quot;primary&quot;,&quot;maxNumberOfUnitsPerSale&quot;:50}" data-price-available="null" :data-has-error="isMaxQtyReached || isMinQtyReached || qtySelectedMoreThanOne">
                    <template v-show="prodUnits">
                    <div class="quantity-input-wrapper has-units">
                    <label class="visually-hidden" :for="'quantity-' + pid + additionalTag">
                    Quantidade no carrinho
                    </label>
                    <input :ref="'quantityInput-' + pid + additionalTag" class="add-to-cart-quantity form-control ct-form-input text-center" inputmode="numeric" :class="{'is-invalid': isInvalid}" :data-pid="pid + additionalTag" :name="'quantity-' + pid + additionalTag" type="text" aria-label="Insira a quantidade" title="" v-model="displayValue" @change="updateQuantity" @focus="updateQtyFormat" @blur="restoreQtyFormat" :disabled="!isPriceAvailable">
                    <span class="quantity-icon quantity-icon--minus">
                    <button class="decrease-quantity-btn" @click="updateQuantity" :disabled="!isPriceAvailable" role="button" aria-label="Reduzir quantidade">
                    <i class="css-math-minus"></i>
                    </button>
                    </span>
                    <span class="quantity-icon quantity-icon--plus">
                    <button class="increase-quantity-btn" @click="updateQuantity" :disabled="isMaxQtyReached || !isPriceAvailable" role="button" aria-label="Aumentar quantidade">
                    <i class="css-math-plus"></i>
                    </button>
                    <span class="quantity-btn-disabled-placeholder"></span>
                    </span>
                    <template v-if="isPDP">
                    <span class="quantity-error ct-span-error text-sm-center product-max-allocation" v-if="isMaxQtyReached">
                    Quantidade máxima atingida
                    </span>
                    <span class="quantity-error ct-span-product text-sm-center product-allocation" v-if="!isMinQtyReached &amp;&amp; !isMaxQtyReached">
                    {{quantitySelected}} no carrinho
                    </span>
                    <span class="quantity-error ct-span-error text-sm-center product-min-allocation" :data-pid="pid" v-if="isMinQtyReached &amp;&amp; !isMaxQtyReached">
                    Quantidade mínima atingida
                    </span>
                    </template>
                    </div>
                    <template v-if="showNotes">
                    <div class="add-note-link-container ">
                    <div class="add-note">
                    <a href="/produto/carne-porco-a-portuguesa-continente-facil-bom-5888634.html?showNote=true" class="ct-add-note-redirect-pdp" aria-label="Adicionar comentário">
                    <span class="svg-wrapper svg-icon-notes" style="width:19px; height:20px">
                    <svg class="svg-inline icon-notes" viewBox="0 0 28 30" xmlns="http://www.w3.org/2000/svg" width="100%" height="100%"><path d="M21.738 0C22.985 0 24 1.04 24 2.319V12.47c0 .469-.37.848-.828.848-.457 0-.827-.38-.827-.848V2.32c0-.343-.273-.622-.607-.622H2.262c-.334 0-.607.279-.607.622V27.68c0 .343.273.622.607.622h7.81c.457 0 .827.38.827.849 0 .468-.37.848-.827.848h-7.81C1.015 30 0 28.96 0 27.681V2.32C0 1.04 1.015 0 2.262 0h19.476zm2.844 16.004l.227.007c.823.053 1.589.39 2.176.964.64.627.993 1.46.993 2.349 0 .888-.353 1.722-.993 2.348l-6.83 6.665c-.11.108-.247.186-.397.226l-5.032 1.363c-.078.021-.16.032-.241.032-.242 0-.478-.097-.647-.266-.23-.231-.314-.566-.218-.874l1.49-4.798c.044-.139.122-.266.227-.369l6.844-6.677c.64-.625 1.493-.97 2.401-.97zm-2.886 3.94l-4.922 4.802-.947 3.048 3.22-.872 4.897-4.78-2.248-2.197zm2.887-2.174c-.425 0-.824.162-1.124.455l-.484.472 2.248 2.197.484-.472c.62-.606.62-1.591 0-2.197l-.117-.104c-.283-.227-.636-.35-1.007-.35zm-10.839.022c.498 0 .904.396.904.883 0 .488-.406.884-.904.884H5.946c-.499 0-.904-.396-.904-.884 0-.487.405-.883.904-.883zm5.042-4.876c.498 0 .904.397.904.884s-.406.884-.904.884H5.946c-.499 0-.904-.397-.904-.884s.405-.884.904-.884zm0-4.875c.498 0 .904.396.904.884 0 .487-.406.883-.904.883H5.946c-.499 0-.904-.396-.904-.883 0-.488.405-.884.904-.884z" fill="#EB0203" fill-rule="evenodd"></path></svg>
                    </span>
                    <div class="available-note d-none"></div>
                    </a>
                    </div>
                    </div>
                    </template>
                    <div class="measurement-unit-section" v-if="isPriceAvailable &amp;&amp; prodUnits ? prodUnits.hasAlternativeUnit : false">
                    <div class="ct-form-radio" @click="setDimension">
                    <input type="radio" title="" class="ct-form-check-input product-measurement-unit" :data-type="prodUnits.selectedUnit == prodUnits.secondaryUnit ? 'primary' : ''" :id="prodUnits.secondaryUnit + '-' + pid + '-measurement-unit-ptile' + additionalTag" :name="'measurement-unit-' + pid + '-ptile' + additionalTag" :value="prodUnits.secondaryUnit" v-model="prodUnits.selectedUnit">
                    <label :class="prodUnits.secondaryUnit + '-label ct-form-check-label mb-0'" :for="prodUnits.secondaryUnit + '-' + pid + '-measurement-unit-ptile' + additionalTag">
                    {{prodUnits.secondaryUnit}}
                    </label>
                    <span class="checkmark"></span>
                    </div>
                    <div class="ct-form-radio" @click="setDimension">
                    <input type="radio" title="" class="ct-form-check-input product-measurement-unit" :data-type="prodUnits.selectedUnit == prodUnits.primaryUnit ? 'primary' : ''" :id="prodUnits.primaryUnit + '-' + pid + '-measurement-unit-ptile' + additionalTag" :name="'measurement-unit-' + pid + '-ptile' + additionalTag" :value="prodUnits.primaryUnit" v-model="prodUnits.selectedUnit">
                    <label :class="prodUnits.primaryUnit + '-label ct-form-check-label mb-0'" :for="prodUnits.primaryUnit + '-' + pid + '-measurement-unit-ptile' + additionalTag">
                    {{prodUnits.primaryUnit}}
                    </label>
                    <span class="checkmark"></span>
                    </div>
                    </div>
                    <template v-if="!isPDP &amp;&amp; isPriceAvailable">
                    <span class="quantity-error ct-span-error product-max-allocation" v-if="isMaxQtyReached">
                    Quantidade máxima atingida
                    </span>
                    <span class="quantity-error ct-span-product product-allocation" v-if="!isMinQtyReached &amp;&amp; !isMaxQtyReached">
                    {{quantitySelected}} no carrinho
                    </span>
                    <span class="quantity-error ct-span-error product-min-allocation" :data-pid="pid" v-if="isMinQtyReached &amp;&amp; !isMaxQtyReached">
                    Quantidade mínima atingida
                    </span>
                    </template>
                    </template>
                    </div>
                    <input class="quantity-value-mask d-none" name="quantity" type="number" min="0" value="">
                    </div>
                    <button type="button" class="add-to-cart button js-add-to-cart js-add-to-cart-tile 5888634 button--primary dynamic-layout-btn" data-toggle="modal" data-target="#chooseBonusProductModal" data-pid="5888634" data-quantity-value="null" aria-label="Carrinho">
                    <span class="d-block d-sm-none">
                    <span class="svg-wrapper svg-icon-cart" style="width:20px; height:20px">
                    <svg class="svg-inline icon-cart" xmlns="http://www.w3.org/2000/svg" viewBox="0 0 500 500" width="100%" height="100%"><path fill="#EB0203" fill-rule="evenodd" d="M 485.67317,94.386311 C 476.37798,83.847129 463.09468,78.03348 448.30404,78.03348 H 90.690813 L 87.079511,51.327997 C 83.185582,22.539551 62.962285,0 41.011841,0 H 14.727836 C 6.563151,0 0,6.5286975 0,14.580758 c 0,8.05206 6.5945535,14.580758 14.727836,14.580758 h 26.284005 c 4.710398,0 14.696435,9.855222 16.894619,26.021523 L 100.01739,368.0631 c 1.88416,13.77244 9.01256,26.70549 20.1605,36.37417 8.25889,7.15046 18.02511,11.9071 28.26237,13.89679 -4.17655,7.58572 -6.53175,16.25957 -6.53175,25.493 0,29.53459 24.27424,53.59751 54.13815,53.59751 29.8325,0 54.13814,-24.03184 54.13814,-53.59751 0,-8.79818 -2.19818,-17.09897 -5.9979,-24.43598 h 77.12488 c -3.79973,7.33701 -5.96652,15.6378 -5.96652,24.43598 0,29.53459 24.27424,53.59751 54.13817,53.59751 29.83249,0 54.13814,-24.03184 54.13814,-53.59751 0,-8.79818 -2.1982,-17.09897 -5.9979,-24.43598 h 38.56243 c 8.13328,0 14.72783,-6.5287 14.72783,-14.61183 0,-8.02098 -6.59455,-14.54967 -14.72783,-14.54967 H 159.24277 c -14.38241,0 -28.13677,-11.90711 -30.02092,-26.02153 l -3.07746,-22.88154 h 290.6314 c 14.03698,0 27.94834,-5.28513 39.06488,-14.95381 11.11652,-9.6376 18.27632,-22.57065 20.16048,-36.37417 l 21.10259,-156.78201 c 1.94694,-14.51858 -2.10398,-28.29103 -11.43057,-38.861299 z M 220.76053,443.82706 c 0,13.49265 -11.08513,24.46709 -24.68247,24.46709 -13.62874,0 -24.71387,-10.97444 -24.71387,-24.46709 0,-13.49262 11.08513,-24.43598 24.71387,-24.43598 13.59734,0 24.68247,10.94336 24.68247,24.43598 z m 173.43675,0 c 0,13.49265 -11.08512,24.46709 -24.68245,24.46709 -13.62876,0 -24.71388,-10.97444 -24.71388,-24.46709 0,-13.49262 11.08512,-24.43598 24.71388,-24.43598 13.59733,0 24.68245,10.94336 24.68245,24.43598 z m 73.7648,-314.46558 -21.13397,156.782 c -1.88416,14.11442 -15.63851,26.05261 -30.02091,26.05261 H 122.25046 L 94.616142,107.19499 H 448.33544 c 6.18632,0 11.61896,2.2695 15.23028,6.37326 3.64269,4.13484 5.21283,9.73086 4.39636,15.79323 z"></path></svg>
                    </span>
                    </span>
                    <span class="add-to-cart--text d-none d-sm-block">Carrinho</span>
                    </button>
                    </div>
                    </div>
                    </div>
                    </div>
                    
                    <div class="col-12 d-sm-none">
                    </div>
                    </div>
                    </div>
                    </div>
                    </div>
                    <div class="col-12 col-sm-3 col-lg-2 productTile" data-idx="32">
                    
                    <script type="text/javascript">//<!--
                    /* <![CDATA[ */
                    (function(){
                    try {
                        if(window.CQuotient) {
                        var cq_params = {};
                        
                        cq_params.cookieId = window.CQuotient.getCQCookieId();
                        cq_params.userId = window.CQuotient.getCQUserId();
                        cq_params.emailId = CQuotient.getCQHashedEmail();
                        cq_params.loginId = CQuotient.getCQHashedLogin();
                        cq_params.accumulate = true;
                        cq_params.products = [{
                            id: '6924791',
                            sku: ''
                        }];
                        cq_params.categoryId = 'refeicoes-faceis';
                        cq_params.refinements = '[{\"name\":\"priceMin\",\"value\":\"0.01\"},{\"name\":\"priceMax\",\"value\":\"null\"},{\"name\":\"curr\",\"value\":\"EUR\"},{\"name\":\"Category\",\"value\":\"refeicoes-faceis\"}]';
                        cq_params.personalized = 'false';
                        cq_params.sortingRule = 'FRESH-Refei\u00E7\u00F5es F\u00E1ceis';
                        cq_params.imageUUID = '__UNDEFINED__';
                        cq_params.realm = "BDVS";
                        cq_params.siteId = "continente";
                        cq_params.instanceType = "prd";
                        cq_params.queryLocale = "default";
                        cq_params.locale = window.CQuotient.locale;
                        
                        if(window.CQuotient.sendActivity)
                            window.CQuotient.sendActivity(CQuotient.clientId, 'viewCategory', cq_params);
                        else
                            window.CQuotient.activities.push({
                                activityType: 'viewCategory',
                                parameters: cq_params
                            });
                      }
                    } catch(err) {}
                    })();
                    /* ]]> */
                    // -->
                    </script>
                    <script type="text/javascript">//<!--
                    /* <![CDATA[ (viewCategoryProduct-active_data.js) */
                    (function(){
                    try {
                        if (dw.ac) {
                            var search_params = {};
                            search_params.persd = 'false';
                            search_params.refs = '[{\"name\":\"priceMin\",\"value\":\"0.01\"},{\"name\":\"priceMax\",\"value\":\"null\"},{\"name\":\"curr\",\"value\":\"EUR\"},{\"name\":\"Category\",\"value\":\"refeicoes-faceis\"}]';
                            search_params.sort = 'FRESH-Refei\u00E7\u00F5es F\u00E1ceis';
                            search_params.imageUUID = '';
                            search_params.searchID = 'adc2ebee-ded6-4d71-a833-c4f63de27d3e';
                            search_params.locale = 'default';
                            search_params.queryLocale = 'default';
                            search_params.showProducts = 'true';
                            dw.ac.applyContext({category: "refeicoes-faceis", searchData: search_params});
                            if (typeof dw.ac._scheduleDataSubmission === "function") {
                                dw.ac._scheduleDataSubmission();
                            }
                        }
                    } catch(err) {}
                    })();
                    /* ]]> */
                    // -->
                    </script>
                    <script type="text/javascript">//<!--
                    /* <![CDATA[ (viewProduct-active_data.js) */
                    dw.ac._capture({id: "6924791", type: "searchhit"});
                    /* ]]> */
                    // -->
                    </script>
                    <div class="product" data-pid="6924791">
                    <div class="product-tile pid-6924791 ct-product-tile data-layer-pushed" data-delay-time="3000" data-variants-mapping="[]" data-in-cart-msg="no carrinho" data-one-product-added="Adicionado ao carrinho" data-remove-from-cart-msg="Removido do carrinho" data-stay-open="6000.0" data-product-tile-impression="{&quot;name&quot;:&quot;6924791&quot;,&quot;id&quot;:&quot;6924791&quot;,&quot;price&quot;:1.29,&quot;brand&quot;:&quot;Autêntico&quot;,&quot;category&quot;:[{&quot;category_level_1&quot;:&quot;Bebidas e Garrafeira&quot;},{&quot;category_level_2&quot;:&quot;Sumos e Refrigerantes&quot;},{&quot;category_level_3&quot;:&quot;Sumos 100% Fruta&quot;}],&quot;variant&quot;:&quot;&quot;}">
                    <div class="ct-inner-tile-wrap row no-gutters justify-content-center align-content-start">
                    
                    <div class="ct-image-container col-4 col-sm" data-confirmation-image="{&quot;url&quot;:&quot;https://www.continente.pt/dw/image/v2/BDVS_PRD/on/demandware.static/-/Sites-col-master-catalog/default/dwa6f1f564/images/col/692/6924791-hero.jpg?sw=87&amp;sh=80&quot;,&quot;fallbackimage&quot;:{&quot;url&quot;:&quot;https://www.continente.pt/dw/image/v2/BDVS_PRD/on/demandware.static/Sites-continente-Site/-/default/dw7c42b4da/images/noimagelarge_product.png?sw=87&amp;sh=80&quot;,&quot;title&quot;:&quot;Sumo Laranja com Polpa&quot;,&quot;alt&quot;:&quot;Sumo Laranja com Polpa&quot;},&quot;title&quot;:&quot;Sumo Laranja com Polpa&quot;,&quot;alt&quot;:&quot;Sumo Laranja com Polpa&quot;}">
                    <a href="https://www.continente.pt/produto/sumo-laranja-com-polpa-autentico-6924791.html?cgid=refeicoes-faceis">
                    <picture class="intrinsic intrinsic--square">
                    <img class="ct-tile-image lazyloaded" loading="lazy" onerror="this.onerror=null;this.src='/on/demandware.static/Sites-continente-Site/-/default/dw7c42b4da/images/noimagelarge_product.png';" data-src="https://www.continente.pt/dw/image/v2/BDVS_PRD/on/demandware.static/-/Sites-col-master-catalog/default/dwa6f1f564/images/col/692/6924791-hero.jpg?sw=280&amp;sh=280" alt="Sumo Laranja com Polpa" title="Sumo Laranja com Polpa" src="https://www.continente.pt/dw/image/v2/BDVS_PRD/on/demandware.static/-/Sites-col-master-catalog/default/dwa6f1f564/images/col/692/6924791-hero.jpg?sw=280&amp;sh=280">
                    </picture>
                    </a>
                    <div class="color-swatches d-flex" style="margin-left: 5px;">
                    <div class="swatches d-flex">
                    </div>
                    </div>
                    </div>
                    <div class="ct-tile-body col col-sm-auto ">
                    <div class="ct-pdp-details">
                    <div class="ct-pdp-link">
                    <a class="ct-tile--description" href="https://www.continente.pt/produto/sumo-laranja-com-polpa-autentico-6924791.html?cgid=refeicoes-faceis">Sumo Laranja com Polpa</a>
                    <div class="ct-tile--favorite-top d-sm-none">
                    <button class="wishlist-toggler guest-mode inactive button button--tertiary" data-pid="6924791" data-add-url="https://www.continente.pt/on/demandware.store/Sites-continente-Site/default/Wishlist-AddProduct?pid=6924791" data-toggle="tooltip" aria-label="Adicionar aos favoritos " data-original-title="Adicionar aos favoritos" data-placement="top">
                    <svg class="active-content" width="100%" height="100%" viewBox="0 0 20 22" fill="none" xmlns="http://www.w3.org/2000/svg">
                    <path fill-rule="evenodd" clip-rule="evenodd" d="M0 1.53052C0 0.685236 0.692171 0 1.54601 0H15.0736C15.9274 0 16.6196 0.685235 16.6196 1.53052V13.4064L15.8127 13.922L14.2658 14.2658L12.7189 13.4064L10.6054 14.3818C10.4994 14.2451 10.3327 14.157 10.1452 14.157H6.76329C6.4431 14.157 6.18354 14.414 6.18354 14.731C6.18354 15.0479 6.4431 15.3049 6.76329 15.3049H10.1452C10.2478 15.3049 10.3441 15.2785 10.4277 15.2322L10.3126 16.8439L13.2345 20.2793H1.54601C0.69217 20.2793 0 19.5941 0 18.7488V1.53052ZM6.18354 5.5483C6.18354 5.23132 6.4431 4.97436 6.76329 4.97436H12.3676C12.6878 4.97436 12.9473 5.23132 12.9473 5.5483C12.9473 5.86528 12.6878 6.12224 12.3676 6.12224H6.76329C6.4431 6.12224 6.18354 5.86528 6.18354 5.5483ZM6.76329 11.0961C6.4431 11.0961 6.18354 11.3531 6.18354 11.6701C6.18354 11.987 6.4431 12.244 6.76329 12.244H12.3676C12.6878 12.244 12.9473 11.987 12.9473 11.6701C12.9473 11.3531 12.6878 11.0961 12.3676 11.0961H6.76329ZM6.18354 8.60985C6.18354 8.29287 6.4431 8.03591 6.76329 8.03591H12.3676C12.6878 8.03591 12.9473 8.29287 12.9473 8.60985C12.9473 8.92684 12.6878 9.1838 12.3676 9.1838H6.76329C6.4431 9.1838 6.18354 8.92684 6.18354 8.60985ZM3.67118 5.5483C3.67118 5.23132 3.93075 4.97436 4.25093 4.97436H4.63743C4.95762 4.97436 5.21719 5.23132 5.21719 5.5483C5.21719 5.86528 4.95762 6.12224 4.63743 6.12224H4.25093C3.93075 6.12224 3.67118 5.86528 3.67118 5.5483ZM4.25093 11.0961C3.93075 11.0961 3.67118 11.3531 3.67118 11.6701C3.67118 11.987 3.93075 12.244 4.25093 12.244H4.63743C4.95762 12.244 5.21719 11.987 5.21719 11.6701C5.21719 11.3531 4.95762 11.0961 4.63743 11.0961H4.25093ZM3.67118 8.60985C3.67118 8.29287 3.93075 8.03591 4.25093 8.03591H4.63743C4.95762 8.03591 5.21719 8.29287 5.21719 8.60985C5.21719 8.92684 4.95762 9.1838 4.63743 9.1838H4.25093C3.93075 9.1838 3.67118 8.92684 3.67118 8.60985ZM4.25093 14.157C3.93075 14.157 3.67118 14.414 3.67118 14.731C3.67118 15.0479 3.93075 15.3049 4.25093 15.3049H4.63743C4.95762 15.3049 5.21719 15.0479 5.21719 14.731C5.21719 14.414 4.95762 14.157 4.63743 14.157H4.25093Z" fill="#EB0203"></path>
                    <path fill-rule="evenodd" clip-rule="evenodd" d="M14.6252 13.6363C13.4918 12.6215 11.7817 12.5264 10.6569 13.4792C9.12421 14.7764 9.34841 16.8912 10.4409 18.0122L14.0159 21.6742C14.2197 21.8832 14.4928 22 14.7822 22C15.0737 22 15.3448 21.8852 15.5486 21.6762L19.1236 18.0142C20.214 16.8933 20.4423 14.7785 18.9075 13.4792C17.7827 12.5283 16.0724 12.6217 14.9391 13.6365C14.8855 13.6845 14.8331 13.7345 14.7822 13.7866C14.7313 13.7345 14.6789 13.6843 14.6252 13.6363ZM18.1546 14.3522C19.0973 15.1508 18.9962 16.4896 18.2891 17.2173C18.2888 17.2175 18.2886 17.2177 18.2884 17.218L14.7832 20.8084L11.2753 17.2151C11.2752 17.215 11.2751 17.2149 11.2749 17.2148C10.5677 16.4887 10.4678 15.1495 11.4104 14.3518L11.4108 14.3514C12.0745 13.7892 13.2018 13.82 13.9488 14.5846L14.7822 15.4378L15.6157 14.5846C16.3617 13.8211 17.4896 13.79 18.1545 14.3521" fill="#EB0203"></path>
                    </svg>
                    <svg class="inactive-content" width="100%" height="100%" viewBox="0 0 20 23" fill="none" xmlns="http://www.w3.org/2000/svg">
                    <path fill-rule="evenodd" clip-rule="evenodd" d="M6.18408 5.77914C6.18408 5.46223 6.44363 5.20532 6.7638 5.20532H12.3678C12.6879 5.20532 12.9475 5.46223 12.9475 5.77914C12.9475 6.09606 12.6879 6.35297 12.3678 6.35297H6.7638C6.44363 6.35297 6.18408 6.09606 6.18408 5.77914Z" fill="#EB0203"></path>
                    <path fill-rule="evenodd" clip-rule="evenodd" d="M6.18408 11.9034C6.18408 11.5865 6.44363 11.3296 6.7638 11.3296H12.3678C12.6879 11.3296 12.9475 11.5865 12.9475 11.9034C12.9475 12.2202 12.6879 12.4771 12.3678 12.4771H6.7638C6.44363 12.4771 6.18408 12.2202 6.18408 11.9034Z" fill="#EB0203"></path>
                    <path fill-rule="evenodd" clip-rule="evenodd" d="M6.18408 8.84116C6.18408 8.52424 6.44363 8.26733 6.7638 8.26733H12.3678C12.6879 8.26733 12.9475 8.52424 12.9475 8.84116C12.9475 9.15807 12.6879 9.41498 12.3678 9.41498H6.7638C6.44363 9.41498 6.18408 9.15807 6.18408 8.84116Z" fill="#EB0203"></path>
                    <path fill-rule="evenodd" clip-rule="evenodd" d="M6.18408 14.9655C6.18408 14.6486 6.44363 14.3917 6.7638 14.3917H10.1455C10.4657 14.3917 10.7252 14.6486 10.7252 14.9655C10.7252 15.2825 10.4657 15.5394 10.1455 15.5394H6.7638C6.44363 15.5394 6.18408 15.2825 6.18408 14.9655Z" fill="#EB0203"></path>
                    <path fill-rule="evenodd" clip-rule="evenodd" d="M3.67139 5.77914C3.67139 5.46223 3.93094 5.20532 4.25111 5.20532H4.63759C4.95776 5.20532 5.21731 5.46223 5.21731 5.77914C5.21731 6.09606 4.95776 6.35297 4.63759 6.35297H4.25111C3.93094 6.35297 3.67139 6.09606 3.67139 5.77914Z" fill="#EB0203"></path>
                    <path fill-rule="evenodd" clip-rule="evenodd" d="M3.67139 11.9034C3.67139 11.5865 3.93094 11.3296 4.25111 11.3296H4.63759C4.95776 11.3296 5.21731 11.5865 5.21731 11.9034C5.21731 12.2202 4.95776 12.4771 4.63759 12.4771H4.25111C3.93094 12.4771 3.67139 12.2202 3.67139 11.9034Z" fill="#EB0203"></path>
                    <path fill-rule="evenodd" clip-rule="evenodd" d="M3.67139 8.84116C3.67139 8.52424 3.93094 8.26733 4.25111 8.26733H4.63759C4.95776 8.26733 5.21731 8.52424 5.21731 8.84116C5.21731 9.15807 4.95776 9.41498 4.63759 9.41498H4.25111C3.93094 9.41498 3.67139 9.15807 3.67139 8.84116Z" fill="#EB0203"></path>
                    <path fill-rule="evenodd" clip-rule="evenodd" d="M3.67139 14.9655C3.67139 14.6486 3.93094 14.3917 4.25111 14.3917H4.63759C4.95776 14.3917 5.21731 14.6486 5.21731 14.9655C5.21731 15.2825 4.95776 15.5394 4.63759 15.5394H4.25111C3.93094 15.5394 3.67139 15.2825 3.67139 14.9655Z" fill="#EB0203"></path>
                    <path fill-rule="evenodd" clip-rule="evenodd" d="M0 1.76033C0 0.914738 0.692131 0.229248 1.54592 0.229248H15.0727C15.9265 0.229248 16.6186 0.914738 16.6186 1.76033V11.2818C16.6186 11.5989 16.3591 11.8559 16.0389 11.8559C15.7187 11.8559 15.4592 11.5989 15.4592 11.2818V1.76033C15.4592 1.54893 15.2862 1.37756 15.0727 1.37756H1.54592C1.33247 1.37756 1.15944 1.54893 1.15944 1.76033V18.985C1.15944 19.1964 1.33247 19.3678 1.54592 19.3678H9.27551C9.59568 19.3678 9.85523 19.6249 9.85523 19.942C9.85523 20.2591 9.59568 20.5161 9.27551 20.5161H1.54592C0.692131 20.5161 0 19.8306 0 18.985V1.76033Z" fill="#EB0203"></path>
                    <path fill-rule="evenodd" clip-rule="evenodd" d="M14.6254 13.8718C13.4921 12.8567 11.7821 12.7615 10.6574 13.7147C9.12472 15.0124 9.34891 17.128 10.4413 18.2493L14.0161 21.9126C14.2199 22.1217 14.493 22.2386 14.7824 22.2386C15.0739 22.2386 15.3449 22.1238 15.5487 21.9147L19.1235 18.2514C20.2139 17.13 20.4422 15.0144 18.9075 13.7147C17.7827 12.7634 16.0726 12.8569 14.9392 13.872C14.8856 13.92 14.8333 13.9701 14.7824 14.0222C14.7314 13.97 14.6791 13.9199 14.6254 13.8718ZM18.1546 14.588C19.0972 15.3869 18.9961 16.7262 18.2891 17.4541C18.2888 17.4543 18.2886 17.4546 18.2884 17.4548L14.7834 21.0466L11.2757 17.452C11.2756 17.4519 11.2755 17.4517 11.2753 17.4516C10.5681 16.7252 10.4682 15.3856 11.4108 14.5876L11.4112 14.5872C12.0748 14.0248 13.202 14.0556 13.949 14.8205L14.7824 15.674L15.6158 14.8205C16.3618 14.0567 17.4896 14.0256 18.1545 14.5879" fill="#EB0203"></path>
                    </svg>
                    </button>
                    </div>
                    </div>
                    <p class="ct-tile--brand">Autêntico</p>
                    <p class="ct-tile--quantity">emb. 75 cl</p>
                    </div>
                    <div class="ct-tile-bottom row no-gutters justify-content-between">
                    <div class="ct-price-wrap col-8 col-sm-12">
                    <div class="price js-product-price">
                    <div class="prices-wrapper">
                    <span class="sales ct-tile--price-primary ">
                    <span class="value" content="1.29">
                    <span class="ct-price-formatted">
                    €1,29
                    </span>
                    <span class="ct-m-unit">
                    /un
                    </span>
                    </span>
                    </span>
                    </div>
                    <div class="ct-tile--price-secondary">
                    <span class="ct-price-value">
                    €1,72
                    </span>
                    <span class="ct-m-unit">
                    /lt
                    </span>
                    </div>
                    </div>
                    </div>
                    <div class="ct-tile-buy-section d-flex justify-content-center no-gutters col-auto col-sm-12">
                     <div class="col-2 d-sm-flex d-none">
                    <button class="wishlist-toggler guest-mode inactive button button--tertiary" data-pid="6924791" data-add-url="https://www.continente.pt/on/demandware.store/Sites-continente-Site/default/Wishlist-AddProduct?pid=6924791" data-toggle="tooltip" aria-label="Adicionar aos favoritos " data-original-title="Adicionar aos favoritos" data-placement="top">
                    <svg class="active-content" width="100%" height="100%" viewBox="0 0 20 22" fill="none" xmlns="http://www.w3.org/2000/svg">
                    <path fill-rule="evenodd" clip-rule="evenodd" d="M0 1.53052C0 0.685236 0.692171 0 1.54601 0H15.0736C15.9274 0 16.6196 0.685235 16.6196 1.53052V13.4064L15.8127 13.922L14.2658 14.2658L12.7189 13.4064L10.6054 14.3818C10.4994 14.2451 10.3327 14.157 10.1452 14.157H6.76329C6.4431 14.157 6.18354 14.414 6.18354 14.731C6.18354 15.0479 6.4431 15.3049 6.76329 15.3049H10.1452C10.2478 15.3049 10.3441 15.2785 10.4277 15.2322L10.3126 16.8439L13.2345 20.2793H1.54601C0.69217 20.2793 0 19.5941 0 18.7488V1.53052ZM6.18354 5.5483C6.18354 5.23132 6.4431 4.97436 6.76329 4.97436H12.3676C12.6878 4.97436 12.9473 5.23132 12.9473 5.5483C12.9473 5.86528 12.6878 6.12224 12.3676 6.12224H6.76329C6.4431 6.12224 6.18354 5.86528 6.18354 5.5483ZM6.76329 11.0961C6.4431 11.0961 6.18354 11.3531 6.18354 11.6701C6.18354 11.987 6.4431 12.244 6.76329 12.244H12.3676C12.6878 12.244 12.9473 11.987 12.9473 11.6701C12.9473 11.3531 12.6878 11.0961 12.3676 11.0961H6.76329ZM6.18354 8.60985C6.18354 8.29287 6.4431 8.03591 6.76329 8.03591H12.3676C12.6878 8.03591 12.9473 8.29287 12.9473 8.60985C12.9473 8.92684 12.6878 9.1838 12.3676 9.1838H6.76329C6.4431 9.1838 6.18354 8.92684 6.18354 8.60985ZM3.67118 5.5483C3.67118 5.23132 3.93075 4.97436 4.25093 4.97436H4.63743C4.95762 4.97436 5.21719 5.23132 5.21719 5.5483C5.21719 5.86528 4.95762 6.12224 4.63743 6.12224H4.25093C3.93075 6.12224 3.67118 5.86528 3.67118 5.5483ZM4.25093 11.0961C3.93075 11.0961 3.67118 11.3531 3.67118 11.6701C3.67118 11.987 3.93075 12.244 4.25093 12.244H4.63743C4.95762 12.244 5.21719 11.987 5.21719 11.6701C5.21719 11.3531 4.95762 11.0961 4.63743 11.0961H4.25093ZM3.67118 8.60985C3.67118 8.29287 3.93075 8.03591 4.25093 8.03591H4.63743C4.95762 8.03591 5.21719 8.29287 5.21719 8.60985C5.21719 8.92684 4.95762 9.1838 4.63743 9.1838H4.25093C3.93075 9.1838 3.67118 8.92684 3.67118 8.60985ZM4.25093 14.157C3.93075 14.157 3.67118 14.414 3.67118 14.731C3.67118 15.0479 3.93075 15.3049 4.25093 15.3049H4.63743C4.95762 15.3049 5.21719 15.0479 5.21719 14.731C5.21719 14.414 4.95762 14.157 4.63743 14.157H4.25093Z" fill="#EB0203"></path>
                    <path fill-rule="evenodd" clip-rule="evenodd" d="M14.6252 13.6363C13.4918 12.6215 11.7817 12.5264 10.6569 13.4792C9.12421 14.7764 9.34841 16.8912 10.4409 18.0122L14.0159 21.6742C14.2197 21.8832 14.4928 22 14.7822 22C15.0737 22 15.3448 21.8852 15.5486 21.6762L19.1236 18.0142C20.214 16.8933 20.4423 14.7785 18.9075 13.4792C17.7827 12.5283 16.0724 12.6217 14.9391 13.6365C14.8855 13.6845 14.8331 13.7345 14.7822 13.7866C14.7313 13.7345 14.6789 13.6843 14.6252 13.6363ZM18.1546 14.3522C19.0973 15.1508 18.9962 16.4896 18.2891 17.2173C18.2888 17.2175 18.2886 17.2177 18.2884 17.218L14.7832 20.8084L11.2753 17.2151C11.2752 17.215 11.2751 17.2149 11.2749 17.2148C10.5677 16.4887 10.4678 15.1495 11.4104 14.3518L11.4108 14.3514C12.0745 13.7892 13.2018 13.82 13.9488 14.5846L14.7822 15.4378L15.6157 14.5846C16.3617 13.8211 17.4896 13.79 18.1545 14.3521" fill="#EB0203"></path>
                    </svg>
                    <svg class="inactive-content" width="100%" height="100%" viewBox="0 0 20 23" fill="none" xmlns="http://www.w3.org/2000/svg">
                    <path fill-rule="evenodd" clip-rule="evenodd" d="M6.18408 5.77914C6.18408 5.46223 6.44363 5.20532 6.7638 5.20532H12.3678C12.6879 5.20532 12.9475 5.46223 12.9475 5.77914C12.9475 6.09606 12.6879 6.35297 12.3678 6.35297H6.7638C6.44363 6.35297 6.18408 6.09606 6.18408 5.77914Z" fill="#EB0203"></path>
                    <path fill-rule="evenodd" clip-rule="evenodd" d="M6.18408 11.9034C6.18408 11.5865 6.44363 11.3296 6.7638 11.3296H12.3678C12.6879 11.3296 12.9475 11.5865 12.9475 11.9034C12.9475 12.2202 12.6879 12.4771 12.3678 12.4771H6.7638C6.44363 12.4771 6.18408 12.2202 6.18408 11.9034Z" fill="#EB0203"></path>
                    <path fill-rule="evenodd" clip-rule="evenodd" d="M6.18408 8.84116C6.18408 8.52424 6.44363 8.26733 6.7638 8.26733H12.3678C12.6879 8.26733 12.9475 8.52424 12.9475 8.84116C12.9475 9.15807 12.6879 9.41498 12.3678 9.41498H6.7638C6.44363 9.41498 6.18408 9.15807 6.18408 8.84116Z" fill="#EB0203"></path>
                    <path fill-rule="evenodd" clip-rule="evenodd" d="M6.18408 14.9655C6.18408 14.6486 6.44363 14.3917 6.7638 14.3917H10.1455C10.4657 14.3917 10.7252 14.6486 10.7252 14.9655C10.7252 15.2825 10.4657 15.5394 10.1455 15.5394H6.7638C6.44363 15.5394 6.18408 15.2825 6.18408 14.9655Z" fill="#EB0203"></path>
                    <path fill-rule="evenodd" clip-rule="evenodd" d="M3.67139 5.77914C3.67139 5.46223 3.93094 5.20532 4.25111 5.20532H4.63759C4.95776 5.20532 5.21731 5.46223 5.21731 5.77914C5.21731 6.09606 4.95776 6.35297 4.63759 6.35297H4.25111C3.93094 6.35297 3.67139 6.09606 3.67139 5.77914Z" fill="#EB0203"></path>
                    <path fill-rule="evenodd" clip-rule="evenodd" d="M3.67139 11.9034C3.67139 11.5865 3.93094 11.3296 4.25111 11.3296H4.63759C4.95776 11.3296 5.21731 11.5865 5.21731 11.9034C5.21731 12.2202 4.95776 12.4771 4.63759 12.4771H4.25111C3.93094 12.4771 3.67139 12.2202 3.67139 11.9034Z" fill="#EB0203"></path>
                    <path fill-rule="evenodd" clip-rule="evenodd" d="M3.67139 8.84116C3.67139 8.52424 3.93094 8.26733 4.25111 8.26733H4.63759C4.95776 8.26733 5.21731 8.52424 5.21731 8.84116C5.21731 9.15807 4.95776 9.41498 4.63759 9.41498H4.25111C3.93094 9.41498 3.67139 9.15807 3.67139 8.84116Z" fill="#EB0203"></path>
                    <path fill-rule="evenodd" clip-rule="evenodd" d="M3.67139 14.9655C3.67139 14.6486 3.93094 14.3917 4.25111 14.3917H4.63759C4.95776 14.3917 5.21731 14.6486 5.21731 14.9655C5.21731 15.2825 4.95776 15.5394 4.63759 15.5394H4.25111C3.93094 15.5394 3.67139 15.2825 3.67139 14.9655Z" fill="#EB0203"></path>
                    <path fill-rule="evenodd" clip-rule="evenodd" d="M0 1.76033C0 0.914738 0.692131 0.229248 1.54592 0.229248H15.0727C15.9265 0.229248 16.6186 0.914738 16.6186 1.76033V11.2818C16.6186 11.5989 16.3591 11.8559 16.0389 11.8559C15.7187 11.8559 15.4592 11.5989 15.4592 11.2818V1.76033C15.4592 1.54893 15.2862 1.37756 15.0727 1.37756H1.54592C1.33247 1.37756 1.15944 1.54893 1.15944 1.76033V18.985C1.15944 19.1964 1.33247 19.3678 1.54592 19.3678H9.27551C9.59568 19.3678 9.85523 19.6249 9.85523 19.942C9.85523 20.2591 9.59568 20.5161 9.27551 20.5161H1.54592C0.692131 20.5161 0 19.8306 0 18.985V1.76033Z" fill="#EB0203"></path>
                    <path fill-rule="evenodd" clip-rule="evenodd" d="M14.6254 13.8718C13.4921 12.8567 11.7821 12.7615 10.6574 13.7147C9.12472 15.0124 9.34891 17.128 10.4413 18.2493L14.0161 21.9126C14.2199 22.1217 14.493 22.2386 14.7824 22.2386C15.0739 22.2386 15.3449 22.1238 15.5487 21.9147L19.1235 18.2514C20.2139 17.13 20.4422 15.0144 18.9075 13.7147C17.7827 12.7634 16.0726 12.8569 14.9392 13.872C14.8856 13.92 14.8333 13.9701 14.7824 14.0222C14.7314 13.97 14.6791 13.9199 14.6254 13.8718ZM18.1546 14.588C19.0972 15.3869 18.9961 16.7262 18.2891 17.4541C18.2888 17.4543 18.2886 17.4546 18.2884 17.4548L14.7834 21.0466L11.2757 17.452C11.2756 17.4519 11.2755 17.4517 11.2753 17.4516C10.5681 16.7252 10.4682 15.3856 11.4108 14.5876L11.4112 14.5872C12.0748 14.0248 13.202 14.0556 13.949 14.8205L14.7824 15.674L15.6158 14.8205C16.3618 14.0567 17.4896 14.0256 18.1545 14.5879" fill="#EB0203"></path>
                    </svg>
                    </button>
                    </div>
                    <div class="col-sm-10 col-12">
                    <div class="ct-tile-quantity d-none" data-pid="6924791">
                    <input type="hidden" class="add-to-cart-url" value="https://www.continente.pt/on/demandware.store/Sites-continente-Site/default/Cart-AddProduct">
                    <div class="d-none tile-delete-confirmation-btn" data-pid="6924791" data-delay-time="3000" data-in-cart-msg="no carrinho" data-one-product-added="Adicionado ao carrinho" data-remove-from-cart-msg="Removido do carrinho" data-stay-open="6000.0" data-confirmation-image="{&quot;url&quot;:&quot;https://www.continente.pt/dw/image/v2/BDVS_PRD/on/demandware.static/-/Sites-col-master-catalog/default/dwa6f1f564/images/col/692/6924791-hero.jpg?sw=87&amp;sh=80&quot;,&quot;fallbackimage&quot;:{&quot;url&quot;:&quot;https://www.continente.pt/dw/image/v2/BDVS_PRD/on/demandware.static/Sites-continente-Site/-/default/dw7c42b4da/images/noimagelarge_product.png?sw=87&amp;sh=80&quot;,&quot;title&quot;:&quot;Sumo Laranja com Polpa&quot;,&quot;alt&quot;:&quot;Sumo Laranja com Polpa&quot;},&quot;title&quot;:&quot;Sumo Laranja com Polpa&quot;,&quot;alt&quot;:&quot;Sumo Laranja com Polpa&quot;}"></div>
                    <div class="ct-tile-quantity-update quantity-update product-qty-vue" data-remove-action="https://www.continente.pt/on/demandware.store/Sites-continente-Site/default/Cart-RemoveProductLineItem" data-action="https://www.continente.pt/on/demandware.store/Sites-continente-Site/default/Cart-UpdateQuantity" data-dimension-update="https://www.continente.pt/on/demandware.store/Sites-continente-Site/default/Cart-DimensionUpdate" data-pid="6924791" data-uuid="a1a1bac9cae5870d4c9b95970a" data-add-delay="500.0" data-measure-options="{&quot;hasConversionRate&quot;:false,&quot;hasAlternativeSaleUnit&quot;:false,&quot;unitConversionRate&quot;:0,&quot;minOrderQuantity&quot;:1,&quot;stepQuantity&quot;:1,&quot;primaryunit&quot;:&quot;un&quot;,&quot;secondaryunit&quot;:&quot;lt&quot;,&quot;selectedunit&quot;:&quot;primary&quot;,&quot;maxNumberOfUnitsPerSale&quot;:65}" data-price-available="null" :data-has-error="isMaxQtyReached || isMinQtyReached || qtySelectedMoreThanOne">
                    <template v-show="prodUnits">
                    <div class="quantity-input-wrapper has-units">
                    <label class="visually-hidden" :for="'quantity-' + pid + additionalTag">
                    Quantidade no carrinho
                    </label>
                    <input :ref="'quantityInput-' + pid + additionalTag" class="add-to-cart-quantity form-control ct-form-input text-center" inputmode="numeric" :class="{'is-invalid': isInvalid}" :data-pid="pid + additionalTag" :name="'quantity-' + pid + additionalTag" type="text" aria-label="Insira a quantidade" title="" v-model="displayValue" @change="updateQuantity" @focus="updateQtyFormat" @blur="restoreQtyFormat" :disabled="!isPriceAvailable">
                    <span class="quantity-icon quantity-icon--minus">
                    <button class="decrease-quantity-btn" @click="updateQuantity" :disabled="!isPriceAvailable" role="button" aria-label="Reduzir quantidade">
                    <i class="css-math-minus"></i>
                    </button>
                    </span>
                    <span class="quantity-icon quantity-icon--plus">
                    <button class="increase-quantity-btn" @click="updateQuantity" :disabled="isMaxQtyReached || !isPriceAvailable" role="button" aria-label="Aumentar quantidade">
                    <i class="css-math-plus"></i>
                    </button>
                    <span class="quantity-btn-disabled-placeholder"></span>
                    </span>
                    <template v-if="isPDP">
                    <span class="quantity-error ct-span-error text-sm-center product-max-allocation" v-if="isMaxQtyReached">
                    Quantidade máxima atingida
                    </span>
                    <span class="quantity-error ct-span-product text-sm-center product-allocation" v-if="!isMinQtyReached &amp;&amp; !isMaxQtyReached">
                    {{quantitySelected}} no carrinho
                     </span>
                    <span class="quantity-error ct-span-error text-sm-center product-min-allocation" :data-pid="pid" v-if="isMinQtyReached &amp;&amp; !isMaxQtyReached">
                    Quantidade mínima atingida
                    </span>
                    </template>
                    </div>
                    <template v-if="showNotes">
                    <div class="add-note-link-container ">
                    <div class="add-note">
                    <a href="/produto/sumo-laranja-com-polpa-autentico-6924791.html?showNote=true" class="ct-add-note-redirect-pdp" aria-label="Adicionar comentário">
                    <span class="svg-wrapper svg-icon-notes" style="width:19px; height:20px">
                    <svg class="svg-inline icon-notes" viewBox="0 0 28 30" xmlns="http://www.w3.org/2000/svg" width="100%" height="100%"><path d="M21.738 0C22.985 0 24 1.04 24 2.319V12.47c0 .469-.37.848-.828.848-.457 0-.827-.38-.827-.848V2.32c0-.343-.273-.622-.607-.622H2.262c-.334 0-.607.279-.607.622V27.68c0 .343.273.622.607.622h7.81c.457 0 .827.38.827.849 0 .468-.37.848-.827.848h-7.81C1.015 30 0 28.96 0 27.681V2.32C0 1.04 1.015 0 2.262 0h19.476zm2.844 16.004l.227.007c.823.053 1.589.39 2.176.964.64.627.993 1.46.993 2.349 0 .888-.353 1.722-.993 2.348l-6.83 6.665c-.11.108-.247.186-.397.226l-5.032 1.363c-.078.021-.16.032-.241.032-.242 0-.478-.097-.647-.266-.23-.231-.314-.566-.218-.874l1.49-4.798c.044-.139.122-.266.227-.369l6.844-6.677c.64-.625 1.493-.97 2.401-.97zm-2.886 3.94l-4.922 4.802-.947 3.048 3.22-.872 4.897-4.78-2.248-2.197zm2.887-2.174c-.425 0-.824.162-1.124.455l-.484.472 2.248 2.197.484-.472c.62-.606.62-1.591 0-2.197l-.117-.104c-.283-.227-.636-.35-1.007-.35zm-10.839.022c.498 0 .904.396.904.883 0 .488-.406.884-.904.884H5.946c-.499 0-.904-.396-.904-.884 0-.487.405-.883.904-.883zm5.042-4.876c.498 0 .904.397.904.884s-.406.884-.904.884H5.946c-.499 0-.904-.397-.904-.884s.405-.884.904-.884zm0-4.875c.498 0 .904.396.904.884 0 .487-.406.883-.904.883H5.946c-.499 0-.904-.396-.904-.883 0-.488.405-.884.904-.884z" fill="#EB0203" fill-rule="evenodd"></path></svg>
                    </span>
                    <div class="available-note d-none"></div>
                    </a>
                    </div>
                    </div>
                    </template>
                    <div class="measurement-unit-section" v-if="isPriceAvailable &amp;&amp; prodUnits ? prodUnits.hasAlternativeUnit : false">
                    <div class="ct-form-radio" @click="setDimension">
                    <input type="radio" title="" class="ct-form-check-input product-measurement-unit" :data-type="prodUnits.selectedUnit == prodUnits.secondaryUnit ? 'primary' : ''" :id="prodUnits.secondaryUnit + '-' + pid + '-measurement-unit-ptile' + additionalTag" :name="'measurement-unit-' + pid + '-ptile' + additionalTag" :value="prodUnits.secondaryUnit" v-model="prodUnits.selectedUnit">
                    <label :class="prodUnits.secondaryUnit + '-label ct-form-check-label mb-0'" :for="prodUnits.secondaryUnit + '-' + pid + '-measurement-unit-ptile' + additionalTag">
                    {{prodUnits.secondaryUnit}}
                    </label>
                    <span class="checkmark"></span>
                    </div>
                    <div class="ct-form-radio" @click="setDimension">
                    <input type="radio" title="" class="ct-form-check-input product-measurement-unit" :data-type="prodUnits.selectedUnit == prodUnits.primaryUnit ? 'primary' : ''" :id="prodUnits.primaryUnit + '-' + pid + '-measurement-unit-ptile' + additionalTag" :name="'measurement-unit-' + pid + '-ptile' + additionalTag" :value="prodUnits.primaryUnit" v-model="prodUnits.selectedUnit">
                    <label :class="prodUnits.primaryUnit + '-label ct-form-check-label mb-0'" :for="prodUnits.primaryUnit + '-' + pid + '-measurement-unit-ptile' + additionalTag">
                    {{prodUnits.primaryUnit}}
                    </label>
                    <span class="checkmark"></span>
                    </div>
                    </div>
                    <template v-if="!isPDP &amp;&amp; isPriceAvailable">
                    <span class="quantity-error ct-span-error product-max-allocation" v-if="isMaxQtyReached">
                    Quantidade máxima atingida
                    </span>
                    <span class="quantity-error ct-span-product product-allocation" v-if="!isMinQtyReached &amp;&amp; !isMaxQtyReached">
                    {{quantitySelected}} no carrinho
                    </span>
                    <span class="quantity-error ct-span-error product-min-allocation" :data-pid="pid" v-if="isMinQtyReached &amp;&amp; !isMaxQtyReached">
                    Quantidade mínima atingida
                    </span>
                    </template>
                    </template>
                    </div>
                    <input class="quantity-value-mask d-none" name="quantity" type="number" min="0" value="">
                    </div>
                    <button type="button" class="add-to-cart button js-add-to-cart js-add-to-cart-tile 6924791 button--primary dynamic-layout-btn" data-toggle="modal" data-target="#chooseBonusProductModal" data-pid="6924791" data-quantity-value="null" aria-label="Carrinho">
                    <span class="d-block d-sm-none">
                    <span class="svg-wrapper svg-icon-cart" style="width:20px; height:20px">
                    <svg class="svg-inline icon-cart" xmlns="http://www.w3.org/2000/svg" viewBox="0 0 500 500" width="100%" height="100%"><path fill="#EB0203" fill-rule="evenodd" d="M 485.67317,94.386311 C 476.37798,83.847129 463.09468,78.03348 448.30404,78.03348 H 90.690813 L 87.079511,51.327997 C 83.185582,22.539551 62.962285,0 41.011841,0 H 14.727836 C 6.563151,0 0,6.5286975 0,14.580758 c 0,8.05206 6.5945535,14.580758 14.727836,14.580758 h 26.284005 c 4.710398,0 14.696435,9.855222 16.894619,26.021523 L 100.01739,368.0631 c 1.88416,13.77244 9.01256,26.70549 20.1605,36.37417 8.25889,7.15046 18.02511,11.9071 28.26237,13.89679 -4.17655,7.58572 -6.53175,16.25957 -6.53175,25.493 0,29.53459 24.27424,53.59751 54.13815,53.59751 29.8325,0 54.13814,-24.03184 54.13814,-53.59751 0,-8.79818 -2.19818,-17.09897 -5.9979,-24.43598 h 77.12488 c -3.79973,7.33701 -5.96652,15.6378 -5.96652,24.43598 0,29.53459 24.27424,53.59751 54.13817,53.59751 29.83249,0 54.13814,-24.03184 54.13814,-53.59751 0,-8.79818 -2.1982,-17.09897 -5.9979,-24.43598 h 38.56243 c 8.13328,0 14.72783,-6.5287 14.72783,-14.61183 0,-8.02098 -6.59455,-14.54967 -14.72783,-14.54967 H 159.24277 c -14.38241,0 -28.13677,-11.90711 -30.02092,-26.02153 l -3.07746,-22.88154 h 290.6314 c 14.03698,0 27.94834,-5.28513 39.06488,-14.95381 11.11652,-9.6376 18.27632,-22.57065 20.16048,-36.37417 l 21.10259,-156.78201 c 1.94694,-14.51858 -2.10398,-28.29103 -11.43057,-38.861299 z M 220.76053,443.82706 c 0,13.49265 -11.08513,24.46709 -24.68247,24.46709 -13.62874,0 -24.71387,-10.97444 -24.71387,-24.46709 0,-13.49262 11.08513,-24.43598 24.71387,-24.43598 13.59734,0 24.68247,10.94336 24.68247,24.43598 z m 173.43675,0 c 0,13.49265 -11.08512,24.46709 -24.68245,24.46709 -13.62876,0 -24.71388,-10.97444 -24.71388,-24.46709 0,-13.49262 11.08512,-24.43598 24.71388,-24.43598 13.59733,0 24.68245,10.94336 24.68245,24.43598 z m 73.7648,-314.46558 -21.13397,156.782 c -1.88416,14.11442 -15.63851,26.05261 -30.02091,26.05261 H 122.25046 L 94.616142,107.19499 H 448.33544 c 6.18632,0 11.61896,2.2695 15.23028,6.37326 3.64269,4.13484 5.21283,9.73086 4.39636,15.79323 z"></path></svg>
                    </span>
                    </span>
                    <span class="add-to-cart--text d-none d-sm-block">Carrinho</span>
                    
                    </button>
                    </div>
                    </div>
                    </div>
                    </div>
                    
                    <div class="col-12 d-sm-none">
                    </div>
                    </div>
                    </div>
                    </div>
                    </div>
                    <div class="col-12 col-sm-3 col-lg-2 productTile" data-idx="33">
                    
                    <script type="text/javascript">//<!--
                    /* <![CDATA[ */
                    (function(){
                    try {
                        if(window.CQuotient) {
                        var cq_params = {};
                        
                        cq_params.cookieId = window.CQuotient.getCQCookieId();
                        cq_params.userId = window.CQuotient.getCQUserId();
                        cq_params.emailId = CQuotient.getCQHashedEmail();
                        cq_params.loginId = CQuotient.getCQHashedLogin();
                        cq_params.accumulate = true;
                        cq_params.products = [{
                            id: '7325792',
                            sku: ''
                        }];
                        cq_params.categoryId = 'refeicoes-faceis';
                        cq_params.refinements = '[{\"name\":\"priceMin\",\"value\":\"0.01\"},{\"name\":\"priceMax\",\"value\":\"null\"},{\"name\":\"curr\",\"value\":\"EUR\"},{\"name\":\"Category\",\"value\":\"refeicoes-faceis\"}]';
                        cq_params.personalized = 'false';
                        cq_params.sortingRule = 'FRESH-Refei\u00E7\u00F5es F\u00E1ceis';
                        cq_params.imageUUID = '__UNDEFINED__';
                        cq_params.realm = "BDVS";
                        cq_params.siteId = "continente";
                        cq_params.instanceType = "prd";
                        cq_params.queryLocale = "default";
                        cq_params.locale = window.CQuotient.locale;
                        
                        if(window.CQuotient.sendActivity)
                            window.CQuotient.sendActivity(CQuotient.clientId, 'viewCategory', cq_params);
                        else
                            window.CQuotient.activities.push({
                                activityType: 'viewCategory',
                                parameters: cq_params
                            });
                      }
                    } catch(err) {}
                    })();
                    /* ]]> */
                    // -->
                    </script>
                    <script type="text/javascript">//<!--
                    /* <![CDATA[ (viewCategoryProduct-active_data.js) */
                    (function(){
                    try {
                        if (dw.ac) {
                            var search_params = {};
                            search_params.persd = 'false';
                            search_params.refs = '[{\"name\":\"priceMin\",\"value\":\"0.01\"},{\"name\":\"priceMax\",\"value\":\"null\"},{\"name\":\"curr\",\"value\":\"EUR\"},{\"name\":\"Category\",\"value\":\"refeicoes-faceis\"}]';
                            search_params.sort = 'FRESH-Refei\u00E7\u00F5es F\u00E1ceis';
                            search_params.imageUUID = '';
                            search_params.searchID = 'adc2ebee-ded6-4d71-a833-c4f63de27d3e';
                            search_params.locale = 'default';
                            search_params.queryLocale = 'default';
                            search_params.showProducts = 'true';
                            dw.ac.applyContext({category: "refeicoes-faceis", searchData: search_params});
                            if (typeof dw.ac._scheduleDataSubmission === "function") {
                                dw.ac._scheduleDataSubmission();
                            }
                        }
                    } catch(err) {}
                    })();
                    /* ]]> */
                    // -->
                    </script>
                    <script type="text/javascript">//<!--
                    /* <![CDATA[ (viewProduct-active_data.js) */
                    dw.ac._capture({id: "7325792", type: "searchhit"});
                    /* ]]> */
                    // -->
                    </script>
                    <div class="product" data-pid="7325792">
                    <div class="product-tile pid-7325792 ct-product-tile data-layer-pushed" data-delay-time="3000" data-variants-mapping="[]" data-in-cart-msg="no carrinho" data-one-product-added="Adicionado ao carrinho" data-remove-from-cart-msg="Removido do carrinho" data-stay-open="6000.0" data-product-tile-impression="{&quot;name&quot;:&quot;7325792&quot;,&quot;id&quot;:&quot;7325792&quot;,&quot;price&quot;:6.69,&quot;brand&quot;:&quot;Prime Meat&quot;,&quot;category&quot;:[{&quot;category_level_1&quot;:&quot;Peixaria e Talho&quot;},{&quot;category_level_2&quot;:&quot;Talho&quot;},{&quot;category_level_3&quot;:&quot;Pronto a Cozinhar&quot;}],&quot;variant&quot;:&quot;&quot;}">
                    <div class="ct-inner-tile-wrap row no-gutters justify-content-center align-content-start">
                    
                    <div class="ct-image-container col-4 col-sm" data-confirmation-image="{&quot;url&quot;:&quot;https://www.continente.pt/dw/image/v2/BDVS_PRD/on/demandware.static/-/Sites-col-master-catalog/default/dw38e347c5/images/col/732/7325792-frente.jpg?sw=87&amp;sh=80&quot;,&quot;fallbackimage&quot;:{&quot;url&quot;:&quot;https://www.continente.pt/dw/image/v2/BDVS_PRD/on/demandware.static/Sites-continente-Site/-/default/dw7c42b4da/images/noimagelarge_product.png?sw=87&amp;sh=80&quot;,&quot;title&quot;:&quot;Hambúrguer 100% Carne de Bovino Angus Chakall&quot;,&quot;alt&quot;:&quot;Hambúrguer 100% Carne de Bovino Angus Chakall&quot;},&quot;title&quot;:&quot;Hambúrguer 100% Carne de Bovino Angus Chakall&quot;,&quot;alt&quot;:&quot;Hambúrguer 100% Carne de Bovino Angus Chakall&quot;}">
                    <a href="https://www.continente.pt/produto/hamburguer-100--carne-de-bovino-angus-chakall-prime-meat-7325792.html?cgid=refeicoes-faceis">
                    <picture class="intrinsic intrinsic--square">
                    <img class="ct-tile-image lazyloaded" loading="lazy" onerror="this.onerror=null;this.src='/on/demandware.static/Sites-continente-Site/-/default/dw7c42b4da/images/noimagelarge_product.png';" data-src="https://www.continente.pt/dw/image/v2/BDVS_PRD/on/demandware.static/-/Sites-col-master-catalog/default/dw38e347c5/images/col/732/7325792-frente.jpg?sw=280&amp;sh=280" alt="Hambúrguer 100% Carne de Bovino Angus Chakall" title="Hambúrguer 100% Carne de Bovino Angus Chakall" src="https://www.continente.pt/dw/image/v2/BDVS_PRD/on/demandware.static/-/Sites-col-master-catalog/default/dw38e347c5/images/col/732/7325792-frente.jpg?sw=280&amp;sh=280">
                    </picture>
                    </a>
                    <div class=" ct-product-tile-badge ct-product-tile-badge--general">
                    <img class="img-fluid ct-tooltip-trigger lazyloaded" loading="lazy" data-src="https://www.continente.pt/dw/image/v2/BDVS_PRD/on/demandware.static/-/Sites-continente-Library/default/dwf71400b7/images/badges/general/col/congelado.png?sw=25&amp;sh=25" alt="Crachá do produto" title="" data-toggle="tooltip" data-placement="right" data-original-title="Congelado" src="https://www.continente.pt/dw/image/v2/BDVS_PRD/on/demandware.static/-/Sites-continente-Library/default/dwf71400b7/images/badges/general/col/congelado.png?sw=25&amp;sh=25">
                    </div>
                    <div class="color-swatches d-flex" style="margin-left: 5px;">
                    <div class="swatches d-flex">
                    </div>
                    </div>
                    </div>
                    <div class="ct-tile-body col col-sm-auto ">
                    <div class="ct-pdp-details">
                    <div class="ct-pdp-link">
                    <a class="ct-tile--description" href="https://www.continente.pt/produto/hamburguer-100--carne-de-bovino-angus-chakall-prime-meat-7325792.html?cgid=refeicoes-faceis">Hambúrguer 100% Carne de Bovino Angus Chakall</a>
                    <div class="ct-tile--favorite-top d-sm-none">
                    <button class="wishlist-toggler guest-mode inactive button button--tertiary" data-pid="7325792" data-add-url="https://www.continente.pt/on/demandware.store/Sites-continente-Site/default/Wishlist-AddProduct?pid=7325792" data-toggle="tooltip" aria-label="Adicionar aos favoritos " data-original-title="Adicionar aos favoritos" data-placement="top">
                    <svg class="active-content" width="100%" height="100%" viewBox="0 0 20 22" fill="none" xmlns="http://www.w3.org/2000/svg">
                    <path fill-rule="evenodd" clip-rule="evenodd" d="M0 1.53052C0 0.685236 0.692171 0 1.54601 0H15.0736C15.9274 0 16.6196 0.685235 16.6196 1.53052V13.4064L15.8127 13.922L14.2658 14.2658L12.7189 13.4064L10.6054 14.3818C10.4994 14.2451 10.3327 14.157 10.1452 14.157H6.76329C6.4431 14.157 6.18354 14.414 6.18354 14.731C6.18354 15.0479 6.4431 15.3049 6.76329 15.3049H10.1452C10.2478 15.3049 10.3441 15.2785 10.4277 15.2322L10.3126 16.8439L13.2345 20.2793H1.54601C0.69217 20.2793 0 19.5941 0 18.7488V1.53052ZM6.18354 5.5483C6.18354 5.23132 6.4431 4.97436 6.76329 4.97436H12.3676C12.6878 4.97436 12.9473 5.23132 12.9473 5.5483C12.9473 5.86528 12.6878 6.12224 12.3676 6.12224H6.76329C6.4431 6.12224 6.18354 5.86528 6.18354 5.5483ZM6.76329 11.0961C6.4431 11.0961 6.18354 11.3531 6.18354 11.6701C6.18354 11.987 6.4431 12.244 6.76329 12.244H12.3676C12.6878 12.244 12.9473 11.987 12.9473 11.6701C12.9473 11.3531 12.6878 11.0961 12.3676 11.0961H6.76329ZM6.18354 8.60985C6.18354 8.29287 6.4431 8.03591 6.76329 8.03591H12.3676C12.6878 8.03591 12.9473 8.29287 12.9473 8.60985C12.9473 8.92684 12.6878 9.1838 12.3676 9.1838H6.76329C6.4431 9.1838 6.18354 8.92684 6.18354 8.60985ZM3.67118 5.5483C3.67118 5.23132 3.93075 4.97436 4.25093 4.97436H4.63743C4.95762 4.97436 5.21719 5.23132 5.21719 5.5483C5.21719 5.86528 4.95762 6.12224 4.63743 6.12224H4.25093C3.93075 6.12224 3.67118 5.86528 3.67118 5.5483ZM4.25093 11.0961C3.93075 11.0961 3.67118 11.3531 3.67118 11.6701C3.67118 11.987 3.93075 12.244 4.25093 12.244H4.63743C4.95762 12.244 5.21719 11.987 5.21719 11.6701C5.21719 11.3531 4.95762 11.0961 4.63743 11.0961H4.25093ZM3.67118 8.60985C3.67118 8.29287 3.93075 8.03591 4.25093 8.03591H4.63743C4.95762 8.03591 5.21719 8.29287 5.21719 8.60985C5.21719 8.92684 4.95762 9.1838 4.63743 9.1838H4.25093C3.93075 9.1838 3.67118 8.92684 3.67118 8.60985ZM4.25093 14.157C3.93075 14.157 3.67118 14.414 3.67118 14.731C3.67118 15.0479 3.93075 15.3049 4.25093 15.3049H4.63743C4.95762 15.3049 5.21719 15.0479 5.21719 14.731C5.21719 14.414 4.95762 14.157 4.63743 14.157H4.25093Z" fill="#EB0203"></path>
                    <path fill-rule="evenodd" clip-rule="evenodd" d="M14.6252 13.6363C13.4918 12.6215 11.7817 12.5264 10.6569 13.4792C9.12421 14.7764 9.34841 16.8912 10.4409 18.0122L14.0159 21.6742C14.2197 21.8832 14.4928 22 14.7822 22C15.0737 22 15.3448 21.8852 15.5486 21.6762L19.1236 18.0142C20.214 16.8933 20.4423 14.7785 18.9075 13.4792C17.7827 12.5283 16.0724 12.6217 14.9391 13.6365C14.8855 13.6845 14.8331 13.7345 14.7822 13.7866C14.7313 13.7345 14.6789 13.6843 14.6252 13.6363ZM18.1546 14.3522C19.0973 15.1508 18.9962 16.4896 18.2891 17.2173C18.2888 17.2175 18.2886 17.2177 18.2884 17.218L14.7832 20.8084L11.2753 17.2151C11.2752 17.215 11.2751 17.2149 11.2749 17.2148C10.5677 16.4887 10.4678 15.1495 11.4104 14.3518L11.4108 14.3514C12.0745 13.7892 13.2018 13.82 13.9488 14.5846L14.7822 15.4378L15.6157 14.5846C16.3617 13.8211 17.4896 13.79 18.1545 14.3521" fill="#EB0203"></path>
                    </svg>
                    <svg class="inactive-content" width="100%" height="100%" viewBox="0 0 20 23" fill="none" xmlns="http://www.w3.org/2000/svg">
                    <path fill-rule="evenodd" clip-rule="evenodd" d="M6.18408 5.77914C6.18408 5.46223 6.44363 5.20532 6.7638 5.20532H12.3678C12.6879 5.20532 12.9475 5.46223 12.9475 5.77914C12.9475 6.09606 12.6879 6.35297 12.3678 6.35297H6.7638C6.44363 6.35297 6.18408 6.09606 6.18408 5.77914Z" fill="#EB0203"></path>
                    <path fill-rule="evenodd" clip-rule="evenodd" d="M6.18408 11.9034C6.18408 11.5865 6.44363 11.3296 6.7638 11.3296H12.3678C12.6879 11.3296 12.9475 11.5865 12.9475 11.9034C12.9475 12.2202 12.6879 12.4771 12.3678 12.4771H6.7638C6.44363 12.4771 6.18408 12.2202 6.18408 11.9034Z" fill="#EB0203"></path>
                    <path fill-rule="evenodd" clip-rule="evenodd" d="M6.18408 8.84116C6.18408 8.52424 6.44363 8.26733 6.7638 8.26733H12.3678C12.6879 8.26733 12.9475 8.52424 12.9475 8.84116C12.9475 9.15807 12.6879 9.41498 12.3678 9.41498H6.7638C6.44363 9.41498 6.18408 9.15807 6.18408 8.84116Z" fill="#EB0203"></path>
                    <path fill-rule="evenodd" clip-rule="evenodd" d="M6.18408 14.9655C6.18408 14.6486 6.44363 14.3917 6.7638 14.3917H10.1455C10.4657 14.3917 10.7252 14.6486 10.7252 14.9655C10.7252 15.2825 10.4657 15.5394 10.1455 15.5394H6.7638C6.44363 15.5394 6.18408 15.2825 6.18408 14.9655Z" fill="#EB0203"></path>
                    <path fill-rule="evenodd" clip-rule="evenodd" d="M3.67139 5.77914C3.67139 5.46223 3.93094 5.20532 4.25111 5.20532H4.63759C4.95776 5.20532 5.21731 5.46223 5.21731 5.77914C5.21731 6.09606 4.95776 6.35297 4.63759 6.35297H4.25111C3.93094 6.35297 3.67139 6.09606 3.67139 5.77914Z" fill="#EB0203"></path>
                    <path fill-rule="evenodd" clip-rule="evenodd" d="M3.67139 11.9034C3.67139 11.5865 3.93094 11.3296 4.25111 11.3296H4.63759C4.95776 11.3296 5.21731 11.5865 5.21731 11.9034C5.21731 12.2202 4.95776 12.4771 4.63759 12.4771H4.25111C3.93094 12.4771 3.67139 12.2202 3.67139 11.9034Z" fill="#EB0203"></path>
                    <path fill-rule="evenodd" clip-rule="evenodd" d="M3.67139 8.84116C3.67139 8.52424 3.93094 8.26733 4.25111 8.26733H4.63759C4.95776 8.26733 5.21731 8.52424 5.21731 8.84116C5.21731 9.15807 4.95776 9.41498 4.63759 9.41498H4.25111C3.93094 9.41498 3.67139 9.15807 3.67139 8.84116Z" fill="#EB0203"></path>
                    <path fill-rule="evenodd" clip-rule="evenodd" d="M3.67139 14.9655C3.67139 14.6486 3.93094 14.3917 4.25111 14.3917H4.63759C4.95776 14.3917 5.21731 14.6486 5.21731 14.9655C5.21731 15.2825 4.95776 15.5394 4.63759 15.5394H4.25111C3.93094 15.5394 3.67139 15.2825 3.67139 14.9655Z" fill="#EB0203"></path>
                    <path fill-rule="evenodd" clip-rule="evenodd" d="M0 1.76033C0 0.914738 0.692131 0.229248 1.54592 0.229248H15.0727C15.9265 0.229248 16.6186 0.914738 16.6186 1.76033V11.2818C16.6186 11.5989 16.3591 11.8559 16.0389 11.8559C15.7187 11.8559 15.4592 11.5989 15.4592 11.2818V1.76033C15.4592 1.54893 15.2862 1.37756 15.0727 1.37756H1.54592C1.33247 1.37756 1.15944 1.54893 1.15944 1.76033V18.985C1.15944 19.1964 1.33247 19.3678 1.54592 19.3678H9.27551C9.59568 19.3678 9.85523 19.6249 9.85523 19.942C9.85523 20.2591 9.59568 20.5161 9.27551 20.5161H1.54592C0.692131 20.5161 0 19.8306 0 18.985V1.76033Z" fill="#EB0203"></path>
                    <path fill-rule="evenodd" clip-rule="evenodd" d="M14.6254 13.8718C13.4921 12.8567 11.7821 12.7615 10.6574 13.7147C9.12472 15.0124 9.34891 17.128 10.4413 18.2493L14.0161 21.9126C14.2199 22.1217 14.493 22.2386 14.7824 22.2386C15.0739 22.2386 15.3449 22.1238 15.5487 21.9147L19.1235 18.2514C20.2139 17.13 20.4422 15.0144 18.9075 13.7147C17.7827 12.7634 16.0726 12.8569 14.9392 13.872C14.8856 13.92 14.8333 13.9701 14.7824 14.0222C14.7314 13.97 14.6791 13.9199 14.6254 13.8718ZM18.1546 14.588C19.0972 15.3869 18.9961 16.7262 18.2891 17.4541C18.2888 17.4543 18.2886 17.4546 18.2884 17.4548L14.7834 21.0466L11.2757 17.452C11.2756 17.4519 11.2755 17.4517 11.2753 17.4516C10.5681 16.7252 10.4682 15.3856 11.4108 14.5876L11.4112 14.5872C12.0748 14.0248 13.202 14.0556 13.949 14.8205L14.7824 15.674L15.6158 14.8205C16.3618 14.0567 17.4896 14.0256 18.1545 14.5879" fill="#EB0203"></path>
                    </svg>
                    </button>
                    </div>
                    </div>
                    <p class="ct-tile--brand">Prime Meat</p>
                    <p class="ct-tile--quantity">emb. 640 gr (4 un)</p>
                    </div>
                    <div class="ct-tile-bottom row no-gutters justify-content-between">
                    <div class="ct-price-wrap col-8 col-sm-12">
                    <div class="price js-product-price">
                    <div class="prices-wrapper">
                    <span class="sales ct-tile--price-primary ">
                    <span class="value" content="6.69">
                    <span class="ct-price-formatted">
                    €6,69
                    </span>
                    <span class="ct-m-unit">
                    /un
                    </span>
                    </span>
                    </span>
                    </div>
                    <div class="ct-tile--price-secondary">
                    <span class="ct-price-value">
                    €10,45
                    </span>
                    <span class="ct-m-unit">
                    /kg
                    </span>
                    </div>
                    </div>
                    </div>
                    <div class="ct-tile-buy-section d-flex justify-content-center no-gutters col-auto col-sm-12">
                    <div class="col-2 d-sm-flex d-none">
                    <button class="wishlist-toggler guest-mode inactive button button--tertiary" data-pid="7325792" data-add-url="https://www.continente.pt/on/demandware.store/Sites-continente-Site/default/Wishlist-AddProduct?pid=7325792" data-toggle="tooltip" aria-label="Adicionar aos favoritos " data-original-title="Adicionar aos favoritos" data-placement="top">
                    <svg class="active-content" width="100%" height="100%" viewBox="0 0 20 22" fill="none" xmlns="http://www.w3.org/2000/svg">
                    <path fill-rule="evenodd" clip-rule="evenodd" d="M0 1.53052C0 0.685236 0.692171 0 1.54601 0H15.0736C15.9274 0 16.6196 0.685235 16.6196 1.53052V13.4064L15.8127 13.922L14.2658 14.2658L12.7189 13.4064L10.6054 14.3818C10.4994 14.2451 10.3327 14.157 10.1452 14.157H6.76329C6.4431 14.157 6.18354 14.414 6.18354 14.731C6.18354 15.0479 6.4431 15.3049 6.76329 15.3049H10.1452C10.2478 15.3049 10.3441 15.2785 10.4277 15.2322L10.3126 16.8439L13.2345 20.2793H1.54601C0.69217 20.2793 0 19.5941 0 18.7488V1.53052ZM6.18354 5.5483C6.18354 5.23132 6.4431 4.97436 6.76329 4.97436H12.3676C12.6878 4.97436 12.9473 5.23132 12.9473 5.5483C12.9473 5.86528 12.6878 6.12224 12.3676 6.12224H6.76329C6.4431 6.12224 6.18354 5.86528 6.18354 5.5483ZM6.76329 11.0961C6.4431 11.0961 6.18354 11.3531 6.18354 11.6701C6.18354 11.987 6.4431 12.244 6.76329 12.244H12.3676C12.6878 12.244 12.9473 11.987 12.9473 11.6701C12.9473 11.3531 12.6878 11.0961 12.3676 11.0961H6.76329ZM6.18354 8.60985C6.18354 8.29287 6.4431 8.03591 6.76329 8.03591H12.3676C12.6878 8.03591 12.9473 8.29287 12.9473 8.60985C12.9473 8.92684 12.6878 9.1838 12.3676 9.1838H6.76329C6.4431 9.1838 6.18354 8.92684 6.18354 8.60985ZM3.67118 5.5483C3.67118 5.23132 3.93075 4.97436 4.25093 4.97436H4.63743C4.95762 4.97436 5.21719 5.23132 5.21719 5.5483C5.21719 5.86528 4.95762 6.12224 4.63743 6.12224H4.25093C3.93075 6.12224 3.67118 5.86528 3.67118 5.5483ZM4.25093 11.0961C3.93075 11.0961 3.67118 11.3531 3.67118 11.6701C3.67118 11.987 3.93075 12.244 4.25093 12.244H4.63743C4.95762 12.244 5.21719 11.987 5.21719 11.6701C5.21719 11.3531 4.95762 11.0961 4.63743 11.0961H4.25093ZM3.67118 8.60985C3.67118 8.29287 3.93075 8.03591 4.25093 8.03591H4.63743C4.95762 8.03591 5.21719 8.29287 5.21719 8.60985C5.21719 8.92684 4.95762 9.1838 4.63743 9.1838H4.25093C3.93075 9.1838 3.67118 8.92684 3.67118 8.60985ZM4.25093 14.157C3.93075 14.157 3.67118 14.414 3.67118 14.731C3.67118 15.0479 3.93075 15.3049 4.25093 15.3049H4.63743C4.95762 15.3049 5.21719 15.0479 5.21719 14.731C5.21719 14.414 4.95762 14.157 4.63743 14.157H4.25093Z" fill="#EB0203"></path>
                    <path fill-rule="evenodd" clip-rule="evenodd" d="M14.6252 13.6363C13.4918 12.6215 11.7817 12.5264 10.6569 13.4792C9.12421 14.7764 9.34841 16.8912 10.4409 18.0122L14.0159 21.6742C14.2197 21.8832 14.4928 22 14.7822 22C15.0737 22 15.3448 21.8852 15.5486 21.6762L19.1236 18.0142C20.214 16.8933 20.4423 14.7785 18.9075 13.4792C17.7827 12.5283 16.0724 12.6217 14.9391 13.6365C14.8855 13.6845 14.8331 13.7345 14.7822 13.7866C14.7313 13.7345 14.6789 13.6843 14.6252 13.6363ZM18.1546 14.3522C19.0973 15.1508 18.9962 16.4896 18.2891 17.2173C18.2888 17.2175 18.2886 17.2177 18.2884 17.218L14.7832 20.8084L11.2753 17.2151C11.2752 17.215 11.2751 17.2149 11.2749 17.2148C10.5677 16.4887 10.4678 15.1495 11.4104 14.3518L11.4108 14.3514C12.0745 13.7892 13.2018 13.82 13.9488 14.5846L14.7822 15.4378L15.6157 14.5846C16.3617 13.8211 17.4896 13.79 18.1545 14.3521" fill="#EB0203"></path>
                    </svg>
                    <svg class="inactive-content" width="100%" height="100%" viewBox="0 0 20 23" fill="none" xmlns="http://www.w3.org/2000/svg">
                    <path fill-rule="evenodd" clip-rule="evenodd" d="M6.18408 5.77914C6.18408 5.46223 6.44363 5.20532 6.7638 5.20532H12.3678C12.6879 5.20532 12.9475 5.46223 12.9475 5.77914C12.9475 6.09606 12.6879 6.35297 12.3678 6.35297H6.7638C6.44363 6.35297 6.18408 6.09606 6.18408 5.77914Z" fill="#EB0203"></path>
                    <path fill-rule="evenodd" clip-rule="evenodd" d="M6.18408 11.9034C6.18408 11.5865 6.44363 11.3296 6.7638 11.3296H12.3678C12.6879 11.3296 12.9475 11.5865 12.9475 11.9034C12.9475 12.2202 12.6879 12.4771 12.3678 12.4771H6.7638C6.44363 12.4771 6.18408 12.2202 6.18408 11.9034Z" fill="#EB0203"></path>
                    <path fill-rule="evenodd" clip-rule="evenodd" d="M6.18408 8.84116C6.18408 8.52424 6.44363 8.26733 6.7638 8.26733H12.3678C12.6879 8.26733 12.9475 8.52424 12.9475 8.84116C12.9475 9.15807 12.6879 9.41498 12.3678 9.41498H6.7638C6.44363 9.41498 6.18408 9.15807 6.18408 8.84116Z" fill="#EB0203"></path>
                    <path fill-rule="evenodd" clip-rule="evenodd" d="M6.18408 14.9655C6.18408 14.6486 6.44363 14.3917 6.7638 14.3917H10.1455C10.4657 14.3917 10.7252 14.6486 10.7252 14.9655C10.7252 15.2825 10.4657 15.5394 10.1455 15.5394H6.7638C6.44363 15.5394 6.18408 15.2825 6.18408 14.9655Z" fill="#EB0203"></path>
                    <path fill-rule="evenodd" clip-rule="evenodd" d="M3.67139 5.77914C3.67139 5.46223 3.93094 5.20532 4.25111 5.20532H4.63759C4.95776 5.20532 5.21731 5.46223 5.21731 5.77914C5.21731 6.09606 4.95776 6.35297 4.63759 6.35297H4.25111C3.93094 6.35297 3.67139 6.09606 3.67139 5.77914Z" fill="#EB0203"></path>
                    <path fill-rule="evenodd" clip-rule="evenodd" d="M3.67139 11.9034C3.67139 11.5865 3.93094 11.3296 4.25111 11.3296H4.63759C4.95776 11.3296 5.21731 11.5865 5.21731 11.9034C5.21731 12.2202 4.95776 12.4771 4.63759 12.4771H4.25111C3.93094 12.4771 3.67139 12.2202 3.67139 11.9034Z" fill="#EB0203"></path>
                    <path fill-rule="evenodd" clip-rule="evenodd" d="M3.67139 8.84116C3.67139 8.52424 3.93094 8.26733 4.25111 8.26733H4.63759C4.95776 8.26733 5.21731 8.52424 5.21731 8.84116C5.21731 9.15807 4.95776 9.41498 4.63759 9.41498H4.25111C3.93094 9.41498 3.67139 9.15807 3.67139 8.84116Z" fill="#EB0203"></path>
                    <path fill-rule="evenodd" clip-rule="evenodd" d="M3.67139 14.9655C3.67139 14.6486 3.93094 14.3917 4.25111 14.3917H4.63759C4.95776 14.3917 5.21731 14.6486 5.21731 14.9655C5.21731 15.2825 4.95776 15.5394 4.63759 15.5394H4.25111C3.93094 15.5394 3.67139 15.2825 3.67139 14.9655Z" fill="#EB0203"></path>
                    <path fill-rule="evenodd" clip-rule="evenodd" d="M0 1.76033C0 0.914738 0.692131 0.229248 1.54592 0.229248H15.0727C15.9265 0.229248 16.6186 0.914738 16.6186 1.76033V11.2818C16.6186 11.5989 16.3591 11.8559 16.0389 11.8559C15.7187 11.8559 15.4592 11.5989 15.4592 11.2818V1.76033C15.4592 1.54893 15.2862 1.37756 15.0727 1.37756H1.54592C1.33247 1.37756 1.15944 1.54893 1.15944 1.76033V18.985C1.15944 19.1964 1.33247 19.3678 1.54592 19.3678H9.27551C9.59568 19.3678 9.85523 19.6249 9.85523 19.942C9.85523 20.2591 9.59568 20.5161 9.27551 20.5161H1.54592C0.692131 20.5161 0 19.8306 0 18.985V1.76033Z" fill="#EB0203"></path>
                    <path fill-rule="evenodd" clip-rule="evenodd" d="M14.6254 13.8718C13.4921 12.8567 11.7821 12.7615 10.6574 13.7147C9.12472 15.0124 9.34891 17.128 10.4413 18.2493L14.0161 21.9126C14.2199 22.1217 14.493 22.2386 14.7824 22.2386C15.0739 22.2386 15.3449 22.1238 15.5487 21.9147L19.1235 18.2514C20.2139 17.13 20.4422 15.0144 18.9075 13.7147C17.7827 12.7634 16.0726 12.8569 14.9392 13.872C14.8856 13.92 14.8333 13.9701 14.7824 14.0222C14.7314 13.97 14.6791 13.9199 14.6254 13.8718ZM18.1546 14.588C19.0972 15.3869 18.9961 16.7262 18.2891 17.4541C18.2888 17.4543 18.2886 17.4546 18.2884 17.4548L14.7834 21.0466L11.2757 17.452C11.2756 17.4519 11.2755 17.4517 11.2753 17.4516C10.5681 16.7252 10.4682 15.3856 11.4108 14.5876L11.4112 14.5872C12.0748 14.0248 13.202 14.0556 13.949 14.8205L14.7824 15.674L15.6158 14.8205C16.3618 14.0567 17.4896 14.0256 18.1545 14.5879" fill="#EB0203"></path>
                    </svg>
                    </button>
                    </div>
                    <div class="col-sm-10 col-12">
                    <div class="ct-tile-quantity d-none" data-pid="7325792">
                    <input type="hidden" class="add-to-cart-url" value="https://www.continente.pt/on/demandware.store/Sites-continente-Site/default/Cart-AddProduct">
                    <div class="d-none tile-delete-confirmation-btn" data-pid="7325792" data-delay-time="3000" data-in-cart-msg="no carrinho" data-one-product-added="Adicionado ao carrinho" data-remove-from-cart-msg="Removido do carrinho" data-stay-open="6000.0" data-confirmation-image="{&quot;url&quot;:&quot;https://www.continente.pt/dw/image/v2/BDVS_PRD/on/demandware.static/-/Sites-col-master-catalog/default/dw38e347c5/images/col/732/7325792-frente.jpg?sw=87&amp;sh=80&quot;,&quot;fallbackimage&quot;:{&quot;url&quot;:&quot;https://www.continente.pt/dw/image/v2/BDVS_PRD/on/demandware.static/Sites-continente-Site/-/default/dw7c42b4da/images/noimagelarge_product.png?sw=87&amp;sh=80&quot;,&quot;title&quot;:&quot;Hambúrguer 100% Carne de Bovino Angus Chakall&quot;,&quot;alt&quot;:&quot;Hambúrguer 100% Carne de Bovino Angus Chakall&quot;},&quot;title&quot;:&quot;Hambúrguer 100% Carne de Bovino Angus Chakall&quot;,&quot;alt&quot;:&quot;Hambúrguer 100% Carne de Bovino Angus Chakall&quot;}"></div>
                    <div class="ct-tile-quantity-update quantity-update product-qty-vue" data-remove-action="https://www.continente.pt/on/demandware.store/Sites-continente-Site/default/Cart-RemoveProductLineItem" data-action="https://www.continente.pt/on/demandware.store/Sites-continente-Site/default/Cart-UpdateQuantity" data-dimension-update="https://www.continente.pt/on/demandware.store/Sites-continente-Site/default/Cart-DimensionUpdate" data-pid="7325792" data-uuid="c013949e1efd0722b6d272f774" data-add-delay="500.0" data-measure-options="{&quot;hasConversionRate&quot;:false,&quot;hasAlternativeSaleUnit&quot;:false,&quot;unitConversionRate&quot;:0,&quot;minOrderQuantity&quot;:1,&quot;stepQuantity&quot;:1,&quot;primaryunit&quot;:&quot;un&quot;,&quot;secondaryunit&quot;:&quot;kg&quot;,&quot;selectedunit&quot;:&quot;primary&quot;,&quot;maxNumberOfUnitsPerSale&quot;:50}" data-price-available="null" :data-has-error="isMaxQtyReached || isMinQtyReached || qtySelectedMoreThanOne">
                    <template v-show="prodUnits">
                    <div class="quantity-input-wrapper has-units">
                    <label class="visually-hidden" :for="'quantity-' + pid + additionalTag">
                    Quantidade no carrinho
                    </label>
                    <input :ref="'quantityInput-' + pid + additionalTag" class="add-to-cart-quantity form-control ct-form-input text-center" inputmode="numeric" :class="{'is-invalid': isInvalid}" :data-pid="pid + additionalTag" :name="'quantity-' + pid + additionalTag" type="text" aria-label="Insira a quantidade" title="" v-model="displayValue" @change="updateQuantity" @focus="updateQtyFormat" @blur="restoreQtyFormat" :disabled="!isPriceAvailable">
                    <span class="quantity-icon quantity-icon--minus">
                    <button class="decrease-quantity-btn" @click="updateQuantity" :disabled="!isPriceAvailable" role="button" aria-label="Reduzir quantidade">
                    <i class="css-math-minus"></i>
                    </button>
                    </span>
                    <span class="quantity-icon quantity-icon--plus">
                    <button class="increase-quantity-btn" @click="updateQuantity" :disabled="isMaxQtyReached || !isPriceAvailable" role="button" aria-label="Aumentar quantidade">
                    <i class="css-math-plus"></i>
                    </button>
                    <span class="quantity-btn-disabled-placeholder"></span>
                    </span>
                    <template v-if="isPDP">
                    <span class="quantity-error ct-span-error text-sm-center product-max-allocation" v-if="isMaxQtyReached">
                    Quantidade máxima atingida
                    </span>
                    <span class="quantity-error ct-span-product text-sm-center product-allocation" v-if="!isMinQtyReached &amp;&amp; !isMaxQtyReached">
                    {{quantitySelected}} no carrinho
                    </span>
                    <span class="quantity-error ct-span-error text-sm-center product-min-allocation" :data-pid="pid" v-if="isMinQtyReached &amp;&amp; !isMaxQtyReached">
                    Quantidade mínima atingida
                    </span>
                    </template>
                    </div>
                    <template v-if="showNotes">
                    <div class="add-note-link-container ">
                    <div class="add-note">
                    <a href="/produto/hamburguer-100--carne-de-bovino-angus-chakall-prime-meat-7325792.html?showNote=true" class="ct-add-note-redirect-pdp" aria-label="Adicionar comentário">
                    <span class="svg-wrapper svg-icon-notes" style="width:19px; height:20px">
                    <svg class="svg-inline icon-notes" viewBox="0 0 28 30" xmlns="http://www.w3.org/2000/svg" width="100%" height="100%"><path d="M21.738 0C22.985 0 24 1.04 24 2.319V12.47c0 .469-.37.848-.828.848-.457 0-.827-.38-.827-.848V2.32c0-.343-.273-.622-.607-.622H2.262c-.334 0-.607.279-.607.622V27.68c0 .343.273.622.607.622h7.81c.457 0 .827.38.827.849 0 .468-.37.848-.827.848h-7.81C1.015 30 0 28.96 0 27.681V2.32C0 1.04 1.015 0 2.262 0h19.476zm2.844 16.004l.227.007c.823.053 1.589.39 2.176.964.64.627.993 1.46.993 2.349 0 .888-.353 1.722-.993 2.348l-6.83 6.665c-.11.108-.247.186-.397.226l-5.032 1.363c-.078.021-.16.032-.241.032-.242 0-.478-.097-.647-.266-.23-.231-.314-.566-.218-.874l1.49-4.798c.044-.139.122-.266.227-.369l6.844-6.677c.64-.625 1.493-.97 2.401-.97zm-2.886 3.94l-4.922 4.802-.947 3.048 3.22-.872 4.897-4.78-2.248-2.197zm2.887-2.174c-.425 0-.824.162-1.124.455l-.484.472 2.248 2.197.484-.472c.62-.606.62-1.591 0-2.197l-.117-.104c-.283-.227-.636-.35-1.007-.35zm-10.839.022c.498 0 .904.396.904.883 0 .488-.406.884-.904.884H5.946c-.499 0-.904-.396-.904-.884 0-.487.405-.883.904-.883zm5.042-4.876c.498 0 .904.397.904.884s-.406.884-.904.884H5.946c-.499 0-.904-.397-.904-.884s.405-.884.904-.884zm0-4.875c.498 0 .904.396.904.884 0 .487-.406.883-.904.883H5.946c-.499 0-.904-.396-.904-.883 0-.488.405-.884.904-.884z" fill="#EB0203" fill-rule="evenodd"></path></svg>
                    </span>
                    <div class="available-note d-none"></div>
                    </a>
                    </div>
                    </div>
                    </template>
                    <div class="measurement-unit-section" v-if="isPriceAvailable &amp;&amp; prodUnits ? prodUnits.hasAlternativeUnit : false">
                    <div class="ct-form-radio" @click="setDimension">
                    <input type="radio" title="" class="ct-form-check-input product-measurement-unit" :data-type="prodUnits.selectedUnit == prodUnits.secondaryUnit ? 'primary' : ''" :id="prodUnits.secondaryUnit + '-' + pid + '-measurement-unit-ptile' + additionalTag" :name="'measurement-unit-' + pid + '-ptile' + additionalTag" :value="prodUnits.secondaryUnit" v-model="prodUnits.selectedUnit">
                    <label :class="prodUnits.secondaryUnit + '-label ct-form-check-label mb-0'" :for="prodUnits.secondaryUnit + '-' + pid + '-measurement-unit-ptile' + additionalTag">
                    {{prodUnits.secondaryUnit}}
                    </label>
                    <span class="checkmark"></span>
                    </div>
                    <div class="ct-form-radio" @click="setDimension">
                    <input type="radio" title="" class="ct-form-check-input product-measurement-unit" :data-type="prodUnits.selectedUnit == prodUnits.primaryUnit ? 'primary' : ''" :id="prodUnits.primaryUnit + '-' + pid + '-measurement-unit-ptile' + additionalTag" :name="'measurement-unit-' + pid + '-ptile' + additionalTag" :value="prodUnits.primaryUnit" v-model="prodUnits.selectedUnit">
                    <label :class="prodUnits.primaryUnit + '-label ct-form-check-label mb-0'" :for="prodUnits.primaryUnit + '-' + pid + '-measurement-unit-ptile' + additionalTag">
                    {{prodUnits.primaryUnit}}
                    </label>
                    <span class="checkmark"></span>
                    </div>
                    </div>
                    <template v-if="!isPDP &amp;&amp; isPriceAvailable">
                    <span class="quantity-error ct-span-error product-max-allocation" v-if="isMaxQtyReached">
                    Quantidade máxima atingida
                    </span>
                    <span class="quantity-error ct-span-product product-allocation" v-if="!isMinQtyReached &amp;&amp; !isMaxQtyReached">
                    {{quantitySelected}} no carrinho
                    </span>
                    <span class="quantity-error ct-span-error product-min-allocation" :data-pid="pid" v-if="isMinQtyReached &amp;&amp; !isMaxQtyReached">
                    Quantidade mínima atingida
                    </span>
                    </template>
                    </template>
                    </div>
                    <input class="quantity-value-mask d-none" name="quantity" type="number" min="0" value="">
                    </div>
                    <button type="button" class="add-to-cart button js-add-to-cart js-add-to-cart-tile 7325792 button--primary dynamic-layout-btn" data-toggle="modal" data-target="#chooseBonusProductModal" data-pid="7325792" data-quantity-value="null" aria-label="Carrinho">
                    <span class="d-block d-sm-none">
                    <span class="svg-wrapper svg-icon-cart" style="width:20px; height:20px">
                    <svg class="svg-inline icon-cart" xmlns="http://www.w3.org/2000/svg" viewBox="0 0 500 500" width="100%" height="100%"><path fill="#EB0203" fill-rule="evenodd" d="M 485.67317,94.386311 C 476.37798,83.847129 463.09468,78.03348 448.30404,78.03348 H 90.690813 L 87.079511,51.327997 C 83.185582,22.539551 62.962285,0 41.011841,0 H 14.727836 C 6.563151,0 0,6.5286975 0,14.580758 c 0,8.05206 6.5945535,14.580758 14.727836,14.580758 h 26.284005 c 4.710398,0 14.696435,9.855222 16.894619,26.021523 L 100.01739,368.0631 c 1.88416,13.77244 9.01256,26.70549 20.1605,36.37417 8.25889,7.15046 18.02511,11.9071 28.26237,13.89679 -4.17655,7.58572 -6.53175,16.25957 -6.53175,25.493 0,29.53459 24.27424,53.59751 54.13815,53.59751 29.8325,0 54.13814,-24.03184 54.13814,-53.59751 0,-8.79818 -2.19818,-17.09897 -5.9979,-24.43598 h 77.12488 c -3.79973,7.33701 -5.96652,15.6378 -5.96652,24.43598 0,29.53459 24.27424,53.59751 54.13817,53.59751 29.83249,0 54.13814,-24.03184 54.13814,-53.59751 0,-8.79818 -2.1982,-17.09897 -5.9979,-24.43598 h 38.56243 c 8.13328,0 14.72783,-6.5287 14.72783,-14.61183 0,-8.02098 -6.59455,-14.54967 -14.72783,-14.54967 H 159.24277 c -14.38241,0 -28.13677,-11.90711 -30.02092,-26.02153 l -3.07746,-22.88154 h 290.6314 c 14.03698,0 27.94834,-5.28513 39.06488,-14.95381 11.11652,-9.6376 18.27632,-22.57065 20.16048,-36.37417 l 21.10259,-156.78201 c 1.94694,-14.51858 -2.10398,-28.29103 -11.43057,-38.861299 z M 220.76053,443.82706 c 0,13.49265 -11.08513,24.46709 -24.68247,24.46709 -13.62874,0 -24.71387,-10.97444 -24.71387,-24.46709 0,-13.49262 11.08513,-24.43598 24.71387,-24.43598 13.59734,0 24.68247,10.94336 24.68247,24.43598 z m 173.43675,0 c 0,13.49265 -11.08512,24.46709 -24.68245,24.46709 -13.62876,0 -24.71388,-10.97444 -24.71388,-24.46709 0,-13.49262 11.08512,-24.43598 24.71388,-24.43598 13.59733,0 24.68245,10.94336 24.68245,24.43598 z m 73.7648,-314.46558 -21.13397,156.782 c -1.88416,14.11442 -15.63851,26.05261 -30.02091,26.05261 H 122.25046 L 94.616142,107.19499 H 448.33544 c 6.18632,0 11.61896,2.2695 15.23028,6.37326 3.64269,4.13484 5.21283,9.73086 4.39636,15.79323 z"></path></svg>
                    </span>
                    </span>
                    <span class="add-to-cart--text d-none d-sm-block">Carrinho</span>
                    </button>
                    </div>
                    </div>
                    </div>
                    </div>
                    
                    <div class="col-12 d-sm-none">
                    </div>
                    </div>
                    </div>
                    </div>
                    </div>
                    <div class="col-12 col-sm-3 col-lg-2 productTile" data-idx="34">
                    
                    <script type="text/javascript">//<!--
                    /* <![CDATA[ */
                    (function(){
                    try {
                        if(window.CQuotient) {
                        var cq_params = {};
                        
                        cq_params.cookieId = window.CQuotient.getCQCookieId();
                        cq_params.userId = window.CQuotient.getCQUserId();
                        cq_params.emailId = CQuotient.getCQHashedEmail();
                        cq_params.loginId = CQuotient.getCQHashedLogin();
                        cq_params.accumulate = true;
                        cq_params.products = [{
                            id: '5184892',
                            sku: ''
                        }];
                        cq_params.categoryId = 'refeicoes-faceis';
                        cq_params.refinements = '[{\"name\":\"priceMin\",\"value\":\"0.01\"},{\"name\":\"priceMax\",\"value\":\"null\"},{\"name\":\"curr\",\"value\":\"EUR\"},{\"name\":\"Category\",\"value\":\"refeicoes-faceis\"}]';
                        cq_params.personalized = 'false';
                        cq_params.sortingRule = 'FRESH-Refei\u00E7\u00F5es F\u00E1ceis';
                        cq_params.imageUUID = '__UNDEFINED__';
                        cq_params.realm = "BDVS";
                        cq_params.siteId = "continente";
                        cq_params.instanceType = "prd";
                        cq_params.queryLocale = "default";
                        cq_params.locale = window.CQuotient.locale;
                        
                        if(window.CQuotient.sendActivity)
                            window.CQuotient.sendActivity(CQuotient.clientId, 'viewCategory', cq_params);
                        else
                            window.CQuotient.activities.push({
                                activityType: 'viewCategory',
                                parameters: cq_params
                            });
                      }
                    } catch(err) {}
                    })();
                    /* ]]> */
                    // -->
                    </script>
                    <script type="text/javascript">//<!--
                    /* <![CDATA[ (viewCategoryProduct-active_data.js) */
                    (function(){
                    try {
                        if (dw.ac) {
                            var search_params = {};
                            search_params.persd = 'false';
                            search_params.refs = '[{\"name\":\"priceMin\",\"value\":\"0.01\"},{\"name\":\"priceMax\",\"value\":\"null\"},{\"name\":\"curr\",\"value\":\"EUR\"},{\"name\":\"Category\",\"value\":\"refeicoes-faceis\"}]';
                            search_params.sort = 'FRESH-Refei\u00E7\u00F5es F\u00E1ceis';
                            search_params.imageUUID = '';
                            search_params.searchID = 'adc2ebee-ded6-4d71-a833-c4f63de27d3e';
                            search_params.locale = 'default';
                            search_params.queryLocale = 'default';
                            search_params.showProducts = 'true';
                            dw.ac.applyContext({category: "refeicoes-faceis", searchData: search_params});
                            if (typeof dw.ac._scheduleDataSubmission === "function") {
                                dw.ac._scheduleDataSubmission();
                            }
                        }
                    } catch(err) {}
                    })();
                    /* ]]> */
                    // -->
                    </script>
                    <script type="text/javascript">//<!--
                    /* <![CDATA[ (viewProduct-active_data.js) */
                    dw.ac._capture({id: "5184892", type: "searchhit"});
                    /* ]]> */
                    // -->
                    </script>
                    <div class="product" data-pid="5184892">
                    <div class="product-tile pid-5184892 ct-product-tile data-layer-pushed" data-delay-time="3000" data-variants-mapping="[]" data-in-cart-msg="no carrinho" data-one-product-added="Adicionado ao carrinho" data-remove-from-cart-msg="Removido do carrinho" data-stay-open="6000.0" data-product-tile-impression="{&quot;name&quot;:&quot;5184892&quot;,&quot;id&quot;:&quot;5184892&quot;,&quot;price&quot;:1.35,&quot;brand&quot;:&quot;Continente Fácil &amp; Bom&quot;,&quot;category&quot;:[{&quot;category_level_1&quot;:&quot;Padaria e Pastelaria&quot;},{&quot;category_level_2&quot;:&quot;Massas para Culinária&quot;}],&quot;variant&quot;:&quot;&quot;}">
                    <div class="ct-inner-tile-wrap row no-gutters justify-content-center align-content-start">
                    
                    <div class="ct-image-container col-4 col-sm" data-confirmation-image="{&quot;url&quot;:&quot;https://www.continente.pt/dw/image/v2/BDVS_PRD/on/demandware.static/-/Sites-col-master-catalog/default/dw85a582b6/images/col/518/5184892-frente.jpg?sw=87&amp;sh=80&quot;,&quot;fallbackimage&quot;:{&quot;url&quot;:&quot;https://www.continente.pt/dw/image/v2/BDVS_PRD/on/demandware.static/Sites-continente-Site/-/default/dw7c42b4da/images/noimagelarge_product.png?sw=87&amp;sh=80&quot;,&quot;title&quot;:&quot;Massa Folhada Retangular&quot;,&quot;alt&quot;:&quot;Massa Folhada Retangular&quot;},&quot;title&quot;:&quot;Massa Folhada Retangular&quot;,&quot;alt&quot;:&quot;Massa Folhada Retangular&quot;}">
                    <a href="https://www.continente.pt/produto/massa-folhada-retangular-continente-facil-bom-5184892.html?cgid=refeicoes-faceis">
                    <picture class="intrinsic intrinsic--square">
                    <img class="ct-tile-image lazyloaded" loading="lazy" onerror="this.onerror=null;this.src='/on/demandware.static/Sites-continente-Site/-/default/dw7c42b4da/images/noimagelarge_product.png';" data-src="https://www.continente.pt/dw/image/v2/BDVS_PRD/on/demandware.static/-/Sites-col-master-catalog/default/dw85a582b6/images/col/518/5184892-frente.jpg?sw=280&amp;sh=280" alt="Massa Folhada Retangular" title="Massa Folhada Retangular" src="https://www.continente.pt/dw/image/v2/BDVS_PRD/on/demandware.static/-/Sites-col-master-catalog/default/dw85a582b6/images/col/518/5184892-frente.jpg?sw=280&amp;sh=280">
                    </picture>
                    </a>
                    <div class="color-swatches d-flex" style="margin-left: 5px;">
                    <div class="swatches d-flex">
                    </div>
                    </div>
                    </div>
                    <div class="ct-tile-body col col-sm-auto ">
                    <div class="ct-pdp-details">
                    <div class="ct-pdp-link">
                     <a class="ct-tile--description" href="https://www.continente.pt/produto/massa-folhada-retangular-continente-facil-bom-5184892.html?cgid=refeicoes-faceis">Massa Folhada Retangular</a>
                    <div class="ct-tile--favorite-top d-sm-none">
                    <button class="wishlist-toggler guest-mode inactive button button--tertiary" data-pid="5184892" data-add-url="https://www.continente.pt/on/demandware.store/Sites-continente-Site/default/Wishlist-AddProduct?pid=5184892" data-toggle="tooltip" aria-label="Adicionar aos favoritos " data-original-title="Adicionar aos favoritos" data-placement="top">
                    <svg class="active-content" width="100%" height="100%" viewBox="0 0 20 22" fill="none" xmlns="http://www.w3.org/2000/svg">
                    <path fill-rule="evenodd" clip-rule="evenodd" d="M0 1.53052C0 0.685236 0.692171 0 1.54601 0H15.0736C15.9274 0 16.6196 0.685235 16.6196 1.53052V13.4064L15.8127 13.922L14.2658 14.2658L12.7189 13.4064L10.6054 14.3818C10.4994 14.2451 10.3327 14.157 10.1452 14.157H6.76329C6.4431 14.157 6.18354 14.414 6.18354 14.731C6.18354 15.0479 6.4431 15.3049 6.76329 15.3049H10.1452C10.2478 15.3049 10.3441 15.2785 10.4277 15.2322L10.3126 16.8439L13.2345 20.2793H1.54601C0.69217 20.2793 0 19.5941 0 18.7488V1.53052ZM6.18354 5.5483C6.18354 5.23132 6.4431 4.97436 6.76329 4.97436H12.3676C12.6878 4.97436 12.9473 5.23132 12.9473 5.5483C12.9473 5.86528 12.6878 6.12224 12.3676 6.12224H6.76329C6.4431 6.12224 6.18354 5.86528 6.18354 5.5483ZM6.76329 11.0961C6.4431 11.0961 6.18354 11.3531 6.18354 11.6701C6.18354 11.987 6.4431 12.244 6.76329 12.244H12.3676C12.6878 12.244 12.9473 11.987 12.9473 11.6701C12.9473 11.3531 12.6878 11.0961 12.3676 11.0961H6.76329ZM6.18354 8.60985C6.18354 8.29287 6.4431 8.03591 6.76329 8.03591H12.3676C12.6878 8.03591 12.9473 8.29287 12.9473 8.60985C12.9473 8.92684 12.6878 9.1838 12.3676 9.1838H6.76329C6.4431 9.1838 6.18354 8.92684 6.18354 8.60985ZM3.67118 5.5483C3.67118 5.23132 3.93075 4.97436 4.25093 4.97436H4.63743C4.95762 4.97436 5.21719 5.23132 5.21719 5.5483C5.21719 5.86528 4.95762 6.12224 4.63743 6.12224H4.25093C3.93075 6.12224 3.67118 5.86528 3.67118 5.5483ZM4.25093 11.0961C3.93075 11.0961 3.67118 11.3531 3.67118 11.6701C3.67118 11.987 3.93075 12.244 4.25093 12.244H4.63743C4.95762 12.244 5.21719 11.987 5.21719 11.6701C5.21719 11.3531 4.95762 11.0961 4.63743 11.0961H4.25093ZM3.67118 8.60985C3.67118 8.29287 3.93075 8.03591 4.25093 8.03591H4.63743C4.95762 8.03591 5.21719 8.29287 5.21719 8.60985C5.21719 8.92684 4.95762 9.1838 4.63743 9.1838H4.25093C3.93075 9.1838 3.67118 8.92684 3.67118 8.60985ZM4.25093 14.157C3.93075 14.157 3.67118 14.414 3.67118 14.731C3.67118 15.0479 3.93075 15.3049 4.25093 15.3049H4.63743C4.95762 15.3049 5.21719 15.0479 5.21719 14.731C5.21719 14.414 4.95762 14.157 4.63743 14.157H4.25093Z" fill="#EB0203"></path>
                    <path fill-rule="evenodd" clip-rule="evenodd" d="M14.6252 13.6363C13.4918 12.6215 11.7817 12.5264 10.6569 13.4792C9.12421 14.7764 9.34841 16.8912 10.4409 18.0122L14.0159 21.6742C14.2197 21.8832 14.4928 22 14.7822 22C15.0737 22 15.3448 21.8852 15.5486 21.6762L19.1236 18.0142C20.214 16.8933 20.4423 14.7785 18.9075 13.4792C17.7827 12.5283 16.0724 12.6217 14.9391 13.6365C14.8855 13.6845 14.8331 13.7345 14.7822 13.7866C14.7313 13.7345 14.6789 13.6843 14.6252 13.6363ZM18.1546 14.3522C19.0973 15.1508 18.9962 16.4896 18.2891 17.2173C18.2888 17.2175 18.2886 17.2177 18.2884 17.218L14.7832 20.8084L11.2753 17.2151C11.2752 17.215 11.2751 17.2149 11.2749 17.2148C10.5677 16.4887 10.4678 15.1495 11.4104 14.3518L11.4108 14.3514C12.0745 13.7892 13.2018 13.82 13.9488 14.5846L14.7822 15.4378L15.6157 14.5846C16.3617 13.8211 17.4896 13.79 18.1545 14.3521" fill="#EB0203"></path>
                    </svg>
                    <svg class="inactive-content" width="100%" height="100%" viewBox="0 0 20 23" fill="none" xmlns="http://www.w3.org/2000/svg">
                    <path fill-rule="evenodd" clip-rule="evenodd" d="M6.18408 5.77914C6.18408 5.46223 6.44363 5.20532 6.7638 5.20532H12.3678C12.6879 5.20532 12.9475 5.46223 12.9475 5.77914C12.9475 6.09606 12.6879 6.35297 12.3678 6.35297H6.7638C6.44363 6.35297 6.18408 6.09606 6.18408 5.77914Z" fill="#EB0203"></path>
                    <path fill-rule="evenodd" clip-rule="evenodd" d="M6.18408 11.9034C6.18408 11.5865 6.44363 11.3296 6.7638 11.3296H12.3678C12.6879 11.3296 12.9475 11.5865 12.9475 11.9034C12.9475 12.2202 12.6879 12.4771 12.3678 12.4771H6.7638C6.44363 12.4771 6.18408 12.2202 6.18408 11.9034Z" fill="#EB0203"></path>
                    <path fill-rule="evenodd" clip-rule="evenodd" d="M6.18408 8.84116C6.18408 8.52424 6.44363 8.26733 6.7638 8.26733H12.3678C12.6879 8.26733 12.9475 8.52424 12.9475 8.84116C12.9475 9.15807 12.6879 9.41498 12.3678 9.41498H6.7638C6.44363 9.41498 6.18408 9.15807 6.18408 8.84116Z" fill="#EB0203"></path>
                    <path fill-rule="evenodd" clip-rule="evenodd" d="M6.18408 14.9655C6.18408 14.6486 6.44363 14.3917 6.7638 14.3917H10.1455C10.4657 14.3917 10.7252 14.6486 10.7252 14.9655C10.7252 15.2825 10.4657 15.5394 10.1455 15.5394H6.7638C6.44363 15.5394 6.18408 15.2825 6.18408 14.9655Z" fill="#EB0203"></path>
                    <path fill-rule="evenodd" clip-rule="evenodd" d="M3.67139 5.77914C3.67139 5.46223 3.93094 5.20532 4.25111 5.20532H4.63759C4.95776 5.20532 5.21731 5.46223 5.21731 5.77914C5.21731 6.09606 4.95776 6.35297 4.63759 6.35297H4.25111C3.93094 6.35297 3.67139 6.09606 3.67139 5.77914Z" fill="#EB0203"></path>
                    <path fill-rule="evenodd" clip-rule="evenodd" d="M3.67139 11.9034C3.67139 11.5865 3.93094 11.3296 4.25111 11.3296H4.63759C4.95776 11.3296 5.21731 11.5865 5.21731 11.9034C5.21731 12.2202 4.95776 12.4771 4.63759 12.4771H4.25111C3.93094 12.4771 3.67139 12.2202 3.67139 11.9034Z" fill="#EB0203"></path>
                    <path fill-rule="evenodd" clip-rule="evenodd" d="M3.67139 8.84116C3.67139 8.52424 3.93094 8.26733 4.25111 8.26733H4.63759C4.95776 8.26733 5.21731 8.52424 5.21731 8.84116C5.21731 9.15807 4.95776 9.41498 4.63759 9.41498H4.25111C3.93094 9.41498 3.67139 9.15807 3.67139 8.84116Z" fill="#EB0203"></path>
                    <path fill-rule="evenodd" clip-rule="evenodd" d="M3.67139 14.9655C3.67139 14.6486 3.93094 14.3917 4.25111 14.3917H4.63759C4.95776 14.3917 5.21731 14.6486 5.21731 14.9655C5.21731 15.2825 4.95776 15.5394 4.63759 15.5394H4.25111C3.93094 15.5394 3.67139 15.2825 3.67139 14.9655Z" fill="#EB0203"></path>
                    <path fill-rule="evenodd" clip-rule="evenodd" d="M0 1.76033C0 0.914738 0.692131 0.229248 1.54592 0.229248H15.0727C15.9265 0.229248 16.6186 0.914738 16.6186 1.76033V11.2818C16.6186 11.5989 16.3591 11.8559 16.0389 11.8559C15.7187 11.8559 15.4592 11.5989 15.4592 11.2818V1.76033C15.4592 1.54893 15.2862 1.37756 15.0727 1.37756H1.54592C1.33247 1.37756 1.15944 1.54893 1.15944 1.76033V18.985C1.15944 19.1964 1.33247 19.3678 1.54592 19.3678H9.27551C9.59568 19.3678 9.85523 19.6249 9.85523 19.942C9.85523 20.2591 9.59568 20.5161 9.27551 20.5161H1.54592C0.692131 20.5161 0 19.8306 0 18.985V1.76033Z" fill="#EB0203"></path>
                    <path fill-rule="evenodd" clip-rule="evenodd" d="M14.6254 13.8718C13.4921 12.8567 11.7821 12.7615 10.6574 13.7147C9.12472 15.0124 9.34891 17.128 10.4413 18.2493L14.0161 21.9126C14.2199 22.1217 14.493 22.2386 14.7824 22.2386C15.0739 22.2386 15.3449 22.1238 15.5487 21.9147L19.1235 18.2514C20.2139 17.13 20.4422 15.0144 18.9075 13.7147C17.7827 12.7634 16.0726 12.8569 14.9392 13.872C14.8856 13.92 14.8333 13.9701 14.7824 14.0222C14.7314 13.97 14.6791 13.9199 14.6254 13.8718ZM18.1546 14.588C19.0972 15.3869 18.9961 16.7262 18.2891 17.4541C18.2888 17.4543 18.2886 17.4546 18.2884 17.4548L14.7834 21.0466L11.2757 17.452C11.2756 17.4519 11.2755 17.4517 11.2753 17.4516C10.5681 16.7252 10.4682 15.3856 11.4108 14.5876L11.4112 14.5872C12.0748 14.0248 13.202 14.0556 13.949 14.8205L14.7824 15.674L15.6158 14.8205C16.3618 14.0567 17.4896 14.0256 18.1545 14.5879" fill="#EB0203"></path>
                    </svg>
                    </button>
                    </div>
                    </div>
                    <p class="ct-tile--brand">Continente Fácil &amp; Bom</p>
                    <p class="ct-tile--quantity">emb. 375 gr</p>
                    </div>
                    <div class="ct-tile-bottom row no-gutters justify-content-between">
                    <div class="ct-price-wrap col-8 col-sm-12">
                    <div class="price js-product-price">
                    <div class="prices-wrapper">
                    <span class="sales ct-tile--price-primary ">
                    <span class="value" content="1.35">
                    <span class="ct-price-formatted">
                    €1,35
                    </span>
                    <span class="ct-m-unit">
                    /un
                    </span>
                    </span>
                    </span>
                    </div>
                    <div class="ct-tile--price-secondary">
                    <span class="ct-price-value">
                    €3,60
                    </span>
                    <span class="ct-m-unit">
                    /kg
                    </span>
                    </div>
                    </div>
                    </div>
                    <div class="ct-tile-buy-section d-flex justify-content-center no-gutters col-auto col-sm-12">
                    <div class="col-2 d-sm-flex d-none">
                    <button class="wishlist-toggler guest-mode inactive button button--tertiary" data-pid="5184892" data-add-url="https://www.continente.pt/on/demandware.store/Sites-continente-Site/default/Wishlist-AddProduct?pid=5184892" data-toggle="tooltip" aria-label="Adicionar aos favoritos " data-original-title="Adicionar aos favoritos" data-placement="top">
                    <svg class="active-content" width="100%" height="100%" viewBox="0 0 20 22" fill="none" xmlns="http://www.w3.org/2000/svg">
                    <path fill-rule="evenodd" clip-rule="evenodd" d="M0 1.53052C0 0.685236 0.692171 0 1.54601 0H15.0736C15.9274 0 16.6196 0.685235 16.6196 1.53052V13.4064L15.8127 13.922L14.2658 14.2658L12.7189 13.4064L10.6054 14.3818C10.4994 14.2451 10.3327 14.157 10.1452 14.157H6.76329C6.4431 14.157 6.18354 14.414 6.18354 14.731C6.18354 15.0479 6.4431 15.3049 6.76329 15.3049H10.1452C10.2478 15.3049 10.3441 15.2785 10.4277 15.2322L10.3126 16.8439L13.2345 20.2793H1.54601C0.69217 20.2793 0 19.5941 0 18.7488V1.53052ZM6.18354 5.5483C6.18354 5.23132 6.4431 4.97436 6.76329 4.97436H12.3676C12.6878 4.97436 12.9473 5.23132 12.9473 5.5483C12.9473 5.86528 12.6878 6.12224 12.3676 6.12224H6.76329C6.4431 6.12224 6.18354 5.86528 6.18354 5.5483ZM6.76329 11.0961C6.4431 11.0961 6.18354 11.3531 6.18354 11.6701C6.18354 11.987 6.4431 12.244 6.76329 12.244H12.3676C12.6878 12.244 12.9473 11.987 12.9473 11.6701C12.9473 11.3531 12.6878 11.0961 12.3676 11.0961H6.76329ZM6.18354 8.60985C6.18354 8.29287 6.4431 8.03591 6.76329 8.03591H12.3676C12.6878 8.03591 12.9473 8.29287 12.9473 8.60985C12.9473 8.92684 12.6878 9.1838 12.3676 9.1838H6.76329C6.4431 9.1838 6.18354 8.92684 6.18354 8.60985ZM3.67118 5.5483C3.67118 5.23132 3.93075 4.97436 4.25093 4.97436H4.63743C4.95762 4.97436 5.21719 5.23132 5.21719 5.5483C5.21719 5.86528 4.95762 6.12224 4.63743 6.12224H4.25093C3.93075 6.12224 3.67118 5.86528 3.67118 5.5483ZM4.25093 11.0961C3.93075 11.0961 3.67118 11.3531 3.67118 11.6701C3.67118 11.987 3.93075 12.244 4.25093 12.244H4.63743C4.95762 12.244 5.21719 11.987 5.21719 11.6701C5.21719 11.3531 4.95762 11.0961 4.63743 11.0961H4.25093ZM3.67118 8.60985C3.67118 8.29287 3.93075 8.03591 4.25093 8.03591H4.63743C4.95762 8.03591 5.21719 8.29287 5.21719 8.60985C5.21719 8.92684 4.95762 9.1838 4.63743 9.1838H4.25093C3.93075 9.1838 3.67118 8.92684 3.67118 8.60985ZM4.25093 14.157C3.93075 14.157 3.67118 14.414 3.67118 14.731C3.67118 15.0479 3.93075 15.3049 4.25093 15.3049H4.63743C4.95762 15.3049 5.21719 15.0479 5.21719 14.731C5.21719 14.414 4.95762 14.157 4.63743 14.157H4.25093Z" fill="#EB0203"></path>
                    <path fill-rule="evenodd" clip-rule="evenodd" d="M14.6252 13.6363C13.4918 12.6215 11.7817 12.5264 10.6569 13.4792C9.12421 14.7764 9.34841 16.8912 10.4409 18.0122L14.0159 21.6742C14.2197 21.8832 14.4928 22 14.7822 22C15.0737 22 15.3448 21.8852 15.5486 21.6762L19.1236 18.0142C20.214 16.8933 20.4423 14.7785 18.9075 13.4792C17.7827 12.5283 16.0724 12.6217 14.9391 13.6365C14.8855 13.6845 14.8331 13.7345 14.7822 13.7866C14.7313 13.7345 14.6789 13.6843 14.6252 13.6363ZM18.1546 14.3522C19.0973 15.1508 18.9962 16.4896 18.2891 17.2173C18.2888 17.2175 18.2886 17.2177 18.2884 17.218L14.7832 20.8084L11.2753 17.2151C11.2752 17.215 11.2751 17.2149 11.2749 17.2148C10.5677 16.4887 10.4678 15.1495 11.4104 14.3518L11.4108 14.3514C12.0745 13.7892 13.2018 13.82 13.9488 14.5846L14.7822 15.4378L15.6157 14.5846C16.3617 13.8211 17.4896 13.79 18.1545 14.3521" fill="#EB0203"></path>
                    </svg>
                    <svg class="inactive-content" width="100%" height="100%" viewBox="0 0 20 23" fill="none" xmlns="http://www.w3.org/2000/svg">
                    <path fill-rule="evenodd" clip-rule="evenodd" d="M6.18408 5.77914C6.18408 5.46223 6.44363 5.20532 6.7638 5.20532H12.3678C12.6879 5.20532 12.9475 5.46223 12.9475 5.77914C12.9475 6.09606 12.6879 6.35297 12.3678 6.35297H6.7638C6.44363 6.35297 6.18408 6.09606 6.18408 5.77914Z" fill="#EB0203"></path>
                    <path fill-rule="evenodd" clip-rule="evenodd" d="M6.18408 11.9034C6.18408 11.5865 6.44363 11.3296 6.7638 11.3296H12.3678C12.6879 11.3296 12.9475 11.5865 12.9475 11.9034C12.9475 12.2202 12.6879 12.4771 12.3678 12.4771H6.7638C6.44363 12.4771 6.18408 12.2202 6.18408 11.9034Z" fill="#EB0203"></path>
                    <path fill-rule="evenodd" clip-rule="evenodd" d="M6.18408 8.84116C6.18408 8.52424 6.44363 8.26733 6.7638 8.26733H12.3678C12.6879 8.26733 12.9475 8.52424 12.9475 8.84116C12.9475 9.15807 12.6879 9.41498 12.3678 9.41498H6.7638C6.44363 9.41498 6.18408 9.15807 6.18408 8.84116Z" fill="#EB0203"></path>
                    <path fill-rule="evenodd" clip-rule="evenodd" d="M6.18408 14.9655C6.18408 14.6486 6.44363 14.3917 6.7638 14.3917H10.1455C10.4657 14.3917 10.7252 14.6486 10.7252 14.9655C10.7252 15.2825 10.4657 15.5394 10.1455 15.5394H6.7638C6.44363 15.5394 6.18408 15.2825 6.18408 14.9655Z" fill="#EB0203"></path>
                    <path fill-rule="evenodd" clip-rule="evenodd" d="M3.67139 5.77914C3.67139 5.46223 3.93094 5.20532 4.25111 5.20532H4.63759C4.95776 5.20532 5.21731 5.46223 5.21731 5.77914C5.21731 6.09606 4.95776 6.35297 4.63759 6.35297H4.25111C3.93094 6.35297 3.67139 6.09606 3.67139 5.77914Z" fill="#EB0203"></path>
                    <path fill-rule="evenodd" clip-rule="evenodd" d="M3.67139 11.9034C3.67139 11.5865 3.93094 11.3296 4.25111 11.3296H4.63759C4.95776 11.3296 5.21731 11.5865 5.21731 11.9034C5.21731 12.2202 4.95776 12.4771 4.63759 12.4771H4.25111C3.93094 12.4771 3.67139 12.2202 3.67139 11.9034Z" fill="#EB0203"></path>
                    <path fill-rule="evenodd" clip-rule="evenodd" d="M3.67139 8.84116C3.67139 8.52424 3.93094 8.26733 4.25111 8.26733H4.63759C4.95776 8.26733 5.21731 8.52424 5.21731 8.84116C5.21731 9.15807 4.95776 9.41498 4.63759 9.41498H4.25111C3.93094 9.41498 3.67139 9.15807 3.67139 8.84116Z" fill="#EB0203"></path>
                    <path fill-rule="evenodd" clip-rule="evenodd" d="M3.67139 14.9655C3.67139 14.6486 3.93094 14.3917 4.25111 14.3917H4.63759C4.95776 14.3917 5.21731 14.6486 5.21731 14.9655C5.21731 15.2825 4.95776 15.5394 4.63759 15.5394H4.25111C3.93094 15.5394 3.67139 15.2825 3.67139 14.9655Z" fill="#EB0203"></path>
                    <path fill-rule="evenodd" clip-rule="evenodd" d="M0 1.76033C0 0.914738 0.692131 0.229248 1.54592 0.229248H15.0727C15.9265 0.229248 16.6186 0.914738 16.6186 1.76033V11.2818C16.6186 11.5989 16.3591 11.8559 16.0389 11.8559C15.7187 11.8559 15.4592 11.5989 15.4592 11.2818V1.76033C15.4592 1.54893 15.2862 1.37756 15.0727 1.37756H1.54592C1.33247 1.37756 1.15944 1.54893 1.15944 1.76033V18.985C1.15944 19.1964 1.33247 19.3678 1.54592 19.3678H9.27551C9.59568 19.3678 9.85523 19.6249 9.85523 19.942C9.85523 20.2591 9.59568 20.5161 9.27551 20.5161H1.54592C0.692131 20.5161 0 19.8306 0 18.985V1.76033Z" fill="#EB0203"></path>
                    <path fill-rule="evenodd" clip-rule="evenodd" d="M14.6254 13.8718C13.4921 12.8567 11.7821 12.7615 10.6574 13.7147C9.12472 15.0124 9.34891 17.128 10.4413 18.2493L14.0161 21.9126C14.2199 22.1217 14.493 22.2386 14.7824 22.2386C15.0739 22.2386 15.3449 22.1238 15.5487 21.9147L19.1235 18.2514C20.2139 17.13 20.4422 15.0144 18.9075 13.7147C17.7827 12.7634 16.0726 12.8569 14.9392 13.872C14.8856 13.92 14.8333 13.9701 14.7824 14.0222C14.7314 13.97 14.6791 13.9199 14.6254 13.8718ZM18.1546 14.588C19.0972 15.3869 18.9961 16.7262 18.2891 17.4541C18.2888 17.4543 18.2886 17.4546 18.2884 17.4548L14.7834 21.0466L11.2757 17.452C11.2756 17.4519 11.2755 17.4517 11.2753 17.4516C10.5681 16.7252 10.4682 15.3856 11.4108 14.5876L11.4112 14.5872C12.0748 14.0248 13.202 14.0556 13.949 14.8205L14.7824 15.674L15.6158 14.8205C16.3618 14.0567 17.4896 14.0256 18.1545 14.5879" fill="#EB0203"></path>
                    </svg>
                    </button>
                    </div>
                    <div class="col-sm-10 col-12">
                    <div class="ct-tile-quantity d-none" data-pid="5184892">
                    <input type="hidden" class="add-to-cart-url" value="https://www.continente.pt/on/demandware.store/Sites-continente-Site/default/Cart-AddProduct">
                    <div class="d-none tile-delete-confirmation-btn" data-pid="5184892" data-delay-time="3000" data-in-cart-msg="no carrinho" data-one-product-added="Adicionado ao carrinho" data-remove-from-cart-msg="Removido do carrinho" data-stay-open="6000.0" data-confirmation-image="{&quot;url&quot;:&quot;https://www.continente.pt/dw/image/v2/BDVS_PRD/on/demandware.static/-/Sites-col-master-catalog/default/dw85a582b6/images/col/518/5184892-frente.jpg?sw=87&amp;sh=80&quot;,&quot;fallbackimage&quot;:{&quot;url&quot;:&quot;https://www.continente.pt/dw/image/v2/BDVS_PRD/on/demandware.static/Sites-continente-Site/-/default/dw7c42b4da/images/noimagelarge_product.png?sw=87&amp;sh=80&quot;,&quot;title&quot;:&quot;Massa Folhada Retangular&quot;,&quot;alt&quot;:&quot;Massa Folhada Retangular&quot;},&quot;title&quot;:&quot;Massa Folhada Retangular&quot;,&quot;alt&quot;:&quot;Massa Folhada Retangular&quot;}"></div>
                    <div class="ct-tile-quantity-update quantity-update product-qty-vue" data-remove-action="https://www.continente.pt/on/demandware.store/Sites-continente-Site/default/Cart-RemoveProductLineItem" data-action="https://www.continente.pt/on/demandware.store/Sites-continente-Site/default/Cart-UpdateQuantity" data-dimension-update="https://www.continente.pt/on/demandware.store/Sites-continente-Site/default/Cart-DimensionUpdate" data-pid="5184892" data-uuid="d2879f110e2ac566ff66110f68" data-add-delay="500.0" data-measure-options="{&quot;hasConversionRate&quot;:false,&quot;hasAlternativeSaleUnit&quot;:false,&quot;unitConversionRate&quot;:null,&quot;minOrderQuantity&quot;:1,&quot;stepQuantity&quot;:1,&quot;primaryunit&quot;:&quot;un&quot;,&quot;secondaryunit&quot;:&quot;kg&quot;,&quot;selectedunit&quot;:&quot;primary&quot;,&quot;maxNumberOfUnitsPerSale&quot;:50}" data-price-available="null" :data-has-error="isMaxQtyReached || isMinQtyReached || qtySelectedMoreThanOne">
                    <template v-show="prodUnits">
                    <div class="quantity-input-wrapper has-units">
                    <label class="visually-hidden" :for="'quantity-' + pid + additionalTag">
                    Quantidade no carrinho
                    </label>
                    <input :ref="'quantityInput-' + pid + additionalTag" class="add-to-cart-quantity form-control ct-form-input text-center" inputmode="numeric" :class="{'is-invalid': isInvalid}" :data-pid="pid + additionalTag" :name="'quantity-' + pid + additionalTag" type="text" aria-label="Insira a quantidade" title="" v-model="displayValue" @change="updateQuantity" @focus="updateQtyFormat" @blur="restoreQtyFormat" :disabled="!isPriceAvailable">
                    <span class="quantity-icon quantity-icon--minus">
                    <button class="decrease-quantity-btn" @click="updateQuantity" :disabled="!isPriceAvailable" role="button" aria-label="Reduzir quantidade">
                    <i class="css-math-minus"></i>
                    </button>
                    </span>
                     <span class="quantity-icon quantity-icon--plus">
                    <button class="increase-quantity-btn" @click="updateQuantity" :disabled="isMaxQtyReached || !isPriceAvailable" role="button" aria-label="Aumentar quantidade">
                    <i class="css-math-plus"></i>
                    </button>
                    <span class="quantity-btn-disabled-placeholder"></span>
                    </span>
                    <template v-if="isPDP">
                    <span class="quantity-error ct-span-error text-sm-center product-max-allocation" v-if="isMaxQtyReached">
                    Quantidade máxima atingida
                    </span>
                    <span class="quantity-error ct-span-product text-sm-center product-allocation" v-if="!isMinQtyReached &amp;&amp; !isMaxQtyReached">
                    {{quantitySelected}} no carrinho
                    </span>
                    <span class="quantity-error ct-span-error text-sm-center product-min-allocation" :data-pid="pid" v-if="isMinQtyReached &amp;&amp; !isMaxQtyReached">
                    Quantidade mínima atingida
                    </span>
                    </template>
                    </div>
                    <template v-if="showNotes">
                    <div class="add-note-link-container ">
                    <div class="add-note">
                    <a href="/produto/massa-folhada-retangular-continente-facil-bom-5184892.html?showNote=true" class="ct-add-note-redirect-pdp" aria-label="Adicionar comentário">
                    <span class="svg-wrapper svg-icon-notes" style="width:19px; height:20px">
                    <svg class="svg-inline icon-notes" viewBox="0 0 28 30" xmlns="http://www.w3.org/2000/svg" width="100%" height="100%"><path d="M21.738 0C22.985 0 24 1.04 24 2.319V12.47c0 .469-.37.848-.828.848-.457 0-.827-.38-.827-.848V2.32c0-.343-.273-.622-.607-.622H2.262c-.334 0-.607.279-.607.622V27.68c0 .343.273.622.607.622h7.81c.457 0 .827.38.827.849 0 .468-.37.848-.827.848h-7.81C1.015 30 0 28.96 0 27.681V2.32C0 1.04 1.015 0 2.262 0h19.476zm2.844 16.004l.227.007c.823.053 1.589.39 2.176.964.64.627.993 1.46.993 2.349 0 .888-.353 1.722-.993 2.348l-6.83 6.665c-.11.108-.247.186-.397.226l-5.032 1.363c-.078.021-.16.032-.241.032-.242 0-.478-.097-.647-.266-.23-.231-.314-.566-.218-.874l1.49-4.798c.044-.139.122-.266.227-.369l6.844-6.677c.64-.625 1.493-.97 2.401-.97zm-2.886 3.94l-4.922 4.802-.947 3.048 3.22-.872 4.897-4.78-2.248-2.197zm2.887-2.174c-.425 0-.824.162-1.124.455l-.484.472 2.248 2.197.484-.472c.62-.606.62-1.591 0-2.197l-.117-.104c-.283-.227-.636-.35-1.007-.35zm-10.839.022c.498 0 .904.396.904.883 0 .488-.406.884-.904.884H5.946c-.499 0-.904-.396-.904-.884 0-.487.405-.883.904-.883zm5.042-4.876c.498 0 .904.397.904.884s-.406.884-.904.884H5.946c-.499 0-.904-.397-.904-.884s.405-.884.904-.884zm0-4.875c.498 0 .904.396.904.884 0 .487-.406.883-.904.883H5.946c-.499 0-.904-.396-.904-.883 0-.488.405-.884.904-.884z" fill="#EB0203" fill-rule="evenodd"></path></svg>
                    </span>
                    <div class="available-note d-none"></div>
                    </a>
                    </div>
                    </div>
                    </template>
                    <div class="measurement-unit-section" v-if="isPriceAvailable &amp;&amp; prodUnits ? prodUnits.hasAlternativeUnit : false">
                    <div class="ct-form-radio" @click="setDimension">
                    <input type="radio" title="" class="ct-form-check-input product-measurement-unit" :data-type="prodUnits.selectedUnit == prodUnits.secondaryUnit ? 'primary' : ''" :id="prodUnits.secondaryUnit + '-' + pid + '-measurement-unit-ptile' + additionalTag" :name="'measurement-unit-' + pid + '-ptile' + additionalTag" :value="prodUnits.secondaryUnit" v-model="prodUnits.selectedUnit">
                    <label :class="prodUnits.secondaryUnit + '-label ct-form-check-label mb-0'" :for="prodUnits.secondaryUnit + '-' + pid + '-measurement-unit-ptile' + additionalTag">
                    {{prodUnits.secondaryUnit}}
                    </label>
                    <span class="checkmark"></span>
                    </div>
                    <div class="ct-form-radio" @click="setDimension">
                    <input type="radio" title="" class="ct-form-check-input product-measurement-unit" :data-type="prodUnits.selectedUnit == prodUnits.primaryUnit ? 'primary' : ''" :id="prodUnits.primaryUnit + '-' + pid + '-measurement-unit-ptile' + additionalTag" :name="'measurement-unit-' + pid + '-ptile' + additionalTag" :value="prodUnits.primaryUnit" v-model="prodUnits.selectedUnit">
                    <label :class="prodUnits.primaryUnit + '-label ct-form-check-label mb-0'" :for="prodUnits.primaryUnit + '-' + pid + '-measurement-unit-ptile' + additionalTag">
                    {{prodUnits.primaryUnit}}
                    </label>
                    <span class="checkmark"></span>
                    </div>
                    </div>
                    <template v-if="!isPDP &amp;&amp; isPriceAvailable">
                    <span class="quantity-error ct-span-error product-max-allocation" v-if="isMaxQtyReached">
                    Quantidade máxima atingida
                    </span>
                    <span class="quantity-error ct-span-product product-allocation" v-if="!isMinQtyReached &amp;&amp; !isMaxQtyReached">
                    {{quantitySelected}} no carrinho
                    </span>
                    <span class="quantity-error ct-span-error product-min-allocation" :data-pid="pid" v-if="isMinQtyReached &amp;&amp; !isMaxQtyReached">
                    Quantidade mínima atingida
                    </span>
                    </template>
                    </template>
                    </div>
                    <input class="quantity-value-mask d-none" name="quantity" type="number" min="0" value="">
                    </div>
                    <button type="button" class="add-to-cart button js-add-to-cart js-add-to-cart-tile 5184892 button--primary dynamic-layout-btn" data-toggle="modal" data-target="#chooseBonusProductModal" data-pid="5184892" data-quantity-value="null" aria-label="Carrinho">
                    <span class="d-block d-sm-none">
                    <span class="svg-wrapper svg-icon-cart" style="width:20px; height:20px">
                    <svg class="svg-inline icon-cart" xmlns="http://www.w3.org/2000/svg" viewBox="0 0 500 500" width="100%" height="100%"><path fill="#EB0203" fill-rule="evenodd" d="M 485.67317,94.386311 C 476.37798,83.847129 463.09468,78.03348 448.30404,78.03348 H 90.690813 L 87.079511,51.327997 C 83.185582,22.539551 62.962285,0 41.011841,0 H 14.727836 C 6.563151,0 0,6.5286975 0,14.580758 c 0,8.05206 6.5945535,14.580758 14.727836,14.580758 h 26.284005 c 4.710398,0 14.696435,9.855222 16.894619,26.021523 L 100.01739,368.0631 c 1.88416,13.77244 9.01256,26.70549 20.1605,36.37417 8.25889,7.15046 18.02511,11.9071 28.26237,13.89679 -4.17655,7.58572 -6.53175,16.25957 -6.53175,25.493 0,29.53459 24.27424,53.59751 54.13815,53.59751 29.8325,0 54.13814,-24.03184 54.13814,-53.59751 0,-8.79818 -2.19818,-17.09897 -5.9979,-24.43598 h 77.12488 c -3.79973,7.33701 -5.96652,15.6378 -5.96652,24.43598 0,29.53459 24.27424,53.59751 54.13817,53.59751 29.83249,0 54.13814,-24.03184 54.13814,-53.59751 0,-8.79818 -2.1982,-17.09897 -5.9979,-24.43598 h 38.56243 c 8.13328,0 14.72783,-6.5287 14.72783,-14.61183 0,-8.02098 -6.59455,-14.54967 -14.72783,-14.54967 H 159.24277 c -14.38241,0 -28.13677,-11.90711 -30.02092,-26.02153 l -3.07746,-22.88154 h 290.6314 c 14.03698,0 27.94834,-5.28513 39.06488,-14.95381 11.11652,-9.6376 18.27632,-22.57065 20.16048,-36.37417 l 21.10259,-156.78201 c 1.94694,-14.51858 -2.10398,-28.29103 -11.43057,-38.861299 z M 220.76053,443.82706 c 0,13.49265 -11.08513,24.46709 -24.68247,24.46709 -13.62874,0 -24.71387,-10.97444 -24.71387,-24.46709 0,-13.49262 11.08513,-24.43598 24.71387,-24.43598 13.59734,0 24.68247,10.94336 24.68247,24.43598 z m 173.43675,0 c 0,13.49265 -11.08512,24.46709 -24.68245,24.46709 -13.62876,0 -24.71388,-10.97444 -24.71388,-24.46709 0,-13.49262 11.08512,-24.43598 24.71388,-24.43598 13.59733,0 24.68245,10.94336 24.68245,24.43598 z m 73.7648,-314.46558 -21.13397,156.782 c -1.88416,14.11442 -15.63851,26.05261 -30.02091,26.05261 H 122.25046 L 94.616142,107.19499 H 448.33544 c 6.18632,0 11.61896,2.2695 15.23028,6.37326 3.64269,4.13484 5.21283,9.73086 4.39636,15.79323 z"></path></svg>
                    </span>
                    </span>
                    <span class="add-to-cart--text d-none d-sm-block">Carrinho</span>
                    </button>
                    </div>
                    </div>
                    </div>
                    </div>
                    
                    <div class="col-12 d-sm-none">
                    </div>
                    </div>
                    </div>
                    </div>
                    </div>
                    <div class="col-12 col-sm-3 col-lg-2 productTile" data-idx="35">
                    
                    <script type="text/javascript">//<!--
                    /* <![CDATA[ */
                    (function(){
                    try {
                        if(window.CQuotient) {
                        var cq_params = {};
                        
                        cq_params.cookieId = window.CQuotient.getCQCookieId();
                        cq_params.userId = window.CQuotient.getCQUserId();
                        cq_params.emailId = CQuotient.getCQHashedEmail();
                        cq_params.loginId = CQuotient.getCQHashedLogin();
                        cq_params.accumulate = true;
                        cq_params.products = [{
                            id: '4388590',
                            sku: ''
                        }];
                        cq_params.categoryId = 'refeicoes-faceis';
                        cq_params.refinements = '[{\"name\":\"priceMin\",\"value\":\"0.01\"},{\"name\":\"priceMax\",\"value\":\"null\"},{\"name\":\"curr\",\"value\":\"EUR\"},{\"name\":\"Category\",\"value\":\"refeicoes-faceis\"}]';
                        cq_params.personalized = 'false';
                        cq_params.sortingRule = 'FRESH-Refei\u00E7\u00F5es F\u00E1ceis';
                        cq_params.imageUUID = '__UNDEFINED__';
                        cq_params.realm = "BDVS";
                        cq_params.siteId = "continente";
                        cq_params.instanceType = "prd";
                        cq_params.queryLocale = "default";
                        cq_params.locale = window.CQuotient.locale;
                        
                        if(window.CQuotient.sendActivity)
                            window.CQuotient.sendActivity(CQuotient.clientId, 'viewCategory', cq_params);
                        else
                            window.CQuotient.activities.push({
                                activityType: 'viewCategory',
                                parameters: cq_params
                            });
                      }
                    } catch(err) {}
                    })();
                    /* ]]> */
                    // -->
                    </script>
                    <script type="text/javascript">//<!--
                    /* <![CDATA[ (viewCategoryProduct-active_data.js) */
                    (function(){
                    try {
                        if (dw.ac) {
                            var search_params = {};
                            search_params.persd = 'false';
                            search_params.refs = '[{\"name\":\"priceMin\",\"value\":\"0.01\"},{\"name\":\"priceMax\",\"value\":\"null\"},{\"name\":\"curr\",\"value\":\"EUR\"},{\"name\":\"Category\",\"value\":\"refeicoes-faceis\"}]';
                            search_params.sort = 'FRESH-Refei\u00E7\u00F5es F\u00E1ceis';
                            search_params.imageUUID = '';
                            search_params.searchID = 'adc2ebee-ded6-4d71-a833-c4f63de27d3e';
                            search_params.locale = 'default';
                            search_params.queryLocale = 'default';
                            search_params.showProducts = 'true';
                            dw.ac.applyContext({category: "refeicoes-faceis", searchData: search_params});
                            if (typeof dw.ac._scheduleDataSubmission === "function") {
                                dw.ac._scheduleDataSubmission();
                            }
                        }
                    } catch(err) {}
                    })();
                    /* ]]> */
                    // -->
                    </script>
                    <script type="text/javascript">//<!--
                    /* <![CDATA[ (viewProduct-active_data.js) */
                    dw.ac._capture({id: "4388590", type: "searchhit"});
                    /* ]]> */
                    // -->
                    </script>
                    <div class="product" data-pid="4388590">
                    <div class="product-tile pid-4388590 ct-product-tile data-layer-pushed" data-delay-time="3000" data-variants-mapping="[]" data-in-cart-msg="no carrinho" data-one-product-added="Adicionado ao carrinho" data-remove-from-cart-msg="Removido do carrinho" data-stay-open="6000.0" data-product-tile-impression="{&quot;name&quot;:&quot;4388590&quot;,&quot;id&quot;:&quot;4388590&quot;,&quot;price&quot;:1.29,&quot;brand&quot;:&quot;Continente Fácil &amp; Bom&quot;,&quot;category&quot;:[{&quot;category_level_1&quot;:&quot;Take-Away&quot;},{&quot;category_level_2&quot;:&quot;Sopas&quot;},{&quot;category_level_3&quot;:&quot;Tradicionais&quot;}],&quot;variant&quot;:&quot;&quot;}">
                    <div class="ct-inner-tile-wrap row no-gutters justify-content-center align-content-start">
                    
                    <div class="ct-image-container col-4 col-sm" data-confirmation-image="{&quot;url&quot;:&quot;https://www.continente.pt/dw/image/v2/BDVS_PRD/on/demandware.static/-/Sites-col-master-catalog/default/dw23cabee4/images/col/438/4388590-cima.jpg?sw=87&amp;sh=80&quot;,&quot;fallbackimage&quot;:{&quot;url&quot;:&quot;https://www.continente.pt/dw/image/v2/BDVS_PRD/on/demandware.static/Sites-continente-Site/-/default/dw7c42b4da/images/noimagelarge_product.png?sw=87&amp;sh=80&quot;,&quot;title&quot;:&quot;Creme de Cenoura&quot;,&quot;alt&quot;:&quot;Creme de Cenoura&quot;},&quot;title&quot;:&quot;Creme de Cenoura&quot;,&quot;alt&quot;:&quot;Creme de Cenoura&quot;}">
                    <a href="https://www.continente.pt/produto/creme-de-cenoura-continente-facil-bom-4388590.html?cgid=refeicoes-faceis">
                    <picture class="intrinsic intrinsic--square">
                    <img class="ct-tile-image lazyloaded" loading="lazy" onerror="this.onerror=null;this.src='/on/demandware.static/Sites-continente-Site/-/default/dw7c42b4da/images/noimagelarge_product.png';" data-src="https://www.continente.pt/dw/image/v2/BDVS_PRD/on/demandware.static/-/Sites-col-master-catalog/default/dw23cabee4/images/col/438/4388590-cima.jpg?sw=280&amp;sh=280" alt="Creme de Cenoura" title="Creme de Cenoura" src="https://www.continente.pt/dw/image/v2/BDVS_PRD/on/demandware.static/-/Sites-col-master-catalog/default/dw23cabee4/images/col/438/4388590-cima.jpg?sw=280&amp;sh=280">
                    </picture>
                    </a>
                    <div class="color-swatches d-flex" style="margin-left: 5px;">
                    <div class="swatches d-flex">
                    </div>
                    </div>
                    </div>
                    <div class="ct-tile-body col col-sm-auto ">
                    <div class="ct-pdp-details">
                    <div class="ct-pdp-link">
                    <a class="ct-tile--description" href="https://www.continente.pt/produto/creme-de-cenoura-continente-facil-bom-4388590.html?cgid=refeicoes-faceis">Creme de Cenoura</a>
                    <div class="ct-tile--favorite-top d-sm-none">
                    <button class="wishlist-toggler guest-mode inactive button button--tertiary" data-pid="4388590" data-add-url="https://www.continente.pt/on/demandware.store/Sites-continente-Site/default/Wishlist-AddProduct?pid=4388590" data-toggle="tooltip" aria-label="Adicionar aos favoritos " data-original-title="Adicionar aos favoritos" data-placement="top">
                    <svg class="active-content" width="100%" height="100%" viewBox="0 0 20 22" fill="none" xmlns="http://www.w3.org/2000/svg">
                    <path fill-rule="evenodd" clip-rule="evenodd" d="M0 1.53052C0 0.685236 0.692171 0 1.54601 0H15.0736C15.9274 0 16.6196 0.685235 16.6196 1.53052V13.4064L15.8127 13.922L14.2658 14.2658L12.7189 13.4064L10.6054 14.3818C10.4994 14.2451 10.3327 14.157 10.1452 14.157H6.76329C6.4431 14.157 6.18354 14.414 6.18354 14.731C6.18354 15.0479 6.4431 15.3049 6.76329 15.3049H10.1452C10.2478 15.3049 10.3441 15.2785 10.4277 15.2322L10.3126 16.8439L13.2345 20.2793H1.54601C0.69217 20.2793 0 19.5941 0 18.7488V1.53052ZM6.18354 5.5483C6.18354 5.23132 6.4431 4.97436 6.76329 4.97436H12.3676C12.6878 4.97436 12.9473 5.23132 12.9473 5.5483C12.9473 5.86528 12.6878 6.12224 12.3676 6.12224H6.76329C6.4431 6.12224 6.18354 5.86528 6.18354 5.5483ZM6.76329 11.0961C6.4431 11.0961 6.18354 11.3531 6.18354 11.6701C6.18354 11.987 6.4431 12.244 6.76329 12.244H12.3676C12.6878 12.244 12.9473 11.987 12.9473 11.6701C12.9473 11.3531 12.6878 11.0961 12.3676 11.0961H6.76329ZM6.18354 8.60985C6.18354 8.29287 6.4431 8.03591 6.76329 8.03591H12.3676C12.6878 8.03591 12.9473 8.29287 12.9473 8.60985C12.9473 8.92684 12.6878 9.1838 12.3676 9.1838H6.76329C6.4431 9.1838 6.18354 8.92684 6.18354 8.60985ZM3.67118 5.5483C3.67118 5.23132 3.93075 4.97436 4.25093 4.97436H4.63743C4.95762 4.97436 5.21719 5.23132 5.21719 5.5483C5.21719 5.86528 4.95762 6.12224 4.63743 6.12224H4.25093C3.93075 6.12224 3.67118 5.86528 3.67118 5.5483ZM4.25093 11.0961C3.93075 11.0961 3.67118 11.3531 3.67118 11.6701C3.67118 11.987 3.93075 12.244 4.25093 12.244H4.63743C4.95762 12.244 5.21719 11.987 5.21719 11.6701C5.21719 11.3531 4.95762 11.0961 4.63743 11.0961H4.25093ZM3.67118 8.60985C3.67118 8.29287 3.93075 8.03591 4.25093 8.03591H4.63743C4.95762 8.03591 5.21719 8.29287 5.21719 8.60985C5.21719 8.92684 4.95762 9.1838 4.63743 9.1838H4.25093C3.93075 9.1838 3.67118 8.92684 3.67118 8.60985ZM4.25093 14.157C3.93075 14.157 3.67118 14.414 3.67118 14.731C3.67118 15.0479 3.93075 15.3049 4.25093 15.3049H4.63743C4.95762 15.3049 5.21719 15.0479 5.21719 14.731C5.21719 14.414 4.95762 14.157 4.63743 14.157H4.25093Z" fill="#EB0203"></path>
                    <path fill-rule="evenodd" clip-rule="evenodd" d="M14.6252 13.6363C13.4918 12.6215 11.7817 12.5264 10.6569 13.4792C9.12421 14.7764 9.34841 16.8912 10.4409 18.0122L14.0159 21.6742C14.2197 21.8832 14.4928 22 14.7822 22C15.0737 22 15.3448 21.8852 15.5486 21.6762L19.1236 18.0142C20.214 16.8933 20.4423 14.7785 18.9075 13.4792C17.7827 12.5283 16.0724 12.6217 14.9391 13.6365C14.8855 13.6845 14.8331 13.7345 14.7822 13.7866C14.7313 13.7345 14.6789 13.6843 14.6252 13.6363ZM18.1546 14.3522C19.0973 15.1508 18.9962 16.4896 18.2891 17.2173C18.2888 17.2175 18.2886 17.2177 18.2884 17.218L14.7832 20.8084L11.2753 17.2151C11.2752 17.215 11.2751 17.2149 11.2749 17.2148C10.5677 16.4887 10.4678 15.1495 11.4104 14.3518L11.4108 14.3514C12.0745 13.7892 13.2018 13.82 13.9488 14.5846L14.7822 15.4378L15.6157 14.5846C16.3617 13.8211 17.4896 13.79 18.1545 14.3521" fill="#EB0203"></path>
                    </svg>
                    <svg class="inactive-content" width="100%" height="100%" viewBox="0 0 20 23" fill="none" xmlns="http://www.w3.org/2000/svg">
                    <path fill-rule="evenodd" clip-rule="evenodd" d="M6.18408 5.77914C6.18408 5.46223 6.44363 5.20532 6.7638 5.20532H12.3678C12.6879 5.20532 12.9475 5.46223 12.9475 5.77914C12.9475 6.09606 12.6879 6.35297 12.3678 6.35297H6.7638C6.44363 6.35297 6.18408 6.09606 6.18408 5.77914Z" fill="#EB0203"></path>
                    <path fill-rule="evenodd" clip-rule="evenodd" d="M6.18408 11.9034C6.18408 11.5865 6.44363 11.3296 6.7638 11.3296H12.3678C12.6879 11.3296 12.9475 11.5865 12.9475 11.9034C12.9475 12.2202 12.6879 12.4771 12.3678 12.4771H6.7638C6.44363 12.4771 6.18408 12.2202 6.18408 11.9034Z" fill="#EB0203"></path>
                    <path fill-rule="evenodd" clip-rule="evenodd" d="M6.18408 8.84116C6.18408 8.52424 6.44363 8.26733 6.7638 8.26733H12.3678C12.6879 8.26733 12.9475 8.52424 12.9475 8.84116C12.9475 9.15807 12.6879 9.41498 12.3678 9.41498H6.7638C6.44363 9.41498 6.18408 9.15807 6.18408 8.84116Z" fill="#EB0203"></path>
                    <path fill-rule="evenodd" clip-rule="evenodd" d="M6.18408 14.9655C6.18408 14.6486 6.44363 14.3917 6.7638 14.3917H10.1455C10.4657 14.3917 10.7252 14.6486 10.7252 14.9655C10.7252 15.2825 10.4657 15.5394 10.1455 15.5394H6.7638C6.44363 15.5394 6.18408 15.2825 6.18408 14.9655Z" fill="#EB0203"></path>
                    <path fill-rule="evenodd" clip-rule="evenodd" d="M3.67139 5.77914C3.67139 5.46223 3.93094 5.20532 4.25111 5.20532H4.63759C4.95776 5.20532 5.21731 5.46223 5.21731 5.77914C5.21731 6.09606 4.95776 6.35297 4.63759 6.35297H4.25111C3.93094 6.35297 3.67139 6.09606 3.67139 5.77914Z" fill="#EB0203"></path>
                    <path fill-rule="evenodd" clip-rule="evenodd" d="M3.67139 11.9034C3.67139 11.5865 3.93094 11.3296 4.25111 11.3296H4.63759C4.95776 11.3296 5.21731 11.5865 5.21731 11.9034C5.21731 12.2202 4.95776 12.4771 4.63759 12.4771H4.25111C3.93094 12.4771 3.67139 12.2202 3.67139 11.9034Z" fill="#EB0203"></path>
                    <path fill-rule="evenodd" clip-rule="evenodd" d="M3.67139 8.84116C3.67139 8.52424 3.93094 8.26733 4.25111 8.26733H4.63759C4.95776 8.26733 5.21731 8.52424 5.21731 8.84116C5.21731 9.15807 4.95776 9.41498 4.63759 9.41498H4.25111C3.93094 9.41498 3.67139 9.15807 3.67139 8.84116Z" fill="#EB0203"></path>
                    <path fill-rule="evenodd" clip-rule="evenodd" d="M3.67139 14.9655C3.67139 14.6486 3.93094 14.3917 4.25111 14.3917H4.63759C4.95776 14.3917 5.21731 14.6486 5.21731 14.9655C5.21731 15.2825 4.95776 15.5394 4.63759 15.5394H4.25111C3.93094 15.5394 3.67139 15.2825 3.67139 14.9655Z" fill="#EB0203"></path>
                    <path fill-rule="evenodd" clip-rule="evenodd" d="M0 1.76033C0 0.914738 0.692131 0.229248 1.54592 0.229248H15.0727C15.9265 0.229248 16.6186 0.914738 16.6186 1.76033V11.2818C16.6186 11.5989 16.3591 11.8559 16.0389 11.8559C15.7187 11.8559 15.4592 11.5989 15.4592 11.2818V1.76033C15.4592 1.54893 15.2862 1.37756 15.0727 1.37756H1.54592C1.33247 1.37756 1.15944 1.54893 1.15944 1.76033V18.985C1.15944 19.1964 1.33247 19.3678 1.54592 19.3678H9.27551C9.59568 19.3678 9.85523 19.6249 9.85523 19.942C9.85523 20.2591 9.59568 20.5161 9.27551 20.5161H1.54592C0.692131 20.5161 0 19.8306 0 18.985V1.76033Z" fill="#EB0203"></path>
                    <path fill-rule="evenodd" clip-rule="evenodd" d="M14.6254 13.8718C13.4921 12.8567 11.7821 12.7615 10.6574 13.7147C9.12472 15.0124 9.34891 17.128 10.4413 18.2493L14.0161 21.9126C14.2199 22.1217 14.493 22.2386 14.7824 22.2386C15.0739 22.2386 15.3449 22.1238 15.5487 21.9147L19.1235 18.2514C20.2139 17.13 20.4422 15.0144 18.9075 13.7147C17.7827 12.7634 16.0726 12.8569 14.9392 13.872C14.8856 13.92 14.8333 13.9701 14.7824 14.0222C14.7314 13.97 14.6791 13.9199 14.6254 13.8718ZM18.1546 14.588C19.0972 15.3869 18.9961 16.7262 18.2891 17.4541C18.2888 17.4543 18.2886 17.4546 18.2884 17.4548L14.7834 21.0466L11.2757 17.452C11.2756 17.4519 11.2755 17.4517 11.2753 17.4516C10.5681 16.7252 10.4682 15.3856 11.4108 14.5876L11.4112 14.5872C12.0748 14.0248 13.202 14.0556 13.949 14.8205L14.7824 15.674L15.6158 14.8205C16.3618 14.0567 17.4896 14.0256 18.1545 14.5879" fill="#EB0203"></path>
                    </svg>
                    </button>
                    </div>
                    </div>
                    <p class="ct-tile--brand">Continente Fácil &amp; Bom</p>
                    <p class="ct-tile--quantity">emb. 400 gr</p>
                    </div>
                    <div class="ct-tile-bottom row no-gutters justify-content-between">
                    <div class="ct-price-wrap col-8 col-sm-12">
                    <div class="price js-product-price">
                    <div class="prices-wrapper">
                    <span class="sales ct-tile--price-primary ">
                    
                    <span class="value" content="1.29">
                    <span class="ct-price-formatted">
                    €1,29
                    </span>
                    <span class="ct-m-unit">
                    /un
                    </span>
                    </span>
                    </span>
                    </div>
                    <div class="ct-tile--price-secondary">
                    <span class="ct-price-value">
                    €3,23
                    </span>
                    <span class="ct-m-unit">
                    /kg
                    </span>
                    </div>
                    </div>
                    </div>
                    <div class="ct-tile-buy-section d-flex justify-content-center no-gutters col-auto col-sm-12">
                    <div class="col-2 d-sm-flex d-none">
                    <button class="wishlist-toggler guest-mode inactive button button--tertiary" data-pid="4388590" data-add-url="https://www.continente.pt/on/demandware.store/Sites-continente-Site/default/Wishlist-AddProduct?pid=4388590" data-toggle="tooltip" aria-label="Adicionar aos favoritos " data-original-title="Adicionar aos favoritos" data-placement="top">
                    <svg class="active-content" width="100%" height="100%" viewBox="0 0 20 22" fill="none" xmlns="http://www.w3.org/2000/svg">
                    <path fill-rule="evenodd" clip-rule="evenodd" d="M0 1.53052C0 0.685236 0.692171 0 1.54601 0H15.0736C15.9274 0 16.6196 0.685235 16.6196 1.53052V13.4064L15.8127 13.922L14.2658 14.2658L12.7189 13.4064L10.6054 14.3818C10.4994 14.2451 10.3327 14.157 10.1452 14.157H6.76329C6.4431 14.157 6.18354 14.414 6.18354 14.731C6.18354 15.0479 6.4431 15.3049 6.76329 15.3049H10.1452C10.2478 15.3049 10.3441 15.2785 10.4277 15.2322L10.3126 16.8439L13.2345 20.2793H1.54601C0.69217 20.2793 0 19.5941 0 18.7488V1.53052ZM6.18354 5.5483C6.18354 5.23132 6.4431 4.97436 6.76329 4.97436H12.3676C12.6878 4.97436 12.9473 5.23132 12.9473 5.5483C12.9473 5.86528 12.6878 6.12224 12.3676 6.12224H6.76329C6.4431 6.12224 6.18354 5.86528 6.18354 5.5483ZM6.76329 11.0961C6.4431 11.0961 6.18354 11.3531 6.18354 11.6701C6.18354 11.987 6.4431 12.244 6.76329 12.244H12.3676C12.6878 12.244 12.9473 11.987 12.9473 11.6701C12.9473 11.3531 12.6878 11.0961 12.3676 11.0961H6.76329ZM6.18354 8.60985C6.18354 8.29287 6.4431 8.03591 6.76329 8.03591H12.3676C12.6878 8.03591 12.9473 8.29287 12.9473 8.60985C12.9473 8.92684 12.6878 9.1838 12.3676 9.1838H6.76329C6.4431 9.1838 6.18354 8.92684 6.18354 8.60985ZM3.67118 5.5483C3.67118 5.23132 3.93075 4.97436 4.25093 4.97436H4.63743C4.95762 4.97436 5.21719 5.23132 5.21719 5.5483C5.21719 5.86528 4.95762 6.12224 4.63743 6.12224H4.25093C3.93075 6.12224 3.67118 5.86528 3.67118 5.5483ZM4.25093 11.0961C3.93075 11.0961 3.67118 11.3531 3.67118 11.6701C3.67118 11.987 3.93075 12.244 4.25093 12.244H4.63743C4.95762 12.244 5.21719 11.987 5.21719 11.6701C5.21719 11.3531 4.95762 11.0961 4.63743 11.0961H4.25093ZM3.67118 8.60985C3.67118 8.29287 3.93075 8.03591 4.25093 8.03591H4.63743C4.95762 8.03591 5.21719 8.29287 5.21719 8.60985C5.21719 8.92684 4.95762 9.1838 4.63743 9.1838H4.25093C3.93075 9.1838 3.67118 8.92684 3.67118 8.60985ZM4.25093 14.157C3.93075 14.157 3.67118 14.414 3.67118 14.731C3.67118 15.0479 3.93075 15.3049 4.25093 15.3049H4.63743C4.95762 15.3049 5.21719 15.0479 5.21719 14.731C5.21719 14.414 4.95762 14.157 4.63743 14.157H4.25093Z" fill="#EB0203"></path>
                    <path fill-rule="evenodd" clip-rule="evenodd" d="M14.6252 13.6363C13.4918 12.6215 11.7817 12.5264 10.6569 13.4792C9.12421 14.7764 9.34841 16.8912 10.4409 18.0122L14.0159 21.6742C14.2197 21.8832 14.4928 22 14.7822 22C15.0737 22 15.3448 21.8852 15.5486 21.6762L19.1236 18.0142C20.214 16.8933 20.4423 14.7785 18.9075 13.4792C17.7827 12.5283 16.0724 12.6217 14.9391 13.6365C14.8855 13.6845 14.8331 13.7345 14.7822 13.7866C14.7313 13.7345 14.6789 13.6843 14.6252 13.6363ZM18.1546 14.3522C19.0973 15.1508 18.9962 16.4896 18.2891 17.2173C18.2888 17.2175 18.2886 17.2177 18.2884 17.218L14.7832 20.8084L11.2753 17.2151C11.2752 17.215 11.2751 17.2149 11.2749 17.2148C10.5677 16.4887 10.4678 15.1495 11.4104 14.3518L11.4108 14.3514C12.0745 13.7892 13.2018 13.82 13.9488 14.5846L14.7822 15.4378L15.6157 14.5846C16.3617 13.8211 17.4896 13.79 18.1545 14.3521" fill="#EB0203"></path>
                    </svg>
                    <svg class="inactive-content" width="100%" height="100%" viewBox="0 0 20 23" fill="none" xmlns="http://www.w3.org/2000/svg">
                    <path fill-rule="evenodd" clip-rule="evenodd" d="M6.18408 5.77914C6.18408 5.46223 6.44363 5.20532 6.7638 5.20532H12.3678C12.6879 5.20532 12.9475 5.46223 12.9475 5.77914C12.9475 6.09606 12.6879 6.35297 12.3678 6.35297H6.7638C6.44363 6.35297 6.18408 6.09606 6.18408 5.77914Z" fill="#EB0203"></path>
                    <path fill-rule="evenodd" clip-rule="evenodd" d="M6.18408 11.9034C6.18408 11.5865 6.44363 11.3296 6.7638 11.3296H12.3678C12.6879 11.3296 12.9475 11.5865 12.9475 11.9034C12.9475 12.2202 12.6879 12.4771 12.3678 12.4771H6.7638C6.44363 12.4771 6.18408 12.2202 6.18408 11.9034Z" fill="#EB0203"></path>
                    <path fill-rule="evenodd" clip-rule="evenodd" d="M6.18408 8.84116C6.18408 8.52424 6.44363 8.26733 6.7638 8.26733H12.3678C12.6879 8.26733 12.9475 8.52424 12.9475 8.84116C12.9475 9.15807 12.6879 9.41498 12.3678 9.41498H6.7638C6.44363 9.41498 6.18408 9.15807 6.18408 8.84116Z" fill="#EB0203"></path>
                    <path fill-rule="evenodd" clip-rule="evenodd" d="M6.18408 14.9655C6.18408 14.6486 6.44363 14.3917 6.7638 14.3917H10.1455C10.4657 14.3917 10.7252 14.6486 10.7252 14.9655C10.7252 15.2825 10.4657 15.5394 10.1455 15.5394H6.7638C6.44363 15.5394 6.18408 15.2825 6.18408 14.9655Z" fill="#EB0203"></path>
                    <path fill-rule="evenodd" clip-rule="evenodd" d="M3.67139 5.77914C3.67139 5.46223 3.93094 5.20532 4.25111 5.20532H4.63759C4.95776 5.20532 5.21731 5.46223 5.21731 5.77914C5.21731 6.09606 4.95776 6.35297 4.63759 6.35297H4.25111C3.93094 6.35297 3.67139 6.09606 3.67139 5.77914Z" fill="#EB0203"></path>
                    <path fill-rule="evenodd" clip-rule="evenodd" d="M3.67139 11.9034C3.67139 11.5865 3.93094 11.3296 4.25111 11.3296H4.63759C4.95776 11.3296 5.21731 11.5865 5.21731 11.9034C5.21731 12.2202 4.95776 12.4771 4.63759 12.4771H4.25111C3.93094 12.4771 3.67139 12.2202 3.67139 11.9034Z" fill="#EB0203"></path>
                    <path fill-rule="evenodd" clip-rule="evenodd" d="M3.67139 8.84116C3.67139 8.52424 3.93094 8.26733 4.25111 8.26733H4.63759C4.95776 8.26733 5.21731 8.52424 5.21731 8.84116C5.21731 9.15807 4.95776 9.41498 4.63759 9.41498H4.25111C3.93094 9.41498 3.67139 9.15807 3.67139 8.84116Z" fill="#EB0203"></path>
                    <path fill-rule="evenodd" clip-rule="evenodd" d="M3.67139 14.9655C3.67139 14.6486 3.93094 14.3917 4.25111 14.3917H4.63759C4.95776 14.3917 5.21731 14.6486 5.21731 14.9655C5.21731 15.2825 4.95776 15.5394 4.63759 15.5394H4.25111C3.93094 15.5394 3.67139 15.2825 3.67139 14.9655Z" fill="#EB0203"></path>
                    <path fill-rule="evenodd" clip-rule="evenodd" d="M0 1.76033C0 0.914738 0.692131 0.229248 1.54592 0.229248H15.0727C15.9265 0.229248 16.6186 0.914738 16.6186 1.76033V11.2818C16.6186 11.5989 16.3591 11.8559 16.0389 11.8559C15.7187 11.8559 15.4592 11.5989 15.4592 11.2818V1.76033C15.4592 1.54893 15.2862 1.37756 15.0727 1.37756H1.54592C1.33247 1.37756 1.15944 1.54893 1.15944 1.76033V18.985C1.15944 19.1964 1.33247 19.3678 1.54592 19.3678H9.27551C9.59568 19.3678 9.85523 19.6249 9.85523 19.942C9.85523 20.2591 9.59568 20.5161 9.27551 20.5161H1.54592C0.692131 20.5161 0 19.8306 0 18.985V1.76033Z" fill="#EB0203"></path>
                    <path fill-rule="evenodd" clip-rule="evenodd" d="M14.6254 13.8718C13.4921 12.8567 11.7821 12.7615 10.6574 13.7147C9.12472 15.0124 9.34891 17.128 10.4413 18.2493L14.0161 21.9126C14.2199 22.1217 14.493 22.2386 14.7824 22.2386C15.0739 22.2386 15.3449 22.1238 15.5487 21.9147L19.1235 18.2514C20.2139 17.13 20.4422 15.0144 18.9075 13.7147C17.7827 12.7634 16.0726 12.8569 14.9392 13.872C14.8856 13.92 14.8333 13.9701 14.7824 14.0222C14.7314 13.97 14.6791 13.9199 14.6254 13.8718ZM18.1546 14.588C19.0972 15.3869 18.9961 16.7262 18.2891 17.4541C18.2888 17.4543 18.2886 17.4546 18.2884 17.4548L14.7834 21.0466L11.2757 17.452C11.2756 17.4519 11.2755 17.4517 11.2753 17.4516C10.5681 16.7252 10.4682 15.3856 11.4108 14.5876L11.4112 14.5872C12.0748 14.0248 13.202 14.0556 13.949 14.8205L14.7824 15.674L15.6158 14.8205C16.3618 14.0567 17.4896 14.0256 18.1545 14.5879" fill="#EB0203"></path>
                    </svg>
                    </button>
                    </div>
                    <div class="col-sm-10 col-12">
                    <div class="ct-tile-quantity d-none" data-pid="4388590">
                    <input type="hidden" class="add-to-cart-url" value="https://www.continente.pt/on/demandware.store/Sites-continente-Site/default/Cart-AddProduct">
                    <div class="d-none tile-delete-confirmation-btn" data-pid="4388590" data-delay-time="3000" data-in-cart-msg="no carrinho" data-one-product-added="Adicionado ao carrinho" data-remove-from-cart-msg="Removido do carrinho" data-stay-open="6000.0" data-confirmation-image="{&quot;url&quot;:&quot;https://www.continente.pt/dw/image/v2/BDVS_PRD/on/demandware.static/-/Sites-col-master-catalog/default/dw23cabee4/images/col/438/4388590-cima.jpg?sw=87&amp;sh=80&quot;,&quot;fallbackimage&quot;:{&quot;url&quot;:&quot;https://www.continente.pt/dw/image/v2/BDVS_PRD/on/demandware.static/Sites-continente-Site/-/default/dw7c42b4da/images/noimagelarge_product.png?sw=87&amp;sh=80&quot;,&quot;title&quot;:&quot;Creme de Cenoura&quot;,&quot;alt&quot;:&quot;Creme de Cenoura&quot;},&quot;title&quot;:&quot;Creme de Cenoura&quot;,&quot;alt&quot;:&quot;Creme de Cenoura&quot;}"></div>
                    <div class="ct-tile-quantity-update quantity-update product-qty-vue" data-remove-action="https://www.continente.pt/on/demandware.store/Sites-continente-Site/default/Cart-RemoveProductLineItem" data-action="https://www.continente.pt/on/demandware.store/Sites-continente-Site/default/Cart-UpdateQuantity" data-dimension-update="https://www.continente.pt/on/demandware.store/Sites-continente-Site/default/Cart-DimensionUpdate" data-pid="4388590" data-uuid="ce5370efd72b1dbd6b8a07b5be" data-add-delay="500.0" data-measure-options="{&quot;hasConversionRate&quot;:true,&quot;hasAlternativeSaleUnit&quot;:false,&quot;primaryToSecondary&quot;:1,&quot;secondaryToPrimary&quot;:1,&quot;unitConversionRate&quot;:1,&quot;minOrderQuantity&quot;:1,&quot;stepQuantity&quot;:1,&quot;primaryunit&quot;:&quot;un&quot;,&quot;secondaryunit&quot;:&quot;kg&quot;,&quot;selectedunit&quot;:&quot;primary&quot;,&quot;maxNumberOfUnitsPerSale&quot;:50}" data-price-available="null" :data-has-error="isMaxQtyReached || isMinQtyReached || qtySelectedMoreThanOne">
                    <template v-show="prodUnits">
                    <div class="quantity-input-wrapper has-units">
                    <label class="visually-hidden" :for="'quantity-' + pid + additionalTag">
                    Quantidade no carrinho
                    </label>
                    <input :ref="'quantityInput-' + pid + additionalTag" class="add-to-cart-quantity form-control ct-form-input text-center" inputmode="numeric" :class="{'is-invalid': isInvalid}" :data-pid="pid + additionalTag" :name="'quantity-' + pid + additionalTag" type="text" aria-label="Insira a quantidade" title="" v-model="displayValue" @change="updateQuantity" @focus="updateQtyFormat" @blur="restoreQtyFormat" :disabled="!isPriceAvailable">
                    <span class="quantity-icon quantity-icon--minus">
                    <button class="decrease-quantity-btn" @click="updateQuantity" :disabled="!isPriceAvailable" role="button" aria-label="Reduzir quantidade">
                    <i class="css-math-minus"></i>
                    </button>
                    </span>
                    <span class="quantity-icon quantity-icon--plus">
                    <button class="increase-quantity-btn" @click="updateQuantity" :disabled="isMaxQtyReached || !isPriceAvailable" role="button" aria-label="Aumentar quantidade">
                    <i class="css-math-plus"></i>
                    </button>
                    <span class="quantity-btn-disabled-placeholder"></span>
                    </span>
                    <template v-if="isPDP">
                    <span class="quantity-error ct-span-error text-sm-center product-max-allocation" v-if="isMaxQtyReached">
                    Quantidade máxima atingida
                    </span>
                    <span class="quantity-error ct-span-product text-sm-center product-allocation" v-if="!isMinQtyReached &amp;&amp; !isMaxQtyReached">
                    {{quantitySelected}} no carrinho
                    </span>
                    <span class="quantity-error ct-span-error text-sm-center product-min-allocation" :data-pid="pid" v-if="isMinQtyReached &amp;&amp; !isMaxQtyReached">
                    Quantidade mínima atingida
                    </span>
                    </template>
                    </div>
                    <template v-if="showNotes">
                    <div class="add-note-link-container ">
                    <div class="add-note">
                    <a href="/produto/creme-de-cenoura-continente-facil-bom-4388590.html?showNote=true" class="ct-add-note-redirect-pdp" aria-label="Adicionar comentário">
                    <span class="svg-wrapper svg-icon-notes" style="width:19px; height:20px">
                    <svg class="svg-inline icon-notes" viewBox="0 0 28 30" xmlns="http://www.w3.org/2000/svg" width="100%" height="100%"><path d="M21.738 0C22.985 0 24 1.04 24 2.319V12.47c0 .469-.37.848-.828.848-.457 0-.827-.38-.827-.848V2.32c0-.343-.273-.622-.607-.622H2.262c-.334 0-.607.279-.607.622V27.68c0 .343.273.622.607.622h7.81c.457 0 .827.38.827.849 0 .468-.37.848-.827.848h-7.81C1.015 30 0 28.96 0 27.681V2.32C0 1.04 1.015 0 2.262 0h19.476zm2.844 16.004l.227.007c.823.053 1.589.39 2.176.964.64.627.993 1.46.993 2.349 0 .888-.353 1.722-.993 2.348l-6.83 6.665c-.11.108-.247.186-.397.226l-5.032 1.363c-.078.021-.16.032-.241.032-.242 0-.478-.097-.647-.266-.23-.231-.314-.566-.218-.874l1.49-4.798c.044-.139.122-.266.227-.369l6.844-6.677c.64-.625 1.493-.97 2.401-.97zm-2.886 3.94l-4.922 4.802-.947 3.048 3.22-.872 4.897-4.78-2.248-2.197zm2.887-2.174c-.425 0-.824.162-1.124.455l-.484.472 2.248 2.197.484-.472c.62-.606.62-1.591 0-2.197l-.117-.104c-.283-.227-.636-.35-1.007-.35zm-10.839.022c.498 0 .904.396.904.883 0 .488-.406.884-.904.884H5.946c-.499 0-.904-.396-.904-.884 0-.487.405-.883.904-.883zm5.042-4.876c.498 0 .904.397.904.884s-.406.884-.904.884H5.946c-.499 0-.904-.397-.904-.884s.405-.884.904-.884zm0-4.875c.498 0 .904.396.904.884 0 .487-.406.883-.904.883H5.946c-.499 0-.904-.396-.904-.883 0-.488.405-.884.904-.884z" fill="#EB0203" fill-rule="evenodd"></path></svg>
                    </span>
                    <div class="available-note d-none"></div>
                    </a>
                    </div>
                    </div>
                    </template>
                    <div class="measurement-unit-section" v-if="isPriceAvailable &amp;&amp; prodUnits ? prodUnits.hasAlternativeUnit : false">
                    <div class="ct-form-radio" @click="setDimension">
                    <input type="radio" title="" class="ct-form-check-input product-measurement-unit" :data-type="prodUnits.selectedUnit == prodUnits.secondaryUnit ? 'primary' : ''" :id="prodUnits.secondaryUnit + '-' + pid + '-measurement-unit-ptile' + additionalTag" :name="'measurement-unit-' + pid + '-ptile' + additionalTag" :value="prodUnits.secondaryUnit" v-model="prodUnits.selectedUnit">
                    <label :class="prodUnits.secondaryUnit + '-label ct-form-check-label mb-0'" :for="prodUnits.secondaryUnit + '-' + pid + '-measurement-unit-ptile' + additionalTag">
                    {{prodUnits.secondaryUnit}}
                    </label>
                    <span class="checkmark"></span>
                    </div>
                    <div class="ct-form-radio" @click="setDimension">
                    <input type="radio" title="" class="ct-form-check-input product-measurement-unit" :data-type="prodUnits.selectedUnit == prodUnits.primaryUnit ? 'primary' : ''" :id="prodUnits.primaryUnit + '-' + pid + '-measurement-unit-ptile' + additionalTag" :name="'measurement-unit-' + pid + '-ptile' + additionalTag" :value="prodUnits.primaryUnit" v-model="prodUnits.selectedUnit">
                    <label :class="prodUnits.primaryUnit + '-label ct-form-check-label mb-0'" :for="prodUnits.primaryUnit + '-' + pid + '-measurement-unit-ptile' + additionalTag">
                    {{prodUnits.primaryUnit}}
                    </label>
                    <span class="checkmark"></span>
                    </div>
                    </div>
                    <template v-if="!isPDP &amp;&amp; isPriceAvailable">
                    <span class="quantity-error ct-span-error product-max-allocation" v-if="isMaxQtyReached">
                    Quantidade máxima atingida
                    </span>
                    <span class="quantity-error ct-span-product product-allocation" v-if="!isMinQtyReached &amp;&amp; !isMaxQtyReached">
                    {{quantitySelected}} no carrinho
                    </span>
                    <span class="quantity-error ct-span-error product-min-allocation" :data-pid="pid" v-if="isMinQtyReached &amp;&amp; !isMaxQtyReached">
                    Quantidade mínima atingida
                    </span>
                    </template>
                    </template>
                    </div>
                    <input class="quantity-value-mask d-none" name="quantity" type="number" min="0" value="">
                    </div>
                    <button type="button" class="add-to-cart button js-add-to-cart js-add-to-cart-tile 4388590 button--primary dynamic-layout-btn" data-toggle="modal" data-target="#chooseBonusProductModal" data-pid="4388590" data-quantity-value="null" aria-label="Carrinho">
                    <span class="d-block d-sm-none">
                    <span class="svg-wrapper svg-icon-cart" style="width:20px; height:20px">
                    <svg class="svg-inline icon-cart" xmlns="http://www.w3.org/2000/svg" viewBox="0 0 500 500" width="100%" height="100%"><path fill="#EB0203" fill-rule="evenodd" d="M 485.67317,94.386311 C 476.37798,83.847129 463.09468,78.03348 448.30404,78.03348 H 90.690813 L 87.079511,51.327997 C 83.185582,22.539551 62.962285,0 41.011841,0 H 14.727836 C 6.563151,0 0,6.5286975 0,14.580758 c 0,8.05206 6.5945535,14.580758 14.727836,14.580758 h 26.284005 c 4.710398,0 14.696435,9.855222 16.894619,26.021523 L 100.01739,368.0631 c 1.88416,13.77244 9.01256,26.70549 20.1605,36.37417 8.25889,7.15046 18.02511,11.9071 28.26237,13.89679 -4.17655,7.58572 -6.53175,16.25957 -6.53175,25.493 0,29.53459 24.27424,53.59751 54.13815,53.59751 29.8325,0 54.13814,-24.03184 54.13814,-53.59751 0,-8.79818 -2.19818,-17.09897 -5.9979,-24.43598 h 77.12488 c -3.79973,7.33701 -5.96652,15.6378 -5.96652,24.43598 0,29.53459 24.27424,53.59751 54.13817,53.59751 29.83249,0 54.13814,-24.03184 54.13814,-53.59751 0,-8.79818 -2.1982,-17.09897 -5.9979,-24.43598 h 38.56243 c 8.13328,0 14.72783,-6.5287 14.72783,-14.61183 0,-8.02098 -6.59455,-14.54967 -14.72783,-14.54967 H 159.24277 c -14.38241,0 -28.13677,-11.90711 -30.02092,-26.02153 l -3.07746,-22.88154 h 290.6314 c 14.03698,0 27.94834,-5.28513 39.06488,-14.95381 11.11652,-9.6376 18.27632,-22.57065 20.16048,-36.37417 l 21.10259,-156.78201 c 1.94694,-14.51858 -2.10398,-28.29103 -11.43057,-38.861299 z M 220.76053,443.82706 c 0,13.49265 -11.08513,24.46709 -24.68247,24.46709 -13.62874,0 -24.71387,-10.97444 -24.71387,-24.46709 0,-13.49262 11.08513,-24.43598 24.71387,-24.43598 13.59734,0 24.68247,10.94336 24.68247,24.43598 z m 173.43675,0 c 0,13.49265 -11.08512,24.46709 -24.68245,24.46709 -13.62876,0 -24.71388,-10.97444 -24.71388,-24.46709 0,-13.49262 11.08512,-24.43598 24.71388,-24.43598 13.59733,0 24.68245,10.94336 24.68245,24.43598 z m 73.7648,-314.46558 -21.13397,156.782 c -1.88416,14.11442 -15.63851,26.05261 -30.02091,26.05261 H 122.25046 L 94.616142,107.19499 H 448.33544 c 6.18632,0 11.61896,2.2695 15.23028,6.37326 3.64269,4.13484 5.21283,9.73086 4.39636,15.79323 z"></path></svg>
                    </span>
                    </span>
                    <span class="add-to-cart--text d-none d-sm-block">Carrinho</span>
                    </button>
                    </div>
                    </div>
                    </div>
                    </div>
                    
                    <div class="col-12 d-sm-none">
                    </div>
                    </div>
                    </div>
                    </div>
                    </div>
                    <div class="col-12 col-sm-3 col-lg-2 productTile" data-idx="36">
                    
                    <script type="text/javascript">//<!--
                    /* <![CDATA[ */
                    (function(){
                    try {
                        if(window.CQuotient) {
                        var cq_params = {};
                        
                        cq_params.cookieId = window.CQuotient.getCQCookieId();
                        cq_params.userId = window.CQuotient.getCQUserId();
                        cq_params.emailId = CQuotient.getCQHashedEmail();
                        cq_params.loginId = CQuotient.getCQHashedLogin();
                        cq_params.accumulate = true;
                        cq_params.products = [{
                            id: '3002456',
                            sku: ''
                        }];
                        cq_params.categoryId = 'refeicoes-faceis';
                        cq_params.refinements = '[{\"name\":\"priceMin\",\"value\":\"0.01\"},{\"name\":\"priceMax\",\"value\":\"null\"},{\"name\":\"curr\",\"value\":\"EUR\"},{\"name\":\"Category\",\"value\":\"refeicoes-faceis\"}]';
                        cq_params.personalized = 'false';
                        cq_params.sortingRule = 'FRESH-Refei\u00E7\u00F5es F\u00E1ceis';
                        cq_params.imageUUID = '__UNDEFINED__';
                        cq_params.realm = "BDVS";
                        cq_params.siteId = "continente";
                        cq_params.instanceType = "prd";
                        cq_params.queryLocale = "default";
                        cq_params.locale = window.CQuotient.locale;
                        
                        if(window.CQuotient.sendActivity)
                            window.CQuotient.sendActivity(CQuotient.clientId, 'viewCategory', cq_params);
                        else
                            window.CQuotient.activities.push({
                                activityType: 'viewCategory',
                                parameters: cq_params
                            });
                      }
                    } catch(err) {}
                    })();
                    /* ]]> */
                    // -->
                    </script>
                    <script type="text/javascript">//<!--
                    /* <![CDATA[ (viewCategoryProduct-active_data.js) */
                    (function(){
                    try {
                        if (dw.ac) {
                            var search_params = {};
                            search_params.persd = 'false';
                            search_params.refs = '[{\"name\":\"priceMin\",\"value\":\"0.01\"},{\"name\":\"priceMax\",\"value\":\"null\"},{\"name\":\"curr\",\"value\":\"EUR\"},{\"name\":\"Category\",\"value\":\"refeicoes-faceis\"}]';
                            search_params.sort = 'FRESH-Refei\u00E7\u00F5es F\u00E1ceis';
                            search_params.imageUUID = '';
                            search_params.searchID = 'adc2ebee-ded6-4d71-a833-c4f63de27d3e';
                            search_params.locale = 'default';
                            search_params.queryLocale = 'default';
                            search_params.showProducts = 'true';
                            dw.ac.applyContext({category: "refeicoes-faceis", searchData: search_params});
                            if (typeof dw.ac._scheduleDataSubmission === "function") {
                                dw.ac._scheduleDataSubmission();
                            }
                        }
                    } catch(err) {}
                    })();
                    /* ]]> */
                    // -->
                    </script>
                    <script type="text/javascript">//<!--
                    /* <![CDATA[ (viewProduct-active_data.js) */
                    dw.ac._capture({id: "3002456", type: "searchhit"});
                    /* ]]> */
                    // -->
                    </script>
                    <div class="product" data-pid="3002456">
                    
                    <div class="product-tile pid-3002456 ct-product-tile data-layer-pushed" data-delay-time="3000" data-variants-mapping="[]" data-in-cart-msg="no carrinho" data-one-product-added="Adicionado ao carrinho" data-remove-from-cart-msg="Removido do carrinho" data-stay-open="6000.0" data-product-tile-impression="{&quot;name&quot;:&quot;3002456&quot;,&quot;id&quot;:&quot;3002456&quot;,&quot;price&quot;:4.99,&quot;brand&quot;:&quot;Ristorante&quot;,&quot;category&quot;:[{&quot;category_level_1&quot;:&quot;Congelados&quot;},{&quot;category_level_2&quot;:&quot;Pizzas&quot;}],&quot;variant&quot;:&quot;&quot;}">
                    <div class="ct-inner-tile-wrap row no-gutters justify-content-center align-content-start">
                    
                    <div class="ct-image-container col-4 col-sm" data-confirmation-image="{&quot;url&quot;:&quot;https://www.continente.pt/dw/image/v2/BDVS_PRD/on/demandware.static/-/Sites-col-master-catalog/default/dw76c16153/images/col/300/3002456-direito.jpg?sw=87&amp;sh=80&quot;,&quot;fallbackimage&quot;:{&quot;url&quot;:&quot;https://www.continente.pt/dw/image/v2/BDVS_PRD/on/demandware.static/Sites-continente-Site/-/default/dw7c42b4da/images/noimagelarge_product.png?sw=87&amp;sh=80&quot;,&quot;title&quot;:&quot;Pizza Ristorante de Quatro Queijos&quot;,&quot;alt&quot;:&quot;Pizza Ristorante de Quatro Queijos&quot;},&quot;title&quot;:&quot;Pizza Ristorante de Quatro Queijos&quot;,&quot;alt&quot;:&quot;Pizza Ristorante de Quatro Queijos&quot;}">
                    <a href="https://www.continente.pt/produto/pizza-ristorante-de-quatro-queijos-ristorante-3002456.html?cgid=refeicoes-faceis">
                    <picture class="intrinsic intrinsic--square">
                    <img class="ct-tile-image lazyloaded" loading="lazy" onerror="this.onerror=null;this.src='/on/demandware.static/Sites-continente-Site/-/default/dw7c42b4da/images/noimagelarge_product.png';" data-src="https://www.continente.pt/dw/image/v2/BDVS_PRD/on/demandware.static/-/Sites-col-master-catalog/default/dw76c16153/images/col/300/3002456-direito.jpg?sw=280&amp;sh=280" alt="Pizza Ristorante de Quatro Queijos" title="Pizza Ristorante de Quatro Queijos" src="https://www.continente.pt/dw/image/v2/BDVS_PRD/on/demandware.static/-/Sites-col-master-catalog/default/dw76c16153/images/col/300/3002456-direito.jpg?sw=280&amp;sh=280">
                    </picture>
                    </a>
                    <div class=" ct-product-tile-badge ct-product-tile-badge--general">
                    <img class="img-fluid ct-tooltip-trigger lazyloaded" loading="lazy" data-src="https://www.continente.pt/dw/image/v2/BDVS_PRD/on/demandware.static/-/Sites-continente-Library/default/dwf71400b7/images/badges/general/col/congelado.png?sw=25&amp;sh=25" alt="Crachá do produto" title="" data-toggle="tooltip" data-placement="right" data-original-title="Congelado" src="https://www.continente.pt/dw/image/v2/BDVS_PRD/on/demandware.static/-/Sites-continente-Library/default/dwf71400b7/images/badges/general/col/congelado.png?sw=25&amp;sh=25">
                    </div>
                    <div class="color-swatches d-flex" style="margin-left: 5px;">
                    <div class="swatches d-flex">
                    </div>
                    </div>
                    </div>
                    <div class="ct-tile-body col col-sm-auto ">
                    <div class="ct-pdp-details">
                    <div class="ct-pdp-link">
                    <a class="ct-tile--description" href="https://www.continente.pt/produto/pizza-ristorante-de-quatro-queijos-ristorante-3002456.html?cgid=refeicoes-faceis">Pizza Ristorante de Quatro Queijos</a>
                    <div class="ct-tile--favorite-top d-sm-none">
                    <button class="wishlist-toggler guest-mode inactive button button--tertiary" data-pid="3002456" data-add-url="https://www.continente.pt/on/demandware.store/Sites-continente-Site/default/Wishlist-AddProduct?pid=3002456" data-toggle="tooltip" aria-label="Adicionar aos favoritos " data-original-title="Adicionar aos favoritos" data-placement="top">
                    <svg class="active-content" width="100%" height="100%" viewBox="0 0 20 22" fill="none" xmlns="http://www.w3.org/2000/svg">
                    <path fill-rule="evenodd" clip-rule="evenodd" d="M0 1.53052C0 0.685236 0.692171 0 1.54601 0H15.0736C15.9274 0 16.6196 0.685235 16.6196 1.53052V13.4064L15.8127 13.922L14.2658 14.2658L12.7189 13.4064L10.6054 14.3818C10.4994 14.2451 10.3327 14.157 10.1452 14.157H6.76329C6.4431 14.157 6.18354 14.414 6.18354 14.731C6.18354 15.0479 6.4431 15.3049 6.76329 15.3049H10.1452C10.2478 15.3049 10.3441 15.2785 10.4277 15.2322L10.3126 16.8439L13.2345 20.2793H1.54601C0.69217 20.2793 0 19.5941 0 18.7488V1.53052ZM6.18354 5.5483C6.18354 5.23132 6.4431 4.97436 6.76329 4.97436H12.3676C12.6878 4.97436 12.9473 5.23132 12.9473 5.5483C12.9473 5.86528 12.6878 6.12224 12.3676 6.12224H6.76329C6.4431 6.12224 6.18354 5.86528 6.18354 5.5483ZM6.76329 11.0961C6.4431 11.0961 6.18354 11.3531 6.18354 11.6701C6.18354 11.987 6.4431 12.244 6.76329 12.244H12.3676C12.6878 12.244 12.9473 11.987 12.9473 11.6701C12.9473 11.3531 12.6878 11.0961 12.3676 11.0961H6.76329ZM6.18354 8.60985C6.18354 8.29287 6.4431 8.03591 6.76329 8.03591H12.3676C12.6878 8.03591 12.9473 8.29287 12.9473 8.60985C12.9473 8.92684 12.6878 9.1838 12.3676 9.1838H6.76329C6.4431 9.1838 6.18354 8.92684 6.18354 8.60985ZM3.67118 5.5483C3.67118 5.23132 3.93075 4.97436 4.25093 4.97436H4.63743C4.95762 4.97436 5.21719 5.23132 5.21719 5.5483C5.21719 5.86528 4.95762 6.12224 4.63743 6.12224H4.25093C3.93075 6.12224 3.67118 5.86528 3.67118 5.5483ZM4.25093 11.0961C3.93075 11.0961 3.67118 11.3531 3.67118 11.6701C3.67118 11.987 3.93075 12.244 4.25093 12.244H4.63743C4.95762 12.244 5.21719 11.987 5.21719 11.6701C5.21719 11.3531 4.95762 11.0961 4.63743 11.0961H4.25093ZM3.67118 8.60985C3.67118 8.29287 3.93075 8.03591 4.25093 8.03591H4.63743C4.95762 8.03591 5.21719 8.29287 5.21719 8.60985C5.21719 8.92684 4.95762 9.1838 4.63743 9.1838H4.25093C3.93075 9.1838 3.67118 8.92684 3.67118 8.60985ZM4.25093 14.157C3.93075 14.157 3.67118 14.414 3.67118 14.731C3.67118 15.0479 3.93075 15.3049 4.25093 15.3049H4.63743C4.95762 15.3049 5.21719 15.0479 5.21719 14.731C5.21719 14.414 4.95762 14.157 4.63743 14.157H4.25093Z" fill="#EB0203"></path>
                    <path fill-rule="evenodd" clip-rule="evenodd" d="M14.6252 13.6363C13.4918 12.6215 11.7817 12.5264 10.6569 13.4792C9.12421 14.7764 9.34841 16.8912 10.4409 18.0122L14.0159 21.6742C14.2197 21.8832 14.4928 22 14.7822 22C15.0737 22 15.3448 21.8852 15.5486 21.6762L19.1236 18.0142C20.214 16.8933 20.4423 14.7785 18.9075 13.4792C17.7827 12.5283 16.0724 12.6217 14.9391 13.6365C14.8855 13.6845 14.8331 13.7345 14.7822 13.7866C14.7313 13.7345 14.6789 13.6843 14.6252 13.6363ZM18.1546 14.3522C19.0973 15.1508 18.9962 16.4896 18.2891 17.2173C18.2888 17.2175 18.2886 17.2177 18.2884 17.218L14.7832 20.8084L11.2753 17.2151C11.2752 17.215 11.2751 17.2149 11.2749 17.2148C10.5677 16.4887 10.4678 15.1495 11.4104 14.3518L11.4108 14.3514C12.0745 13.7892 13.2018 13.82 13.9488 14.5846L14.7822 15.4378L15.6157 14.5846C16.3617 13.8211 17.4896 13.79 18.1545 14.3521" fill="#EB0203"></path>
                    </svg>
                    <svg class="inactive-content" width="100%" height="100%" viewBox="0 0 20 23" fill="none" xmlns="http://www.w3.org/2000/svg">
                    <path fill-rule="evenodd" clip-rule="evenodd" d="M6.18408 5.77914C6.18408 5.46223 6.44363 5.20532 6.7638 5.20532H12.3678C12.6879 5.20532 12.9475 5.46223 12.9475 5.77914C12.9475 6.09606 12.6879 6.35297 12.3678 6.35297H6.7638C6.44363 6.35297 6.18408 6.09606 6.18408 5.77914Z" fill="#EB0203"></path>
                    <path fill-rule="evenodd" clip-rule="evenodd" d="M6.18408 11.9034C6.18408 11.5865 6.44363 11.3296 6.7638 11.3296H12.3678C12.6879 11.3296 12.9475 11.5865 12.9475 11.9034C12.9475 12.2202 12.6879 12.4771 12.3678 12.4771H6.7638C6.44363 12.4771 6.18408 12.2202 6.18408 11.9034Z" fill="#EB0203"></path>
                    <path fill-rule="evenodd" clip-rule="evenodd" d="M6.18408 8.84116C6.18408 8.52424 6.44363 8.26733 6.7638 8.26733H12.3678C12.6879 8.26733 12.9475 8.52424 12.9475 8.84116C12.9475 9.15807 12.6879 9.41498 12.3678 9.41498H6.7638C6.44363 9.41498 6.18408 9.15807 6.18408 8.84116Z" fill="#EB0203"></path>
                    <path fill-rule="evenodd" clip-rule="evenodd" d="M6.18408 14.9655C6.18408 14.6486 6.44363 14.3917 6.7638 14.3917H10.1455C10.4657 14.3917 10.7252 14.6486 10.7252 14.9655C10.7252 15.2825 10.4657 15.5394 10.1455 15.5394H6.7638C6.44363 15.5394 6.18408 15.2825 6.18408 14.9655Z" fill="#EB0203"></path>
                    <path fill-rule="evenodd" clip-rule="evenodd" d="M3.67139 5.77914C3.67139 5.46223 3.93094 5.20532 4.25111 5.20532H4.63759C4.95776 5.20532 5.21731 5.46223 5.21731 5.77914C5.21731 6.09606 4.95776 6.35297 4.63759 6.35297H4.25111C3.93094 6.35297 3.67139 6.09606 3.67139 5.77914Z" fill="#EB0203"></path>
                    <path fill-rule="evenodd" clip-rule="evenodd" d="M3.67139 11.9034C3.67139 11.5865 3.93094 11.3296 4.25111 11.3296H4.63759C4.95776 11.3296 5.21731 11.5865 5.21731 11.9034C5.21731 12.2202 4.95776 12.4771 4.63759 12.4771H4.25111C3.93094 12.4771 3.67139 12.2202 3.67139 11.9034Z" fill="#EB0203"></path>
                    <path fill-rule="evenodd" clip-rule="evenodd" d="M3.67139 8.84116C3.67139 8.52424 3.93094 8.26733 4.25111 8.26733H4.63759C4.95776 8.26733 5.21731 8.52424 5.21731 8.84116C5.21731 9.15807 4.95776 9.41498 4.63759 9.41498H4.25111C3.93094 9.41498 3.67139 9.15807 3.67139 8.84116Z" fill="#EB0203"></path>
                    <path fill-rule="evenodd" clip-rule="evenodd" d="M3.67139 14.9655C3.67139 14.6486 3.93094 14.3917 4.25111 14.3917H4.63759C4.95776 14.3917 5.21731 14.6486 5.21731 14.9655C5.21731 15.2825 4.95776 15.5394 4.63759 15.5394H4.25111C3.93094 15.5394 3.67139 15.2825 3.67139 14.9655Z" fill="#EB0203"></path>
                    <path fill-rule="evenodd" clip-rule="evenodd" d="M0 1.76033C0 0.914738 0.692131 0.229248 1.54592 0.229248H15.0727C15.9265 0.229248 16.6186 0.914738 16.6186 1.76033V11.2818C16.6186 11.5989 16.3591 11.8559 16.0389 11.8559C15.7187 11.8559 15.4592 11.5989 15.4592 11.2818V1.76033C15.4592 1.54893 15.2862 1.37756 15.0727 1.37756H1.54592C1.33247 1.37756 1.15944 1.54893 1.15944 1.76033V18.985C1.15944 19.1964 1.33247 19.3678 1.54592 19.3678H9.27551C9.59568 19.3678 9.85523 19.6249 9.85523 19.942C9.85523 20.2591 9.59568 20.5161 9.27551 20.5161H1.54592C0.692131 20.5161 0 19.8306 0 18.985V1.76033Z" fill="#EB0203"></path>
                    <path fill-rule="evenodd" clip-rule="evenodd" d="M14.6254 13.8718C13.4921 12.8567 11.7821 12.7615 10.6574 13.7147C9.12472 15.0124 9.34891 17.128 10.4413 18.2493L14.0161 21.9126C14.2199 22.1217 14.493 22.2386 14.7824 22.2386C15.0739 22.2386 15.3449 22.1238 15.5487 21.9147L19.1235 18.2514C20.2139 17.13 20.4422 15.0144 18.9075 13.7147C17.7827 12.7634 16.0726 12.8569 14.9392 13.872C14.8856 13.92 14.8333 13.9701 14.7824 14.0222C14.7314 13.97 14.6791 13.9199 14.6254 13.8718ZM18.1546 14.588C19.0972 15.3869 18.9961 16.7262 18.2891 17.4541C18.2888 17.4543 18.2886 17.4546 18.2884 17.4548L14.7834 21.0466L11.2757 17.452C11.2756 17.4519 11.2755 17.4517 11.2753 17.4516C10.5681 16.7252 10.4682 15.3856 11.4108 14.5876L11.4112 14.5872C12.0748 14.0248 13.202 14.0556 13.949 14.8205L14.7824 15.674L15.6158 14.8205C16.3618 14.0567 17.4896 14.0256 18.1545 14.5879" fill="#EB0203"></path>
                    </svg>
                    </button>
                    </div>
                    </div>
                    <p class="ct-tile--brand">Ristorante</p>
                    <p class="ct-tile--quantity">emb. 361 gr</p>
                    </div>
                    <div class="ct-tile-bottom row no-gutters justify-content-between">
                    <div class="ct-price-wrap col-8 col-sm-12">
                    <div class="price js-product-price">
                    <div class="prices-wrapper">
                    <span class="sales ct-tile--price-primary ">
                    <span class="value" content="4.99">
                    <span class="ct-price-formatted">
                    €4,99
                    </span>
                    <span class="ct-m-unit">
                    /un
                    </span>
                    </span>
                    </span>
                    </div>
                    <div class="ct-tile--price-secondary">
                    <span class="ct-price-value">
                    €15,59
                    </span>
                    <span class="ct-m-unit">
                    /kg
                    </span>
                    </div>
                    </div>
                    </div>
                    <div class="ct-tile-buy-section d-flex justify-content-center no-gutters col-auto col-sm-12">
                    <div class="col-2 d-sm-flex d-none">
                    <button class="wishlist-toggler guest-mode inactive button button--tertiary" data-pid="3002456" data-add-url="https://www.continente.pt/on/demandware.store/Sites-continente-Site/default/Wishlist-AddProduct?pid=3002456" data-toggle="tooltip" aria-label="Adicionar aos favoritos " data-original-title="Adicionar aos favoritos" data-placement="top">
                    <svg class="active-content" width="100%" height="100%" viewBox="0 0 20 22" fill="none" xmlns="http://www.w3.org/2000/svg">
                    <path fill-rule="evenodd" clip-rule="evenodd" d="M0 1.53052C0 0.685236 0.692171 0 1.54601 0H15.0736C15.9274 0 16.6196 0.685235 16.6196 1.53052V13.4064L15.8127 13.922L14.2658 14.2658L12.7189 13.4064L10.6054 14.3818C10.4994 14.2451 10.3327 14.157 10.1452 14.157H6.76329C6.4431 14.157 6.18354 14.414 6.18354 14.731C6.18354 15.0479 6.4431 15.3049 6.76329 15.3049H10.1452C10.2478 15.3049 10.3441 15.2785 10.4277 15.2322L10.3126 16.8439L13.2345 20.2793H1.54601C0.69217 20.2793 0 19.5941 0 18.7488V1.53052ZM6.18354 5.5483C6.18354 5.23132 6.4431 4.97436 6.76329 4.97436H12.3676C12.6878 4.97436 12.9473 5.23132 12.9473 5.5483C12.9473 5.86528 12.6878 6.12224 12.3676 6.12224H6.76329C6.4431 6.12224 6.18354 5.86528 6.18354 5.5483ZM6.76329 11.0961C6.4431 11.0961 6.18354 11.3531 6.18354 11.6701C6.18354 11.987 6.4431 12.244 6.76329 12.244H12.3676C12.6878 12.244 12.9473 11.987 12.9473 11.6701C12.9473 11.3531 12.6878 11.0961 12.3676 11.0961H6.76329ZM6.18354 8.60985C6.18354 8.29287 6.4431 8.03591 6.76329 8.03591H12.3676C12.6878 8.03591 12.9473 8.29287 12.9473 8.60985C12.9473 8.92684 12.6878 9.1838 12.3676 9.1838H6.76329C6.4431 9.1838 6.18354 8.92684 6.18354 8.60985ZM3.67118 5.5483C3.67118 5.23132 3.93075 4.97436 4.25093 4.97436H4.63743C4.95762 4.97436 5.21719 5.23132 5.21719 5.5483C5.21719 5.86528 4.95762 6.12224 4.63743 6.12224H4.25093C3.93075 6.12224 3.67118 5.86528 3.67118 5.5483ZM4.25093 11.0961C3.93075 11.0961 3.67118 11.3531 3.67118 11.6701C3.67118 11.987 3.93075 12.244 4.25093 12.244H4.63743C4.95762 12.244 5.21719 11.987 5.21719 11.6701C5.21719 11.3531 4.95762 11.0961 4.63743 11.0961H4.25093ZM3.67118 8.60985C3.67118 8.29287 3.93075 8.03591 4.25093 8.03591H4.63743C4.95762 8.03591 5.21719 8.29287 5.21719 8.60985C5.21719 8.92684 4.95762 9.1838 4.63743 9.1838H4.25093C3.93075 9.1838 3.67118 8.92684 3.67118 8.60985ZM4.25093 14.157C3.93075 14.157 3.67118 14.414 3.67118 14.731C3.67118 15.0479 3.93075 15.3049 4.25093 15.3049H4.63743C4.95762 15.3049 5.21719 15.0479 5.21719 14.731C5.21719 14.414 4.95762 14.157 4.63743 14.157H4.25093Z" fill="#EB0203"></path>
                    <path fill-rule="evenodd" clip-rule="evenodd" d="M14.6252 13.6363C13.4918 12.6215 11.7817 12.5264 10.6569 13.4792C9.12421 14.7764 9.34841 16.8912 10.4409 18.0122L14.0159 21.6742C14.2197 21.8832 14.4928 22 14.7822 22C15.0737 22 15.3448 21.8852 15.5486 21.6762L19.1236 18.0142C20.214 16.8933 20.4423 14.7785 18.9075 13.4792C17.7827 12.5283 16.0724 12.6217 14.9391 13.6365C14.8855 13.6845 14.8331 13.7345 14.7822 13.7866C14.7313 13.7345 14.6789 13.6843 14.6252 13.6363ZM18.1546 14.3522C19.0973 15.1508 18.9962 16.4896 18.2891 17.2173C18.2888 17.2175 18.2886 17.2177 18.2884 17.218L14.7832 20.8084L11.2753 17.2151C11.2752 17.215 11.2751 17.2149 11.2749 17.2148C10.5677 16.4887 10.4678 15.1495 11.4104 14.3518L11.4108 14.3514C12.0745 13.7892 13.2018 13.82 13.9488 14.5846L14.7822 15.4378L15.6157 14.5846C16.3617 13.8211 17.4896 13.79 18.1545 14.3521" fill="#EB0203"></path>
                    </svg>
                    <svg class="inactive-content" width="100%" height="100%" viewBox="0 0 20 23" fill="none" xmlns="http://www.w3.org/2000/svg">
                    <path fill-rule="evenodd" clip-rule="evenodd" d="M6.18408 5.77914C6.18408 5.46223 6.44363 5.20532 6.7638 5.20532H12.3678C12.6879 5.20532 12.9475 5.46223 12.9475 5.77914C12.9475 6.09606 12.6879 6.35297 12.3678 6.35297H6.7638C6.44363 6.35297 6.18408 6.09606 6.18408 5.77914Z" fill="#EB0203"></path>
                    <path fill-rule="evenodd" clip-rule="evenodd" d="M6.18408 11.9034C6.18408 11.5865 6.44363 11.3296 6.7638 11.3296H12.3678C12.6879 11.3296 12.9475 11.5865 12.9475 11.9034C12.9475 12.2202 12.6879 12.4771 12.3678 12.4771H6.7638C6.44363 12.4771 6.18408 12.2202 6.18408 11.9034Z" fill="#EB0203"></path>
                    <path fill-rule="evenodd" clip-rule="evenodd" d="M6.18408 8.84116C6.18408 8.52424 6.44363 8.26733 6.7638 8.26733H12.3678C12.6879 8.26733 12.9475 8.52424 12.9475 8.84116C12.9475 9.15807 12.6879 9.41498 12.3678 9.41498H6.7638C6.44363 9.41498 6.18408 9.15807 6.18408 8.84116Z" fill="#EB0203"></path>
                    <path fill-rule="evenodd" clip-rule="evenodd" d="M6.18408 14.9655C6.18408 14.6486 6.44363 14.3917 6.7638 14.3917H10.1455C10.4657 14.3917 10.7252 14.6486 10.7252 14.9655C10.7252 15.2825 10.4657 15.5394 10.1455 15.5394H6.7638C6.44363 15.5394 6.18408 15.2825 6.18408 14.9655Z" fill="#EB0203"></path>
                    <path fill-rule="evenodd" clip-rule="evenodd" d="M3.67139 5.77914C3.67139 5.46223 3.93094 5.20532 4.25111 5.20532H4.63759C4.95776 5.20532 5.21731 5.46223 5.21731 5.77914C5.21731 6.09606 4.95776 6.35297 4.63759 6.35297H4.25111C3.93094 6.35297 3.67139 6.09606 3.67139 5.77914Z" fill="#EB0203"></path>
                    <path fill-rule="evenodd" clip-rule="evenodd" d="M3.67139 11.9034C3.67139 11.5865 3.93094 11.3296 4.25111 11.3296H4.63759C4.95776 11.3296 5.21731 11.5865 5.21731 11.9034C5.21731 12.2202 4.95776 12.4771 4.63759 12.4771H4.25111C3.93094 12.4771 3.67139 12.2202 3.67139 11.9034Z" fill="#EB0203"></path>
                    <path fill-rule="evenodd" clip-rule="evenodd" d="M3.67139 8.84116C3.67139 8.52424 3.93094 8.26733 4.25111 8.26733H4.63759C4.95776 8.26733 5.21731 8.52424 5.21731 8.84116C5.21731 9.15807 4.95776 9.41498 4.63759 9.41498H4.25111C3.93094 9.41498 3.67139 9.15807 3.67139 8.84116Z" fill="#EB0203"></path>
                    <path fill-rule="evenodd" clip-rule="evenodd" d="M3.67139 14.9655C3.67139 14.6486 3.93094 14.3917 4.25111 14.3917H4.63759C4.95776 14.3917 5.21731 14.6486 5.21731 14.9655C5.21731 15.2825 4.95776 15.5394 4.63759 15.5394H4.25111C3.93094 15.5394 3.67139 15.2825 3.67139 14.9655Z" fill="#EB0203"></path>
                    <path fill-rule="evenodd" clip-rule="evenodd" d="M0 1.76033C0 0.914738 0.692131 0.229248 1.54592 0.229248H15.0727C15.9265 0.229248 16.6186 0.914738 16.6186 1.76033V11.2818C16.6186 11.5989 16.3591 11.8559 16.0389 11.8559C15.7187 11.8559 15.4592 11.5989 15.4592 11.2818V1.76033C15.4592 1.54893 15.2862 1.37756 15.0727 1.37756H1.54592C1.33247 1.37756 1.15944 1.54893 1.15944 1.76033V18.985C1.15944 19.1964 1.33247 19.3678 1.54592 19.3678H9.27551C9.59568 19.3678 9.85523 19.6249 9.85523 19.942C9.85523 20.2591 9.59568 20.5161 9.27551 20.5161H1.54592C0.692131 20.5161 0 19.8306 0 18.985V1.76033Z" fill="#EB0203"></path>
                    <path fill-rule="evenodd" clip-rule="evenodd" d="M14.6254 13.8718C13.4921 12.8567 11.7821 12.7615 10.6574 13.7147C9.12472 15.0124 9.34891 17.128 10.4413 18.2493L14.0161 21.9126C14.2199 22.1217 14.493 22.2386 14.7824 22.2386C15.0739 22.2386 15.3449 22.1238 15.5487 21.9147L19.1235 18.2514C20.2139 17.13 20.4422 15.0144 18.9075 13.7147C17.7827 12.7634 16.0726 12.8569 14.9392 13.872C14.8856 13.92 14.8333 13.9701 14.7824 14.0222C14.7314 13.97 14.6791 13.9199 14.6254 13.8718ZM18.1546 14.588C19.0972 15.3869 18.9961 16.7262 18.2891 17.4541C18.2888 17.4543 18.2886 17.4546 18.2884 17.4548L14.7834 21.0466L11.2757 17.452C11.2756 17.4519 11.2755 17.4517 11.2753 17.4516C10.5681 16.7252 10.4682 15.3856 11.4108 14.5876L11.4112 14.5872C12.0748 14.0248 13.202 14.0556 13.949 14.8205L14.7824 15.674L15.6158 14.8205C16.3618 14.0567 17.4896 14.0256 18.1545 14.5879" fill="#EB0203"></path>
                    </svg>
                    </button>
                    </div>
                    <div class="col-sm-10 col-12">
                    <div class="ct-tile-quantity d-none" data-pid="3002456">
                    <input type="hidden" class="add-to-cart-url" value="https://www.continente.pt/on/demandware.store/Sites-continente-Site/default/Cart-AddProduct">
                    <div class="d-none tile-delete-confirmation-btn" data-pid="3002456" data-delay-time="3000" data-in-cart-msg="no carrinho" data-one-product-added="Adicionado ao carrinho" data-remove-from-cart-msg="Removido do carrinho" data-stay-open="6000.0" data-confirmation-image="{&quot;url&quot;:&quot;https://www.continente.pt/dw/image/v2/BDVS_PRD/on/demandware.static/-/Sites-col-master-catalog/default/dw76c16153/images/col/300/3002456-direito.jpg?sw=87&amp;sh=80&quot;,&quot;fallbackimage&quot;:{&quot;url&quot;:&quot;https://www.continente.pt/dw/image/v2/BDVS_PRD/on/demandware.static/Sites-continente-Site/-/default/dw7c42b4da/images/noimagelarge_product.png?sw=87&amp;sh=80&quot;,&quot;title&quot;:&quot;Pizza Ristorante de Quatro Queijos&quot;,&quot;alt&quot;:&quot;Pizza Ristorante de Quatro Queijos&quot;},&quot;title&quot;:&quot;Pizza Ristorante de Quatro Queijos&quot;,&quot;alt&quot;:&quot;Pizza Ristorante de Quatro Queijos&quot;}"></div>
                    <div class="ct-tile-quantity-update quantity-update product-qty-vue" data-remove-action="https://www.continente.pt/on/demandware.store/Sites-continente-Site/default/Cart-RemoveProductLineItem" data-action="https://www.continente.pt/on/demandware.store/Sites-continente-Site/default/Cart-UpdateQuantity" data-dimension-update="https://www.continente.pt/on/demandware.store/Sites-continente-Site/default/Cart-DimensionUpdate" data-pid="3002456" data-uuid="bbe188c7e16e40782f0fd74445" data-add-delay="500.0" data-measure-options="{&quot;hasConversionRate&quot;:false,&quot;hasAlternativeSaleUnit&quot;:false,&quot;unitConversionRate&quot;:0,&quot;minOrderQuantity&quot;:1,&quot;stepQuantity&quot;:1,&quot;primaryunit&quot;:&quot;un&quot;,&quot;secondaryunit&quot;:&quot;kg&quot;,&quot;selectedunit&quot;:&quot;primary&quot;,&quot;maxNumberOfUnitsPerSale&quot;:50}" data-price-available="null" :data-has-error="isMaxQtyReached || isMinQtyReached || qtySelectedMoreThanOne">
                    <template v-show="prodUnits">
                    <div class="quantity-input-wrapper has-units">
                    <label class="visually-hidden" :for="'quantity-' + pid + additionalTag">
                    Quantidade no carrinho
                    </label>
                    <input :ref="'quantityInput-' + pid + additionalTag" class="add-to-cart-quantity form-control ct-form-input text-center" inputmode="numeric" :class="{'is-invalid': isInvalid}" :data-pid="pid + additionalTag" :name="'quantity-' + pid + additionalTag" type="text" aria-label="Insira a quantidade" title="" v-model="displayValue" @change="updateQuantity" @focus="updateQtyFormat" @blur="restoreQtyFormat" :disabled="!isPriceAvailable">
                    <span class="quantity-icon quantity-icon--minus">
                    <button class="decrease-quantity-btn" @click="updateQuantity" :disabled="!isPriceAvailable" role="button" aria-label="Reduzir quantidade">
                    <i class="css-math-minus"></i>
                    </button>
                    </span>
                    <span class="quantity-icon quantity-icon--plus">
                    <button class="increase-quantity-btn" @click="updateQuantity" :disabled="isMaxQtyReached || !isPriceAvailable" role="button" aria-label="Aumentar quantidade">
                    <i class="css-math-plus"></i>
                    </button>
                    <span class="quantity-btn-disabled-placeholder"></span>
                    </span>
                    <template v-if="isPDP">
                    <span class="quantity-error ct-span-error text-sm-center product-max-allocation" v-if="isMaxQtyReached">
                    Quantidade máxima atingida
                    </span>
                    <span class="quantity-error ct-span-product text-sm-center product-allocation" v-if="!isMinQtyReached &amp;&amp; !isMaxQtyReached">
                    {{quantitySelected}} no carrinho
                    </span>
                    <span class="quantity-error ct-span-error text-sm-center product-min-allocation" :data-pid="pid" v-if="isMinQtyReached &amp;&amp; !isMaxQtyReached">
                    Quantidade mínima atingida
                    </span>
                    </template>
                    </div>
                    <template v-if="showNotes">
                    <div class="add-note-link-container ">
                    <div class="add-note">
                    <a href="/produto/pizza-ristorante-de-quatro-queijos-ristorante-3002456.html?showNote=true" class="ct-add-note-redirect-pdp" aria-label="Adicionar comentário">
                    <span class="svg-wrapper svg-icon-notes" style="width:19px; height:20px">
                    <svg class="svg-inline icon-notes" viewBox="0 0 28 30" xmlns="http://www.w3.org/2000/svg" width="100%" height="100%"><path d="M21.738 0C22.985 0 24 1.04 24 2.319V12.47c0 .469-.37.848-.828.848-.457 0-.827-.38-.827-.848V2.32c0-.343-.273-.622-.607-.622H2.262c-.334 0-.607.279-.607.622V27.68c0 .343.273.622.607.622h7.81c.457 0 .827.38.827.849 0 .468-.37.848-.827.848h-7.81C1.015 30 0 28.96 0 27.681V2.32C0 1.04 1.015 0 2.262 0h19.476zm2.844 16.004l.227.007c.823.053 1.589.39 2.176.964.64.627.993 1.46.993 2.349 0 .888-.353 1.722-.993 2.348l-6.83 6.665c-.11.108-.247.186-.397.226l-5.032 1.363c-.078.021-.16.032-.241.032-.242 0-.478-.097-.647-.266-.23-.231-.314-.566-.218-.874l1.49-4.798c.044-.139.122-.266.227-.369l6.844-6.677c.64-.625 1.493-.97 2.401-.97zm-2.886 3.94l-4.922 4.802-.947 3.048 3.22-.872 4.897-4.78-2.248-2.197zm2.887-2.174c-.425 0-.824.162-1.124.455l-.484.472 2.248 2.197.484-.472c.62-.606.62-1.591 0-2.197l-.117-.104c-.283-.227-.636-.35-1.007-.35zm-10.839.022c.498 0 .904.396.904.883 0 .488-.406.884-.904.884H5.946c-.499 0-.904-.396-.904-.884 0-.487.405-.883.904-.883zm5.042-4.876c.498 0 .904.397.904.884s-.406.884-.904.884H5.946c-.499 0-.904-.397-.904-.884s.405-.884.904-.884zm0-4.875c.498 0 .904.396.904.884 0 .487-.406.883-.904.883H5.946c-.499 0-.904-.396-.904-.883 0-.488.405-.884.904-.884z" fill="#EB0203" fill-rule="evenodd"></path></svg>
                    </span>
                    <div class="available-note d-none"></div>
                    </a>
                    </div>
                    </div>
                    </template>
                    <div class="measurement-unit-section" v-if="isPriceAvailable &amp;&amp; prodUnits ? prodUnits.hasAlternativeUnit : false">
                    <div class="ct-form-radio" @click="setDimension">
                    <input type="radio" title="" class="ct-form-check-input product-measurement-unit" :data-type="prodUnits.selectedUnit == prodUnits.secondaryUnit ? 'primary' : ''" :id="prodUnits.secondaryUnit + '-' + pid + '-measurement-unit-ptile' + additionalTag" :name="'measurement-unit-' + pid + '-ptile' + additionalTag" :value="prodUnits.secondaryUnit" v-model="prodUnits.selectedUnit">
                    <label :class="prodUnits.secondaryUnit + '-label ct-form-check-label mb-0'" :for="prodUnits.secondaryUnit + '-' + pid + '-measurement-unit-ptile' + additionalTag">
                    {{prodUnits.secondaryUnit}}
                    </label>
                    <span class="checkmark"></span>
                    </div>
                    <div class="ct-form-radio" @click="setDimension">
                    <input type="radio" title="" class="ct-form-check-input product-measurement-unit" :data-type="prodUnits.selectedUnit == prodUnits.primaryUnit ? 'primary' : ''" :id="prodUnits.primaryUnit + '-' + pid + '-measurement-unit-ptile' + additionalTag" :name="'measurement-unit-' + pid + '-ptile' + additionalTag" :value="prodUnits.primaryUnit" v-model="prodUnits.selectedUnit">
                    <label :class="prodUnits.primaryUnit + '-label ct-form-check-label mb-0'" :for="prodUnits.primaryUnit + '-' + pid + '-measurement-unit-ptile' + additionalTag">
                    {{prodUnits.primaryUnit}}
                    </label>
                    <span class="checkmark"></span>
                    </div>
                    </div>
                    <template v-if="!isPDP &amp;&amp; isPriceAvailable">
                    <span class="quantity-error ct-span-error product-max-allocation" v-if="isMaxQtyReached">
                    Quantidade máxima atingida
                    </span>
                    <span class="quantity-error ct-span-product product-allocation" v-if="!isMinQtyReached &amp;&amp; !isMaxQtyReached">
                    {{quantitySelected}} no carrinho
                    </span>
                    <span class="quantity-error ct-span-error product-min-allocation" :data-pid="pid" v-if="isMinQtyReached &amp;&amp; !isMaxQtyReached">
                    Quantidade mínima atingida
                    </span>
                    </template>
                    </template>
                    </div>
                    <input class="quantity-value-mask d-none" name="quantity" type="number" min="0" value="">
                    </div>
                    <button type="button" class="add-to-cart button js-add-to-cart js-add-to-cart-tile 3002456 button--primary dynamic-layout-btn" data-toggle="modal" data-target="#chooseBonusProductModal" data-pid="3002456" data-quantity-value="null" aria-label="Carrinho">
                    <span class="d-block d-sm-none">
                    <span class="svg-wrapper svg-icon-cart" style="width:20px; height:20px">
                    <svg class="svg-inline icon-cart" xmlns="http://www.w3.org/2000/svg" viewBox="0 0 500 500" width="100%" height="100%"><path fill="#EB0203" fill-rule="evenodd" d="M 485.67317,94.386311 C 476.37798,83.847129 463.09468,78.03348 448.30404,78.03348 H 90.690813 L 87.079511,51.327997 C 83.185582,22.539551 62.962285,0 41.011841,0 H 14.727836 C 6.563151,0 0,6.5286975 0,14.580758 c 0,8.05206 6.5945535,14.580758 14.727836,14.580758 h 26.284005 c 4.710398,0 14.696435,9.855222 16.894619,26.021523 L 100.01739,368.0631 c 1.88416,13.77244 9.01256,26.70549 20.1605,36.37417 8.25889,7.15046 18.02511,11.9071 28.26237,13.89679 -4.17655,7.58572 -6.53175,16.25957 -6.53175,25.493 0,29.53459 24.27424,53.59751 54.13815,53.59751 29.8325,0 54.13814,-24.03184 54.13814,-53.59751 0,-8.79818 -2.19818,-17.09897 -5.9979,-24.43598 h 77.12488 c -3.79973,7.33701 -5.96652,15.6378 -5.96652,24.43598 0,29.53459 24.27424,53.59751 54.13817,53.59751 29.83249,0 54.13814,-24.03184 54.13814,-53.59751 0,-8.79818 -2.1982,-17.09897 -5.9979,-24.43598 h 38.56243 c 8.13328,0 14.72783,-6.5287 14.72783,-14.61183 0,-8.02098 -6.59455,-14.54967 -14.72783,-14.54967 H 159.24277 c -14.38241,0 -28.13677,-11.90711 -30.02092,-26.02153 l -3.07746,-22.88154 h 290.6314 c 14.03698,0 27.94834,-5.28513 39.06488,-14.95381 11.11652,-9.6376 18.27632,-22.57065 20.16048,-36.37417 l 21.10259,-156.78201 c 1.94694,-14.51858 -2.10398,-28.29103 -11.43057,-38.861299 z M 220.76053,443.82706 c 0,13.49265 -11.08513,24.46709 -24.68247,24.46709 -13.62874,0 -24.71387,-10.97444 -24.71387,-24.46709 0,-13.49262 11.08513,-24.43598 24.71387,-24.43598 13.59734,0 24.68247,10.94336 24.68247,24.43598 z m 173.43675,0 c 0,13.49265 -11.08512,24.46709 -24.68245,24.46709 -13.62876,0 -24.71388,-10.97444 -24.71388,-24.46709 0,-13.49262 11.08512,-24.43598 24.71388,-24.43598 13.59733,0 24.68245,10.94336 24.68245,24.43598 z m 73.7648,-314.46558 -21.13397,156.782 c -1.88416,14.11442 -15.63851,26.05261 -30.02091,26.05261 H 122.25046 L 94.616142,107.19499 H 448.33544 c 6.18632,0 11.61896,2.2695 15.23028,6.37326 3.64269,4.13484 5.21283,9.73086 4.39636,15.79323 z"></path></svg>
                    </span>
                    </span>
                    <span class="add-to-cart--text d-none d-sm-block">Carrinho</span>
                    </button>
                    </div>
                    </div>
                    </div>
                    </div>
                    
                    <div class="col-12 d-sm-none">
                    </div>
                    </div>
                    </div>
                    </div>
                    </div>
                    <div class="col-12 grid-footer" data-sort-options="{&quot;options&quot;:[{&quot;displayName&quot;:&quot;Relevância&quot;,&quot;id&quot;:&quot;search-relevance&quot;,&quot;url&quot;:&quot;https://www.continente.pt/on/demandware.store/Sites-continente-Site/default/Search-UpdateGrid?cgid=refeicoes-faceis&amp;pmin=0.01&amp;srule=Continente&amp;start=0&amp;sz=36&quot;},{&quot;displayName&quot;:&quot;Preço (menor)&quot;,&quot;id&quot;:&quot;price-low-to-high&quot;,&quot;url&quot;:&quot;https://www.continente.pt/on/demandware.store/Sites-continente-Site/default/Search-UpdateGrid?cgid=refeicoes-faceis&amp;pmin=0.01&amp;srule=price-low-to-high&amp;start=0&amp;sz=36&quot;},{&quot;displayName&quot;:&quot;Preço (maior)&quot;,&quot;id&quot;:&quot;price-high-to-low&quot;,&quot;url&quot;:&quot;https://www.continente.pt/on/demandware.store/Sites-continente-Site/default/Search-UpdateGrid?cgid=refeicoes-faceis&amp;pmin=0.01&amp;srule=price-high-to-low&amp;start=0&amp;sz=36&quot;},{&quot;displayName&quot;:&quot;Preço/capacidade&quot;,&quot;id&quot;:&quot;price-per-capacity&quot;,&quot;url&quot;:&quot;https://www.continente.pt/on/demandware.store/Sites-continente-Site/default/Search-UpdateGrid?cgid=refeicoes-faceis&amp;pmin=0.01&amp;srule=price-per-capacity&amp;start=0&amp;sz=36&quot;},{&quot;displayName&quot;:&quot;Nome (A a Z)&quot;,&quot;id&quot;:&quot;product-name-ascending&quot;,&quot;url&quot;:&quot;https://www.continente.pt/on/demandware.store/Sites-continente-Site/default/Search-UpdateGrid?cgid=refeicoes-faceis&amp;pmin=0.01&amp;srule=product-name-ascending&amp;start=0&amp;sz=36&quot;},{&quot;displayName&quot;:&quot;Nome (Z a A)&quot;,&quot;id&quot;:&quot;product-name-descending&quot;,&quot;url&quot;:&quot;https://www.continente.pt/on/demandware.store/Sites-continente-Site/default/Search-UpdateGrid?cgid=refeicoes-faceis&amp;pmin=0.01&amp;srule=product-name-descending&amp;start=0&amp;sz=36&quot;}],&quot;ruleId&quot;:&quot;FRESH-Take-Away&quot;}" data-page-size="36.0" data-page-number="0" data-base-url="https://www.continente.pt/on/demandware.store/Sites-continente-Site/default/Search-UpdateGrid" data-total-count="693">
                    <div class="search-results-products-counter d-flex justify-content-center">36 de 693 produtos</div>
                    <div class="search-view-more-products-spinner-wrapper js-loading-spinner d-none">
                    <img src="/on/demandware.static/Sites-continente-Site/-/default/dwa85daf5e/images/icons/logo-grey-animation.svg" class="load-logo" alt="A carregar">
                    </div>
                    <div class="search-view-more-products-btn-wrapper infinite-scroll-placeholder" data-url="https://www.continente.pt/on/demandware.store/Sites-continente-Site/default/Search-UpdateGrid?cgid=refeicoes-faceis&amp;pmin=0%2e01&amp;start=36&amp;sz=36">
                    <button class="button button--secondary search-view-more-products-button js-show-more-products">Ver mais produtos</button>
                    </div>
                    <input type="hidden" class="permalink" value="https://www.continente.pt/refeicoes-faceis/?pmin=0.01&amp;start=0&amp;sz=36">
                     <input type="hidden" class="category-id" value="refeicoes-faceis">
                    </div>
                    </div>
                    <div class="search-results-bottom-advertising-banner ct-overflow-hidden">
                    <div id="col-search-bottom-advertising-banner" class="text-center ct-mb--30 ct-mt--30" data-gtm-banner-prefix="category" style="">
                    <div id="ad-banner-clp-bottom" class="gpt-contents" data-unitpath="21868577187/OSF_CPL_Bottom_TakeAway" data-size="[[970, 90],[[[1280, 540],[970, 90]],[[768,500],[728, 90]],[[320,240],[290, 100]]]]" data-google-query-id="CMSI89bh_foCFRPUGwod1XcNAQ">
                    <div id="google_ads_iframe_21868577187/OSF_CPL_Bottom_TakeAway_0__container__" style="border: 0pt none;"><iframe id="google_ads_iframe_21868577187/OSF_CPL_Bottom_TakeAway_0" name="google_ads_iframe_21868577187/OSF_CPL_Bottom_TakeAway_0" title="3rd party ad content" width="100%" height="90" scrolling="no" marginwidth="0" marginheight="0" frameborder="0" role="region" aria-label="Advertisement" tabindex="0" data-load-complete="true" data-google-container-id="5" style="border: 0px; vertical-align: bottom; max-width: 970px;"></iframe></div></div>
                    </div>
                    </div>
                    </div>
                    </div>